{"host":"farxtl2u8hmkbdo2","time":1610939510,"event":{"mods":["A Magickal Journey","BaseMod","Challenge The Spire","Colored Map","Colored Powertips","Current Relic Mod","Energized Spire","Gremlin Mod","Hubris","Mimic Mod","Minty Spire (QoL Compilation)","Quick Restart","READ ME - Guardian Mod","READ ME - Snecko Mod","StSLib","The Bladedancer","The Bug Knight","The Disciple","The Elementalist","The Factory","The Necromancer","The Runesmith"],"gold_per_floor":[363,378,8,8,48,83,83,117,117,131,146,146,181,281,281,384,434,447,447,807,827,398,426,436,436,469,469,12,12,111,130,130,230,230,247,265,13,13,33,67,67,101,155,174,174,45,61,91,91,191,191],"floor_reached":50,"language":"SPA","playtime":3385,"items_purged":["HollowMod:QuickDashStart","hubris:Insight","HollowMod:NailStrikeStart"],"score":698,"play_id":"f16adf5f-7691-495f-b091-9f1b4af69538","local_time":"20210118001150","is_ascension_mode":true,"campfire_choices":[{"data":"HollowMod:QuirrelsAssistance","floor":7.0,"key":"SMITH"},{"data":"HollowMod:FocusHealStart","floor":12.0,"key":"SMITH"},{"data":"HollowMod:MonarchWings","floor":15.0,"key":"SMITH"},{"floor":27.0,"key":"REST"},{"data":"HollowMod:SlysStrikes","floor":29.0,"key":"SMITH"},{"data":"HollowMod:NewGlowingWomb","floor":32.0,"key":"SMITH"},{"floor":45.0,"key":"REST"},{"floor":49,"key":"REST"}],"circlet_count":0,"master_deck":["HollowMod:NailStrikeStart","HollowMod:NailStrikeStart","HollowMod:NailStrikeStart","HollowMod:QuickDashStart","HollowMod:QuickDashStart","HollowMod:QuickDashStart","HollowMod:FocusHealStart+1","HollowMod:PogoStrike+1","HollowMod:MonarchWings+1","HollowMod:QuirrelsAssistance+1","HollowMod:DashSlash+1","HollowMod:CycloneSlash+1","HollowMod:FallenFury+1","HollowMod:LifebloodCore","HollowMod:SiblingsSouls","HollowMod:HowlingWraiths+1","HollowMod:InfectedCysts+1","HollowMod:HornetsHelp+1","HollowMod:SoulVessel","HollowMod:CycloneSlash+1","Dramatic Entrance+1","Purity","HollowMod:NewGlowingWomb+1","HollowMod:PureNailStrike+1","HollowMod:ChannelNail","HollowMod:SlysStrikes+1","HollowMod:DesolateDive+1","HollowMod:NewJinnsSoul","HollowMod:NewGlowingWomb+1","HollowMod:DashSlash+1","HollowMod:LifebloodCore","HollowMod:GoodIntentions+1","HollowMod:MawleksShell+1","HollowMod:MonarchWings+1","HollowMod:GoodIntentions+1","HollowMod:GrimmsGift","HollowMod:NewLittleFool+1"],"relics":["HollowMod:VesselMask","Molten Egg 2","Toy Ornithopter","Smiling Mask","Art of War","Anchor","Darkstone Periapt","Tiny House","Sundial","Bronze Scales","Akabeko","HollowMod:LumaflyLanternRelic","Nunchaku","Strawberry","energizedSpire:DeadBattery","Regal Pillow","hubris:Icosahedron","Singing Bowl","hubris:Reverence","Happy Flower","Torii"],"acts_visited":["Exordium","TheCity","TheBeyond"],"potions_floor_usage":[47,48,48],"damage_taken":[{"damage":0.0,"enemies":"Small Slimes","floor":1.0,"turns":4.0},{"damage":0.0,"enemies":"Jaw Worm","floor":2.0,"turns":5.0},{"damage":13.0,"enemies":"Cultist","floor":5.0,"turns":8.0},{"damage":29.0,"enemies":"Gremlin Nob","floor":6.0,"turns":5.0},{"damage":13.0,"enemies":"3 Sentries","floor":8.0,"turns":6.0},{"damage":0.0,"enemies":"Cultist","floor":10.0,"turns":3.0},{"damage":0.0,"enemies":"Looter","floor":11.0,"turns":3.0},{"damage":5.0,"enemies":"Lagavulin","floor":13.0,"turns":5.0},{"damage":64.0,"enemies":"The Guardian","floor":16.0,"turns":11.0},{"damage":0.0,"enemies":"2 Thieves","floor":18.0,"turns":3.0},{"damage":1.0,"enemies":"Spheric Guardian","floor":21.0,"turns":3.0},{"damage":12.0,"enemies":"Slavers","floor":23.0,"turns":2.0},{"damage":0.0,"enemies":"3 Cultists","floor":24.0,"turns":4.0},{"damage":11.0,"enemies":"Snake Plant","floor":26.0,"turns":5.0},{"damage":21.0,"enemies":"Snake Plant","floor":31.0,"turns":3.0},{"damage":56.0,"enemies":"hubris:MusketHawk","floor":33.0,"turns":10.0},{"damage":0.0,"enemies":"3 Shapes","floor":35.0,"turns":2.0},{"damage":0.0,"enemies":"Orb Walker","floor":36.0,"turns":3.0},{"damage":10.0,"enemies":"4 Shapes","floor":39.0,"turns":3.0},{"damage":18.0,"enemies":"Reptomancer","floor":40.0,"turns":5.0},{"damage":72.0,"enemies":"Nemesis","floor":42.0,"turns":7.0},{"damage":10.0,"enemies":"Maw","floor":44.0,"turns":9.0},{"damage":53,"enemies":"Transient","floor":47,"turns":5},{"damage":28,"enemies":"Giant Head","floor":48,"turns":10},{"damage":76,"enemies":"Donu and Deca","floor":50,"turns":9}],"seed_played":"-8836962233893543996","potions_obtained":[{"floor":10.0,"key":"Dexterity Potion"},{"floor":11.0,"key":"FearPotion"},{"floor":13.0,"key":"GamblersBrew"},{"floor":16.0,"key":"LiquidBronze"},{"floor":17.0,"key":"Fruit Juice"},{"floor":18.0,"key":"Strength Potion"},{"floor":24.0,"key":"AttackPotion"},{"floor":35.0,"key":"Swift Potion"},{"floor":39.0,"key":"SteroidPotion"},{"floor":42.0,"key":"CultistPotion"},{"floor":44.0,"key":"Ancient Potion"}],"is_trial":false,"path_per_floor":["M","M","$","?","MIM","E","R","E","T","M","M","R","E","?","R","B",null,"M","?","?","M","$","E","M","T","MIM","R","$","R","?","M","R","B",null,"M","M","$","?","M","E","?","E","T","M","R","$","M","E","R","B"],"character_chosen":"THE_BUGKNIGHT","items_purchased":["Molten Egg 2","HollowMod:DashSlash+1","Sundial","HollowMod:PureNailStrike+1","HollowMod:ChannelNail","SkillPotion","Nunchaku","Strawberry","ColorlessPotion","HollowMod:NewGlowingWomb","Regal Pillow","ColorlessPotion","Block Potion","HollowMod:GrimmsGift","BlessingOfTheForge"],"campfire_rested":3,"item_purchase_floors":[3,3,22,22,22,22,28,28,28,28,37,37,37,46,46],"current_hp_per_floor":[60,70,70,70,64,41,41,34,34,40,46,46,58,58,58,6,80,85,85,28,27,27,25,25,25,19,44,51,51,51,40,40,4,92,92,92,92,92,82,88,88,22,22,20,63,63,23,25,69,0,0],"gold":191,"neow_bonus":"TWO_FIFTY_GOLD","is_daily":false,"chose_seed":false,"campfire_upgraded":5,"win_rate":0.0,"timestamp":1610939510,"path_taken":["M","M","$","?","?","E","R","E","T","?","M","R","E","?","R","BOSS","M","?","?","?","$","E","M","?","MIM","R","$","R","?","M","R","BOSS","M","M","$","?","M","E","?","E","T","M","R","?","M","E","R","BOSS"],"items_purchased_type":["Relic","Card","Relic","Card","Card","Potion","Relic","Relic","Potion","Card","Relic","Potion","Potion","Card","Potion"],"build_version":"2020-12-22","purchased_purges":3,"victory":false,"max_hp_per_floor":[75,75,75,75,75,75,75,75,75,75,75,75,75,75,75,75,80,85,85,85,85,85,85,85,85,85,85,92,92,92,92,92,92,92,92,92,92,92,92,94,94,94,94,96,96,96,98,98,98,98,98],"card_choices":[{"not_picked":["HollowMod:SharpenedNail","HollowMod:InfectedAttack"],"picked":"HollowMod:MonarchWings","floor":1.0},{"not_picked":["HollowMod:SharpenedShadows","HollowMod:PureNailStrike"],"picked":"HollowMod:QuirrelsAssistance","floor":2.0},{"not_picked":["HollowMod:WraithStrike+1","HollowMod:PerfectDash"],"picked":"HollowMod:CycloneSlash+1","floor":5.0},{"not_picked":["HollowMod:VengefulVoid+1","HollowMod:SiblingsSouls"],"picked":"HollowMod:FallenFury+1","floor":6.0},{"not_picked":["HollowMod:NewJinnsSoul","HollowMod:PerfectDash"],"picked":"HollowMod:LifebloodCore","floor":8.0},{"not_picked":["HollowMod:SoulEater","HollowMod:AbyssShriek+1"],"picked":"HollowMod:SiblingsSouls","floor":10.0},{"not_picked":["HollowMod:VengefulVoid+1","HollowMod:SoulSplash"],"picked":"HollowMod:HowlingWraiths+1","floor":11.0},{"not_picked":["HollowMod:Grubsong","HollowMod:SiblingsSouls"],"picked":"HollowMod:InfectedCysts+1","floor":13.0},{"not_picked":["HollowMod:ZotesMagnificence+1","HollowMod:Weaversong"],"picked":"HollowMod:HornetsHelp+1","floor":16.0},{"not_picked":["HollowMod:SiblingsShadow","HollowMod:DescendingDark+1"],"picked":"HollowMod:SoulVessel","floor":17.0},{"not_picked":["HollowMod:LifebloodCocoon","HollowMod:TaintedHusks"],"picked":"HollowMod:CycloneSlash+1","floor":18.0},{"not_picked":["HollowMod:SoulStrike+1","HollowMod:WraithStrike+1"],"picked":"HollowMod:NewGlowingWomb+1","floor":21.0},{"not_picked":["HollowMod:VengefulVoid+1","HollowMod:CornifersMapStart"],"picked":"HollowMod:SlysStrikes","floor":23.0},{"not_picked":["HollowMod:CornifersMapStart","HollowMod:ChannelNail"],"picked":"HollowMod:DesolateDive+1","floor":24.0},{"not_picked":["HollowMod:QuirrelsAssistance+1","HollowMod:DesolateDive+1"],"picked":"HollowMod:NewJinnsSoul","floor":26.0},{"not_picked":["HollowMod:SoulStrike+1","HollowMod:LifebloodCocoon"],"picked":"HollowMod:DashSlash+1","floor":31.0},{"not_picked":["HollowMod:theNailsmith","HollowMod:ElderbugsWisdom"],"picked":"HollowMod:LifebloodCore","floor":33.0},{"not_picked":["HollowMod:RecoilStrike+1","HollowMod:HowlingWraiths+1"],"picked":"HollowMod:GoodIntentions+1","floor":35.0},{"not_picked":["HollowMod:CornifersMapStart","HollowMod:VengefulVoid+1"],"picked":"HollowMod:MawleksShell","floor":36.0},{"not_picked":["HollowMod:DescendingDark+1","HollowMod:MawleksShell"],"picked":"HollowMod:MonarchWings+1","floor":39.0},{"not_picked":["HollowMod:ElderbugsWisdom","HollowMod:SiblingsShadow+1","HollowMod:DreamGate"],"picked":"Singing Bowl","floor":40.0},{"not_picked":["HollowMod:DashSlash+1","HollowMod:DesolateDive+1"],"picked":"HollowMod:GoodIntentions+1","floor":42.0},{"not_picked":["HollowMod:GoodIntentions","HollowMod:SharpenedShadows","HollowMod:RecoilStrike+1"],"picked":"Singing Bowl","floor":44.0},{"not_picked":["HollowMod:GoodIntentions+1","HollowMod:CycloneSlash+1","HollowMod:ShadowDash"],"picked":"Singing Bowl","floor":47},{"not_picked":["HollowMod:WraithStrike+1","HollowMod:CycloneSlash+1"],"picked":"HollowMod:NewLittleFool+1","floor":48}],"player_experience":1876598,"relics_obtained":[{"floor":5.0,"key":"Toy Ornithopter"},{"floor":6.0,"key":"Smiling Mask"},{"floor":8.0,"key":"Art of War"},{"floor":9.0,"key":"Anchor"},{"floor":13.0,"key":"Darkstone Periapt"},{"floor":23.0,"key":"Bronze Scales"},{"floor":25.0,"key":"Akabeko"},{"floor":26.0,"key":"HollowMod:LumaflyLanternRelic"},{"floor":40.0,"key":"Singing Bowl"},{"floor":42.0,"key":"hubris:Reverence"},{"floor":43.0,"key":"Happy Flower"},{"floor":48,"key":"Torii"}],"event_choices":[{"damage_healed":0.0,"max_hp_gain":0.0,"max_hp_loss":0.0,"gold_gain":100.0,"event_name":"Golden Shrine","player_choice":"Pray","floor":14.0,"gold_loss":0.0,"damage_taken":0.0},{"damage_healed":0.0,"max_hp_gain":0.0,"max_hp_loss":0.0,"gold_gain":0.0,"event_name":"Ghosts","player_choice":"Ignored","floor":19.0,"gold_loss":0.0,"damage_taken":0.0},{"damage_healed":0.0,"max_hp_gain":0.0,"max_hp_loss":0.0,"gold_gain":360.0,"event_name":"Knowing Skull","player_choice":"GOLD GOLD GOLD GOLD CARD CARD CARD ","floor":20.0,"potions_obtained":[],"gold_loss":0.0,"damage_taken":57.0,"cards_obtained":["Dramatic Entrance","Purity","hubris:Insight"]},{"damage_healed":0.0,"max_hp_gain":0.0,"max_hp_loss":0.0,"gold_gain":99.0,"event_name":"Nest","player_choice":"Stole From Cult","floor":30.0,"gold_loss":0.0,"damage_taken":0.0}],"is_beta":false,"boss_relics":[{"not_picked":["Velvet Choker","energizedSpire:CursedPentagram"],"picked":"Tiny House"},{"not_picked":["Black Star","Runic Pyramid"],"picked":"energizedSpire:DeadBattery"}],"items_purged_floors":[3,22,28],"is_endless":false,"potions_floor_spawned":[10,11,13,16,18,24,35,39,42,44],"killed_by":"Donu and Deca","ascension_level":2}}