{"host":"wj6vwlg8bkoql3lv","time":1610991876,"event":{"mods":["BaseMod","Colored Map","Downfall","Duelist Mod","GifTheSpireLib","Hermit","Jorbs\u0027s Wanderer Trilogy","Marisa????????","Minty Spire (QoL Compilation)","StSLib","The Bug Knight","The Cursed","The Disciple","The Hierophant","The Marked","The Runesmith","The Senshi","The Servant 0.9.4"],"gold_per_floor":[109,122,138,155,166,201,213,213,213,213,227,227,227,227,227,326,326,342,365,381,398,398,398,431,443,443],"floor_reached":25,"language":"ENG","playtime":2937,"items_purged":[],"score":252,"play_id":"68ea1a32-5fe6-4ba3-a739-5057fae85140","local_time":"20210118174436","is_ascension_mode":false,"campfire_choices":[{"data":"theSenshi:CrisisMakeUp","floor":8,"key":"SMITH"},{"floor":10,"key":"REST"},{"data":"theSenshi:MoonsReflection","floor":12,"key":"SMITH"},{"data":"theSenshi:InTheNameOfTheMoon","floor":15,"key":"SMITH"},{"floor":23,"key":"REST"}],"circlet_count":0,"master_deck":["theSenshi:SailorKick","theSenshi:SailorKick","theSenshi:SailorKick","theSenshi:SailorKick","theSenshi:SailorBlock","theSenshi:SailorBlock+1","theSenshi:SailorBlock","theSenshi:SailorBlock","theSenshi:RoseThrow","theSenshi:MoonPrismPowerMakeUp","theSenshi:SailorMarsAssists","theSenshi:TuxedoSmokingBomber","theSenshi:Sidestep+1","theSenshi:InTheNameOfTheMoon+1","theSenshi:SchoolBag","theSenshi:SteeledNerves","theSenshi:CrisisMakeUp+1","theSenshi:MoonsReflection+1","theSenshi:MoonGorgeousMeditation","theSenshi:MoonPunch","theSenshi:Sidestep+1","theSenshi:MoonCrisisMakeUp","theSenshi:InTheNickOfTime"],"relics":["theSenshi:TransformationBroochRelic","NeowsBlessing","Bronze Scales","Runesmith:Nanobots","Bag of Marbles","Black Star","Ancient Tea Set","Pear","War Paint"],"acts_visited":["Exordium","TheCity"],"potions_floor_usage":[5,6],"damage_taken":[{"damage":0,"enemies":"Small Slimes","floor":1,"turns":1},{"damage":0,"enemies":"Cultist","floor":2,"turns":1},{"damage":0,"enemies":"Jaw Worm","floor":3,"turns":1},{"damage":6,"enemies":"2 Fungi Beasts","floor":4,"turns":3},{"damage":4,"enemies":"Large Slime","floor":5,"turns":4},{"damage":24,"enemies":"3 Sentries","floor":6,"turns":8},{"damage":8,"enemies":"3 Louse","floor":7,"turns":4},{"damage":3,"enemies":"Exordium Thugs","floor":11,"turns":4},{"damage":47,"enemies":"The Guardian","floor":16,"turns":14},{"damage":2,"enemies":"3 Byrds","floor":18,"turns":5},{"damage":11,"enemies":"Centurion and Healer","floor":20,"turns":6},{"damage":13,"enemies":"Snecko","floor":21,"turns":7},{"damage":24,"enemies":"theDuelist:KaibaA2","floor":24,"turns":7},{"damage":38,"enemies":"3 Cultists","floor":25,"turns":7}],"seed_played":"-865582103570417699","potions_obtained":[{"floor":3,"key":"LiquidBronze"},{"floor":4,"key":"AttackPotion"},{"floor":7,"key":"hexamod:SoulburnPotion"},{"floor":24,"key":"SteroidPotion"}],"is_trial":false,"path_per_floor":["M","M","M","M","M","E","M","R","T","R","M","R","?","?","R","B",null,"M","T","M","M","?","R","E","M"],"character_chosen":"THE_SENSHI","items_purchased":[],"campfire_rested":2,"item_purchase_floors":[],"current_hp_per_floor":[75,75,75,69,65,41,33,33,33,55,52,52,52,52,52,5,75,73,73,62,49,35,59,45,7,7],"gold":443,"neow_bonus":"THREE_ENEMY_KILL","is_daily":false,"chose_seed":false,"campfire_upgraded":3,"win_rate":0.0,"timestamp":1610991876,"path_taken":["M","M","M","M","M","E","M","R","T","R","M","R","?","?","R","BOSS","M","?","M","M","?","R","E","M"],"items_purchased_type":[],"build_version":"2020-12-22","purchased_purges":0,"victory":false,"max_hp_per_floor":[75,75,75,75,75,75,75,75,75,75,75,75,75,75,75,75,75,75,75,75,75,80,80,90,90,90],"card_choices":[{"not_picked":["theSenshi:EncouragingSpeech","theSenshi:SailorMercuryAssists"],"picked":"theSenshi:SailorMarsAssists","floor":1},{"not_picked":["theSenshi:MoonSpiralHeartAttack","theSenshi:SailorMercuryAssists"],"picked":"theSenshi:TuxedoSmokingBomber","floor":2},{"not_picked":["theSenshi:TallSilhouette","theSenshi:LunasBite"],"picked":"theSenshi:Sidestep","floor":3},{"not_picked":["theSenshi:MoonsReflection","theSenshi:MoonPrincessHalation"],"picked":"theSenshi:InTheNameOfTheMoon","floor":4},{"not_picked":["theSenshi:YouCanTalk","theSenshi:SailorStarMakerAssists"],"picked":"theSenshi:SchoolBag","floor":5},{"not_picked":["theSenshi:SailorChibiMoonAssists","theSenshi:NeptunesGrace"],"picked":"theSenshi:SteeledNerves","floor":6},{"not_picked":["theSenshi:NeptunesGrace","theSenshi:MercurysCunning"],"picked":"theSenshi:CrisisMakeUp","floor":7},{"not_picked":["theSenshi:MoonTiaraMagic","theSenshi:TuxedoMaskAssists"],"picked":"theSenshi:MoonsReflection","floor":11},{"not_picked":["theSenshi:InTheNameOfTheMoon","theSenshi:FatedKiss"],"picked":"theSenshi:MoonGorgeousMeditation","floor":16},{"not_picked":["theSenshi:MoonPrincessHalation","theSenshi:OdangoHead+1"],"picked":"theSenshi:MoonPunch","floor":18},{"not_picked":["theSenshi:EncouragingSpeech","theSenshi:TallSilhouette+1"],"picked":"theSenshi:Sidestep+1","floor":20},{"not_picked":["theSenshi:LunasBite","theSenshi:SilverMoonCrystalPowerKiss"],"picked":"theSenshi:MoonCrisisMakeUp","floor":21},{"not_picked":["theSenshi:SteeledNerves+1","theSenshi:SupersonicWaves"],"picked":"theSenshi:InTheNickOfTime","floor":24},{"not_picked":["theSenshi:MercurysCunning","theSenshi:SupersonicWaves+1","theSenshi:SailorMercuryAssists"],"picked":"SKIP","floor":25}],"player_experience":56105,"relics_obtained":[{"floor":6,"key":"Bronze Scales"},{"floor":9,"key":"Runesmith:Nanobots"},{"floor":19,"key":"Ancient Tea Set"},{"floor":24,"key":"Pear"},{"floor":24,"key":"War Paint"}],"event_choices":[{"damage_healed":0,"gold_gain":0,"player_choice":"Ignored","damage_taken":0,"max_hp_gain":0,"max_hp_loss":0,"event_name":"Liars Game","floor":13,"gold_loss":0},{"damage_healed":0,"gold_gain":0,"player_choice":"Gave Potion","damage_taken":0,"relics_obtained":["Bag of Marbles"],"max_hp_gain":0,"max_hp_loss":0,"event_name":"WeMeetAgain","floor":14,"gold_loss":0},{"damage_healed":0,"gold_gain":0,"player_choice":"Shed Blood","damage_taken":19,"max_hp_gain":5,"max_hp_loss":0,"event_name":"Forgotten Altar","floor":22,"gold_loss":0}],"is_beta":false,"boss_relics":[{"not_picked":["Philosopher\u0027s Stone","Astrolabe"],"picked":"Black Star"}],"items_purged_floors":[],"is_endless":false,"potions_floor_spawned":[3,4,7,24],"killed_by":"3 Cultists","ascension_level":0}}