{"host":"9kesdg97wkrx2bva","time":1610933131,"event":{"mods":["AchievementEnabler","BaseMod","Colored Map","GifTheSpireLib","Infinite Spire","Minty Spire (QoL Compilation)","Replay The Spire","StSLib"],"gold_per_floor":[111,130,42,117,117,117,151,161,161,181,181,200,200,210,210,210,210],"floor_reached":16,"language":"ENG","playtime":535,"items_purged":["Injury"],"score":189,"play_id":"26067d8f-2014-4c20-a9d7-4d5d0ea3bcac","local_time":"20210117192531","is_ascension_mode":true,"campfire_choices":[{"data":"Zap","floor":6,"key":"SMITH"},{"data":"Dualcast","floor":13,"key":"SMITH"},{"floor":15,"key":"REST"}],"circlet_count":0,"master_deck":["AscendersBane","Strike_B","Strike_B","Strike_B","Defend_B","Defend_B","Defend_B","Zap+1","Dualcast+1","Master of Strategy","Go for the Eyes","Go for the Eyes","Melter","Loop","Rebound","Beam Cell","Streamline","FIFO Queue","Chaos"],"relics":["Cracked Core","ReplayTheSpireMod:CursedCoin","StrikeDummy","Replay:WaspNest"],"acts_visited":["Exordium"],"potions_floor_usage":[10,16,16],"damage_taken":[{"damage":3,"enemies":"2 Louse","floor":1,"turns":3},{"damage":2,"enemies":"Small Slimes","floor":2,"turns":4},{"damage":25,"enemies":"3 Sentries","floor":7,"turns":6},{"damage":0,"enemies":"Cultist","floor":8,"turns":2},{"damage":3,"enemies":"Large Slime","floor":10,"turns":3},{"damage":0,"enemies":"2 Fungi Beasts","floor":12,"turns":2},{"damage":3,"enemies":"Blue Slaver","floor":14,"turns":2},{"damage":52,"enemies":"Fading Forest","floor":16,"turns":9}],"seed_played":"5857623228382138677","potions_obtained":[{"floor":1,"key":"GamblersBrew"},{"floor":7,"key":"Adrenaline Potion"},{"floor":14,"key":"CultistPotion"}],"is_trial":false,"path_per_floor":["M","M","$","?","?","R","E","M","T","M","?","M","R","M","R","B"],"character_chosen":"DEFECT","items_purchased":["Melter","ReplayTheSpireMod:CursedCoin","Loop"],"campfire_rested":1,"item_purchase_floors":[3,3,3],"current_hp_per_floor":[61,59,59,48,48,48,23,23,23,20,20,20,20,17,36,0,0],"gold":210,"neow_bonus":"RANDOM_COLORLESS_2","is_daily":false,"chose_seed":false,"campfire_upgraded":2,"win_rate":0.0,"timestamp":1610933131,"path_taken":["M","M","$","?","?","R","E","M","T","M","?","M","R","?","R","BOSS"],"items_purchased_type":["Card","Relic","Card"],"build_version":"2020-12-22","purchased_purges":1,"victory":false,"max_hp_per_floor":[64,64,64,64,64,64,64,64,64,64,64,64,64,64,64,64,64],"card_choices":[{"not_picked":["Magnetism","ReplayTheSpireMod:Necrogeddon"],"picked":"Master of Strategy","floor":0},{"not_picked":["BasicCrystalCard","Leap"],"picked":"Go for the Eyes","floor":1},{"not_picked":["FIFO Queue","Chill"],"picked":"Go for the Eyes","floor":2},{"not_picked":["Coolheaded","Redo"],"picked":"Rebound","floor":7},{"not_picked":["Doom and Gloom","ReplayTheSpireMod:GoodbyeWorld"],"picked":"Beam Cell","floor":8},{"not_picked":["Steam","Fission"],"picked":"Streamline","floor":10},{"not_picked":["BasicCrystalCard","Lockon"],"picked":"FIFO Queue","floor":12},{"not_picked":["Blizzard","Turbo"],"picked":"Chaos","floor":14}],"player_experience":935926,"relics_obtained":[{"floor":7,"key":"StrikeDummy"},{"floor":9,"key":"Replay:WaspNest"}],"event_choices":[{"damage_healed":0,"gold_gain":75,"player_choice":"Gather Gold","damage_taken":11,"max_hp_gain":0,"max_hp_loss":0,"event_name":"World of Goop","floor":4,"gold_loss":0},{"cards_removed":["Strike_B"],"damage_healed":0,"gold_gain":0,"player_choice":"Purged","damage_taken":0,"max_hp_gain":0,"max_hp_loss":0,"event_name":"Purifier","floor":11,"gold_loss":0}],"is_beta":false,"boss_relics":[],"items_purged_floors":[3],"is_endless":false,"potions_floor_spawned":[1,7,14],"killed_by":"Fading Forest","ascension_level":17}}