{"host":"sav7uxregyirlf69","time":1610965337,"event":{"mods":["AchievementEnabler","BaseMod","Colored Map","DeckTracker","Keyboard Shortcuts","Minty Spire (QoL Compilation)","READ ME - Guardian Mod","StSLib","SuperFastMode"],"gold_per_floor":[113,38,38,48,48,48,64,83,83,83,117,117,130,158,158,231,231,241,241,241,291,291,322,322,335,411,429,108,108,122,132,132,203,203,218,243,261,261,50,82,100,132,200,200,212,225,225,242,242,242,242,242,242,92,127,127],"floor_reached":57,"language":"KOR","playtime":2593,"items_purged":["Decay","Strike_G","Quick Slash","Skewer+1"],"score":3109,"play_id":"2aaf8f11-5ebd-4b7c-a882-07ed4cf08af3","local_time":"20210118192217","is_ascension_mode":true,"campfire_choices":[{"data":"Skewer","floor":6,"key":"SMITH"},{"data":"Bouncing Flask","floor":10,"key":"SMITH"},{"data":"Adrenaline","floor":15,"key":"SMITH"},{"data":"Tactician","floor":24,"key":"SMITH"},{"floor":29,"key":"REST"},{"data":"Noxious Fumes","floor":32,"key":"SMITH"},{"data":"Footwork","floor":44,"key":"SMITH"},{"floor":49,"key":"RECALL"},{"data":"Backflip","floor":53,"key":"SMITH"}],"circlet_count":0,"master_deck":["AscendersBane","Survivor","Neutralize","Adrenaline+1","Backflip+1","Bouncing Flask+1","Tactician+1","Calculated Gamble","After Image","CurseOfTheBell","Prepared","Noxious Fumes+1","Malaise+1","Acrobatics+1","Acrobatics+1","Calculated Gamble+1","Venomology+1","After Image","Outmaneuver+1","Burst+1","Leg Sweep+1","Predator","Adrenaline+1","Concentrate+1","Blur+1","Calculated Gamble+1","Reflex+1","Footwork+1","Prepared+1","Escape Plan+1","Finesse+1","Finesse+1"],"relics":["Ring of the Snake","Toy Ornithopter","Bottled Lightning","Dream Catcher","Calling Bell","Tiny Chest","Pantograph","Bird Faced Urn","Toxic Egg 2","Mango","Regal Pillow","Pandora\u0027s Box","Girya","Bottled Tornado","Nunchaku","Letter Opener","Singing Bowl","Eternal Feather"],"acts_visited":["Exordium","TheCity","TheBeyond","TheEnding"],"potions_floor_usage":[11,23,23,30,33,33,37,40,41,42,45,46,48,50,55,56,56],"damage_taken":[{"damage":2,"enemies":"2 Louse","floor":1,"turns":2},{"damage":4,"enemies":"Small Slimes","floor":4,"turns":3},{"damage":1,"enemies":"Jaw Worm","floor":7,"turns":2},{"damage":2,"enemies":"3 Louse","floor":8,"turns":3},{"damage":5,"enemies":"3 Sentries","floor":11,"turns":6},{"damage":0,"enemies":"Blue Slaver","floor":13,"turns":3},{"damage":8,"enemies":"Gremlin Nob","floor":14,"turns":3},{"damage":15,"enemies":"The Guardian","floor":16,"turns":8},{"damage":11,"enemies":"Spheric Guardian","floor":18,"turns":4},{"damage":37,"enemies":"Book of Stabbing","floor":23,"turns":7},{"damage":28,"enemies":"Chosen","floor":25,"turns":5},{"damage":7,"enemies":"Shelled Parasite and Fungi","floor":27,"turns":7},{"damage":18,"enemies":"3 Cultists","floor":30,"turns":5},{"damage":11,"enemies":"Chosen and Byrds","floor":31,"turns":7},{"damage":34,"enemies":"Automaton","floor":33,"turns":11},{"damage":1,"enemies":"3 Shapes","floor":35,"turns":3},{"damage":0,"enemies":"Mind Bloom Boss Battle","floor":36,"turns":9},{"damage":0,"enemies":"3 Darklings","floor":37,"turns":6},{"damage":0,"enemies":"Nemesis","floor":40,"turns":9},{"damage":0,"enemies":"Transient","floor":41,"turns":6},{"damage":0,"enemies":"Reptomancer","floor":42,"turns":10},{"damage":0,"enemies":"Writhing Mass","floor":45,"turns":4},{"damage":0,"enemies":"4 Shapes","floor":46,"turns":1},{"damage":0,"enemies":"Sphere and 2 Shapes","floor":48,"turns":2},{"damage":0,"enemies":"Donu and Deca","floor":50,"turns":8},{"damage":0,"enemies":"Time Eater","floor":51,"turns":16},{"damage":0,"enemies":"Shield and Spear","floor":55,"turns":6},{"damage":6,"enemies":"The Heart","floor":56,"turns":12}],"seed_played":"1349855527028181015","potions_obtained":[{"floor":1,"key":"DistilledChaos"},{"floor":14,"key":"Fire Potion"},{"floor":16,"key":"Weak Potion"},{"floor":27,"key":"ColorlessPotion"},{"floor":55,"key":"LiquidBronze"}],"is_trial":false,"path_per_floor":["M","$","?","M","?","R","M","M","T","R","E","?","M","E","R","B",null,"M","?","?","?","T","E","R","M","T","M","$","R","M","M","R","B",null,"M","?","M","T","$","E","M","E","T","R","M","M","?","M","R","B","B",null,"R","$","E","B",null],"character_chosen":"THE_SILENT","items_purchased":["Regal Pillow","Energy Potion","Footwork"],"campfire_rested":1,"item_purchase_floors":[28,28,39],"current_hp_per_floor":[57,57,57,53,58,58,57,55,55,55,55,48,48,40,40,25,60,51,51,51,51,51,40,40,16,16,13,13,53,44,37,37,42,74,79,85,85,85,85,85,85,85,85,85,87,89,81,93,93,93,93,93,93,93,95,95],"gold":127,"neow_bonus":"TRANSFORM_TWO_CARDS","is_daily":false,"chose_seed":false,"campfire_upgraded":7,"win_rate":0.0,"timestamp":1610965337,"path_taken":["M","$","?","M","?","R","M","M","T","R","E","?","M","E","R","BOSS","M","?","?","?","?","E","R","M","T","?","?","R","M","M","R","BOSS","M","?","M","?","$","E","M","E","T","R","M","?","?","M","R","BOSS","BOSS","R","$","E","BOSS"],"items_purchased_type":["Relic","Potion","Card"],"build_version":"2020-12-22","purchased_purges":4,"victory":true,"max_hp_per_floor":[66,66,66,66,71,71,71,71,71,71,71,71,71,71,71,71,71,71,71,71,71,71,85,85,85,85,85,85,85,85,85,85,85,85,85,85,85,85,85,85,85,85,85,85,87,89,91,93,93,93,93,93,93,93,95,95],"card_choices":[{"not_picked":["Backflip","Concentrate"],"picked":"Quick Slash","floor":1},{"not_picked":["Underhanded Strike","PiercingWail","Flying Knee"],"picked":"SKIP","floor":4},{"not_picked":["Slice","PiercingWail"],"picked":"Backflip","floor":7},{"not_picked":["Expertise","Heel Hook"],"picked":"Bouncing Flask","floor":8},{"not_picked":["Slice","Outmaneuver"],"picked":"Tactician","floor":11},{"not_picked":["Grand Finale","Dodge and Roll","Skewer"],"picked":"SKIP","floor":13},{"not_picked":["Escape Plan","Slice"],"picked":"Calculated Gamble","floor":14},{"not_picked":["Adrenaline","Phantasmal Killer"],"picked":"After Image","floor":16},{"not_picked":["Bane","Cloak And Dagger"],"picked":"Prepared","floor":18},{"not_picked":["Deflect+1","Setup+1"],"picked":"Noxious Fumes","floor":23},{"not_picked":["Slice","Prepared+1"],"picked":"Malaise+1","floor":25},{"not_picked":["Bane","Dagger Throw"],"picked":"Acrobatics+1","floor":27},{"not_picked":["Footwork","Backflip+1"],"picked":"Acrobatics+1","floor":29},{"not_picked":["Blade Dance+1","Backflip+1"],"picked":"Calculated Gamble+1","floor":30},{"not_picked":["Poisoned Stab","Infinite Blades"],"picked":"Venomology+1","floor":31},{"not_picked":["Grand Finale","Corpse Explosion+1"],"picked":"After Image","floor":33},{"not_picked":["Terror+1","Riddle With Holes"],"picked":"Blur+1","floor":35},{"not_picked":["Deflect+1","Dagger Spray"],"picked":"Calculated Gamble+1","floor":36},{"not_picked":["Dagger Throw+1","Poisoned Stab"],"picked":"Reflex+1","floor":37},{"not_picked":["Calculated Gamble+1","Acrobatics+1"],"picked":"Prepared+1","floor":40},{"not_picked":["Deadly Poison+1","Leg Sweep+1"],"picked":"Escape Plan+1","floor":41},{"not_picked":["Predator","Dagger Throw","Concentrate+1"],"picked":"SKIP","floor":42},{"not_picked":["Deadly Poison+1","Heel Hook","Outmaneuver+1"],"picked":"Singing Bowl","floor":45},{"not_picked":["Prepared+1","Dagger Spray","Infinite Blades"],"picked":"Singing Bowl","floor":46},{"not_picked":["PanicButton+1","Mind Blast","Mayhem"],"picked":"Singing Bowl","floor":47},{"not_picked":["Jack Of All Trades+1","Mind Blast"],"picked":"Finesse+1","floor":47},{"not_picked":["Deep Breath+1","Trip+1"],"picked":"Finesse+1","floor":47},{"not_picked":["Poisoned Stab","Dodge and Roll+1","Deflect+1"],"picked":"Singing Bowl","floor":48},{"not_picked":["Concentrate+1","Cloak And Dagger+1","Outmaneuver+1"],"picked":"Singing Bowl","floor":55}],"player_experience":1307800,"relics_obtained":[{"floor":9,"key":"Toy Ornithopter"},{"floor":11,"key":"Bottled Lightning"},{"floor":14,"key":"Dream Catcher"},{"floor":17,"key":"Tiny Chest"},{"floor":17,"key":"Pantograph"},{"floor":17,"key":"Bird Faced Urn"},{"floor":22,"key":"Toxic Egg 2"},{"floor":23,"key":"Mango"},{"floor":36,"key":"Girya"},{"floor":38,"key":"Bottled Tornado"},{"floor":40,"key":"Nunchaku"},{"floor":42,"key":"Letter Opener"},{"floor":43,"key":"Singing Bowl"},{"floor":55,"key":"Eternal Feather"}],"event_choices":[{"damage_healed":0,"gold_gain":0,"player_choice":"Ignored","damage_taken":0,"max_hp_gain":0,"max_hp_loss":0,"event_name":"Liars Game","floor":3,"gold_loss":0},{"damage_healed":0,"gold_gain":0,"player_choice":"Donut","damage_taken":0,"max_hp_gain":5,"max_hp_loss":0,"event_name":"Big Fish","floor":5,"gold_loss":0},{"cards_removed":["Strike_G"],"damage_healed":0,"gold_gain":0,"player_choice":"Card Removal","damage_taken":7,"max_hp_gain":0,"max_hp_loss":0,"event_name":"Golden Wing","floor":12,"gold_loss":0},{"damage_healed":0,"gold_gain":0,"player_choice":"Ignored","damage_taken":0,"max_hp_gain":0,"max_hp_loss":0,"event_name":"Ghosts","floor":19,"gold_loss":0},{"damage_healed":0,"gold_gain":0,"player_choice":"Ignored","damage_taken":0,"max_hp_gain":0,"max_hp_loss":0,"event_name":"The Mausoleum","floor":20,"gold_loss":0},{"damage_healed":0,"gold_gain":50,"player_choice":"Stole From Cult","damage_taken":0,"max_hp_gain":0,"max_hp_loss":0,"event_name":"Nest","floor":21,"gold_loss":0},{"damage_healed":0,"gold_gain":0,"player_choice":"Fight","damage_taken":0,"max_hp_gain":0,"max_hp_loss":0,"event_name":"MindBloom","floor":36,"gold_loss":0},{"damage_healed":0,"gold_gain":0,"player_choice":"Memory 3","damage_taken":10,"max_hp_gain":0,"max_hp_loss":0,"event_name":"SensoryStone","floor":47,"gold_loss":0}],"is_beta":false,"boss_relics":[{"not_picked":["Runic Dome","Black Star"],"picked":"Calling Bell"},{"not_picked":["Coffee Dripper","Fusion Hammer"],"picked":"Pandora\u0027s Box"}],"items_purged_floors":[2,28,39,54],"is_endless":false,"potions_floor_spawned":[1,14,16,18,27,36,37,42,46,55],"ascension_level":20}}