{"host":"0xu7235pdvcbtjbq","time":1610930680,"event":{"mods":["AchievementEnabler","BaseMod","Colored Map","Colored Powertips","Curses Come First","Minty Spire (QoL Compilation)","Permanent Neow","Relic Stats","StSLib"],"gold_per_floor":[111,286,19,33,45,45,72,72,72,72,72,107,7,23,23,128,128,146,146,175,190,44,78,78,110,110,132,150,150,185,60,60,172,172,192,192,218,244,466,501,526,553,586,598,608,23,56,76,76,76,76,76,76,107,107],"floor_reached":56,"language":"ENG","playtime":4047,"items_purged":["Doubt","Strike_G","Strike_G","Strike_G"],"score":2045,"play_id":"463cc783-3b7b-4e8b-b7ff-ced6fbefba09","local_time":"20210118104440","is_ascension_mode":true,"campfire_choices":[{"data":"Dagger Spray","floor":6.0,"key":"SMITH"},{"data":"Deadly Poison","floor":8.0,"key":"SMITH"},{"data":"Catalyst","floor":11.0,"key":"SMITH"},{"data":"Burst","floor":15.0,"key":"SMITH"},{"data":"Footwork","floor":24.0,"key":"SMITH"},{"data":"Cloak And Dagger","floor":29.0,"key":"SMITH"},{"data":"Storm of Steel","floor":32.0,"key":"SMITH"},{"floor":49.0,"key":"RECALL"},{"data":"Dagger Spray+1","floor":52.0,"key":"PURGE"}],"circlet_count":0,"master_deck":["AscendersBane","Defend_G","Defend_G","Defend_G","Defend_G","Defend_G","Survivor","Neutralize","Cloak And Dagger+1","Deadly Poison+1","Catalyst+1","Burst+1","Endless Agony","Endless Agony","Storm of Steel+1","Accuracy","Quick Slash","Prepared+1","Backflip","Footwork+1","Noxious Fumes+1","Malaise","Calculated Gamble+1","Cloak And Dagger+1","Calculated Gamble+1","Storm of Steel","Parasite","Concentrate+1","Calculated Gamble+1","PiercingWail+1"],"relics":["SacredBark","OrangePellets","White Beast Statue","Strawberry","Dead Branch","HornCleat","Cursed Key","Red Mask","Vajra","Ornamental Fan","CeramicFish","PreservedInsect","WristBlade","Meat on the Bone","Sundial","Orrery","Happy Flower","Pen Nib","Peace Pipe","Ninja Scroll"],"acts_visited":["Exordium","TheCity","TheBeyond","TheEnding"],"potions_floor_usage":[54,54,55,55,55],"damage_taken":[{"damage":6.0,"enemies":"2 Louse","floor":1.0,"turns":4.0},{"damage":0.0,"enemies":"Jaw Worm","floor":4.0,"turns":5.0},{"damage":1.0,"enemies":"Cultist","floor":5.0,"turns":4.0},{"damage":13.0,"enemies":"Lagavulin","floor":7.0,"turns":6.0},{"damage":22.0,"enemies":"3 Sentries","floor":12.0,"turns":6.0},{"damage":0.0,"enemies":"Looter","floor":14.0,"turns":2.0},{"damage":0.0,"enemies":"The Guardian","floor":16.0,"turns":2.0},{"damage":1.0,"enemies":"2 Thieves","floor":18.0,"turns":3.0},{"damage":0.0,"enemies":"Masked Bandits","floor":20.0,"turns":2.0},{"damage":0.0,"enemies":"Chosen","floor":21.0,"turns":1.0},{"damage":4.0,"enemies":"Book of Stabbing","floor":23.0,"turns":4.0},{"damage":0.0,"enemies":"Gremlin Leader","floor":25.0,"turns":4.0},{"damage":0.0,"enemies":"3 Cultists","floor":27.0,"turns":3.0},{"damage":0.0,"enemies":"Cultist and Chosen","floor":28.0,"turns":3.0},{"damage":12.0,"enemies":"Slavers","floor":30.0,"turns":4.0},{"damage":8.0,"enemies":"Collector","floor":33.0,"turns":6.0},{"damage":0.0,"enemies":"Orb Walker","floor":35.0,"turns":3.0},{"damage":0.0,"enemies":"3 Darklings","floor":37.0,"turns":3.0},{"damage":0.0,"enemies":"Jaw Worm Horde","floor":38.0,"turns":2.0},{"damage":0.0,"enemies":"Giant Head","floor":40.0,"turns":4.0},{"damage":0.0,"enemies":"Sphere and 2 Shapes","floor":41.0,"turns":5.0},{"damage":2.0,"enemies":"Reptomancer","floor":42.0,"turns":2.0},{"damage":0.0,"enemies":"4 Shapes","floor":44.0,"turns":1.0},{"damage":0.0,"enemies":"Maw","floor":45.0,"turns":4.0},{"damage":0.0,"enemies":"Nemesis","floor":47.0,"turns":1.0},{"damage":0.0,"enemies":"Sphere and 2 Shapes","floor":48.0,"turns":6.0},{"damage":6.0,"enemies":"Donu and Deca","floor":50.0,"turns":5.0},{"damage":0,"enemies":"Shield and Spear","floor":54,"turns":1},{"damage":19,"enemies":"The Heart","floor":55,"turns":9}],"seed_played":"4954014068222367625","potions_obtained":[{"floor":5.0,"key":"Strength Potion"},{"floor":12.0,"key":"PowerPotion"},{"floor":14.0,"key":"Swift Potion"},{"floor":16.0,"key":"Fire Potion"},{"floor":18.0,"key":"EntropicBrew"},{"floor":20.0,"key":"Ancient Potion"},{"floor":21.0,"key":"LiquidBronze"},{"floor":23.0,"key":"PowerPotion"},{"floor":25.0,"key":"Weak Potion"},{"floor":27.0,"key":"Regen Potion"},{"floor":33.0,"key":"LiquidMemories"},{"floor":35.0,"key":"DuplicationPotion"},{"floor":40.0,"key":"CunningPotion"},{"floor":42.0,"key":"BlessingOfTheForge"},{"floor":45.0,"key":"CunningPotion"},{"floor":48.0,"key":"SteroidPotion"},{"floor":54,"key":"Energy Potion"}],"is_trial":false,"path_per_floor":["M","?","$","M","M","R","E","R","T","?","R","E","$","M","R","B",null,"M","?","?","M","$","E","R","E","T","M","M","R","E","$","R","B",null,"M","?","M","M","?","E","M","E","T","M","M","$","E","M","R","B",null,"R","$","E","B",null],"character_chosen":"THE_SILENT","items_purchased":["OrangePellets","Deadly Poison","Vajra","Orrery","Happy Flower","Pen Nib"],"campfire_rested":0,"item_purchase_floors":[3,3,22,46,46,46],"current_hp_per_floor":[57,57,57,57,56,56,43,43,50,43,43,21,21,21,21,21,63,62,62,62,62,62,58,58,58,58,58,58,58,46,46,46,38,67,67,67,67,67,67,67,67,65,65,65,65,65,65,65,65,59,70,70,70,70,51],"gold":107,"neow_bonus":"BOSS_RELIC","is_daily":false,"chose_seed":false,"campfire_upgraded":7,"win_rate":0.0,"timestamp":1610930680,"path_taken":["M","?","$","M","M","R","E","R","T","?","R","E","?","?","R","BOSS","M","?","?","M","?","E","R","E","T","M","M","R","E","$","R","BOSS","M","?","M","M","?","E","M","E","T","M","M","$","E","M","R","BOSS","R","$","E","BOSS"],"items_purchased_type":["Relic","Card","Relic","Relic","Relic","Relic"],"build_version":"2020-12-22","purchased_purges":4,"victory":true,"max_hp_per_floor":[70,70,70,70,70,70,70,70,77,77,77,77,77,77,77,77,77,77,77,77,77,77,77,77,77,77,77,77,77,77,77,77,77,77,77,73,73,73,73,73,73,73,73,73,73,73,73,73,73,73,73,73,73,73,73],"relic_stats":{"Happy Flower":[7],"counters":[29,105],"Dead Branch":[390],"CeramicFish":90,"PreservedInsect":318,"Pen Nib":[11],"Cursed Key":1,"Peace Pipe":1,"OrangePellets":[10],"Ornamental Fan":[372],"Sundial":[2],"obtain_stats":[{"Happy Flower":46,"SacredBark":0,"Dead Branch":10,"CeramicFish":25,"Vajra":22,"PreservedInsect":30,"Pen Nib":46,"Cursed Key":17,"White Beast Statue":7,"Peace Pipe":47,"OrangePellets":3,"HornCleat":12,"WristBlade":34,"Ornamental Fan":23,"Sundial":42,"Ninja Scroll":54,"Strawberry":9,"Orrery":46,"Red Mask":20,"Ring of the Snake":0,"Meat on the Bone":40},{"Happy Flower":24,"SacredBark":0,"Dead Branch":4,"CeramicFish":12,"Vajra":10,"PreservedInsect":15,"Pen Nib":24,"Cursed Key":7,"White Beast Statue":4,"Peace Pipe":25,"OrangePellets":1,"HornCleat":5,"WristBlade":16,"Ornamental Fan":11,"Sundial":22,"Ninja Scroll":28,"Strawberry":4,"Orrery":24,"Red Mask":9,"Ring of the Snake":0,"Meat on the Bone":20},{"Happy Flower":83,"SacredBark":0,"Dead Branch":19,"CeramicFish":43,"Vajra":35,"PreservedInsect":53,"Pen Nib":83,"Cursed Key":29,"White Beast Statue":19,"Peace Pipe":84,"OrangePellets":4,"HornCleat":25,"WristBlade":59,"Ornamental Fan":39,"Sundial":78,"Ninja Scroll":96,"Strawberry":19,"Orrery":83,"Red Mask":34,"Ring of the Snake":0,"Meat on the Bone":71}],"Meat on the Bone":0},"card_choices":[{"not_picked":["PiercingWail","Well Laid Plans"],"picked":"Cloak And Dagger","floor":1.0},{"not_picked":["Prepared","Escape Plan"],"picked":"Catalyst","floor":4.0},{"not_picked":["Backflip","Bane"],"picked":"Dagger Spray","floor":5.0},{"not_picked":["Masterful Stab","Backstab"],"picked":"Burst","floor":7.0},{"not_picked":["Prepared","Underhanded Strike"],"picked":"Endless Agony","floor":12.0},{"not_picked":["Blur","Bane"],"picked":"Endless Agony","floor":14.0},{"not_picked":["Malaise","Phantasmal Killer"],"picked":"Storm of Steel","floor":16.0},{"not_picked":["Sucker Punch","Masterful Stab+1","Distraction"],"picked":"SKIP","floor":18.0},{"not_picked":["Blade Dance","Setup"],"picked":"Prepared+1","floor":20.0},{"not_picked":["Deflect","Prepared"],"picked":"Backflip","floor":21.0},{"not_picked":["Masterful Stab","Skewer"],"picked":"Footwork","floor":23.0},{"not_picked":["Terror","Catalyst","Underhanded Strike"],"picked":"SKIP","floor":25.0},{"not_picked":["Tactician","Quick Slash"],"picked":"Noxious Fumes+1","floor":27.0},{"not_picked":["Slice+1","Deadly Poison","Glass Knife"],"picked":"SKIP","floor":28.0},{"not_picked":["Poisoned Stab","Slice+1","Bouncing Flask"],"picked":"SKIP","floor":30.0},{"not_picked":["Envenom","Glass Knife"],"picked":"Malaise","floor":33.0},{"not_picked":["Poisoned Stab+1","Outmaneuver","Masterful Stab"],"picked":"SKIP","floor":35.0},{"not_picked":["Eviscerate","Underhanded Strike+1"],"picked":"Calculated Gamble+1","floor":37.0},{"not_picked":["Outmaneuver","Poisoned Stab+1"],"picked":"Cloak And Dagger+1","floor":38.0},{"not_picked":["Sucker Punch+1","All Out Attack+1"],"picked":"Calculated Gamble+1","floor":40.0},{"not_picked":["Deflect","Bane"],"picked":"Storm of Steel","floor":41.0},{"not_picked":["Catalyst+1","Unload","Choke+1"],"picked":"SKIP","floor":42.0},{"not_picked":["Flying Knee+1","Choke","Poisoned Stab"],"picked":"SKIP","floor":44.0},{"not_picked":["Backflip","Flechettes","Well Laid Plans"],"picked":"SKIP","floor":45.0},{"not_picked":["Poisoned Stab+1","Flying Knee+1"],"picked":"Concentrate+1","floor":46.0},{"not_picked":["Terror","Acrobatics"],"picked":"Calculated Gamble+1","floor":46.0},{"not_picked":["Dodge and Roll","Quick Slash+1","Acrobatics"],"picked":"SKIP","floor":47.0},{"not_picked":["Eviscerate+1","Footwork"],"picked":"PiercingWail+1","floor":48.0},{"not_picked":["Masterful Stab","Dodge and Roll+1","Prepared"],"picked":"SKIP","floor":54}],"player_experience":467986,"relics_obtained":[{"floor":7.0,"key":"White Beast Statue"},{"floor":9.0,"key":"Strawberry"},{"floor":12.0,"key":"HornCleat"},{"floor":20.0,"key":"Red Mask"},{"floor":23.0,"key":"Ornamental Fan"},{"floor":25.0,"key":"CeramicFish"},{"floor":30.0,"key":"PreservedInsect"},{"floor":40.0,"key":"Meat on the Bone"},{"floor":42.0,"key":"Sundial"},{"floor":47.0,"key":"Peace Pipe"},{"floor":54,"key":"Ninja Scroll"}],"event_choices":[{"damage_healed":0.0,"max_hp_gain":0.0,"max_hp_loss":0.0,"gold_gain":175.0,"event_name":"Liars Game","player_choice":"AGREE","floor":2.0,"gold_loss":0.0,"damage_taken":0.0,"cards_obtained":["Doubt"]},{"damage_healed":0.0,"max_hp_gain":0.0,"max_hp_loss":0.0,"gold_gain":0.0,"event_name":"Scrap Ooze","player_choice":"Success","floor":10.0,"gold_loss":0.0,"damage_taken":7.0,"relics_obtained":["Dead Branch"]},{"damage_healed":0.0,"max_hp_gain":0.0,"max_hp_loss":0.0,"gold_gain":0.0,"cards_transformed":["Strike_G","Strike_G"],"event_name":"Drug Dealer","player_choice":"Became Test Subject","floor":19.0,"gold_loss":0.0,"damage_taken":0.0,"cards_obtained":["Accuracy","Quick Slash"]},{"damage_healed":0.0,"max_hp_gain":0.0,"max_hp_loss":0.0,"gold_gain":0.0,"event_name":"Masked Bandits","player_choice":"Fought Bandits","floor":20.0,"gold_loss":0.0,"damage_taken":0.0},{"damage_healed":0.0,"max_hp_gain":0.0,"max_hp_loss":4.0,"gold_gain":0.0,"event_name":"Winding Halls","player_choice":"Max HP","floor":36.0,"gold_loss":0.0,"damage_taken":0.0},{"damage_healed":0.0,"max_hp_gain":0.0,"max_hp_loss":0.0,"gold_gain":222.0,"event_name":"Tomb of Lord Red Mask","player_choice":"Wore Mask","floor":39.0,"gold_loss":0.0,"damage_taken":0.0}],"is_beta":false,"boss_relics":[{"not_picked":["Ectoplasm","Runic Dome"],"picked":"Cursed Key"},{"not_picked":["Calling Bell","Fusion Hammer"],"picked":"WristBlade"}],"items_purged_floors":[3,13,31,46],"is_endless":false,"potions_floor_spawned":[5,12,14,16,18,20,21,23,25,27,28,30,33,35,37,38,40,41,42,44,45,47,48,54],"ascension_level":10}}