{"host":"56d873i5r3uhle0q","time":1610955688,"event":{"mods":["100% Spire Juice","Act Like it!","Aspiration","BaseMod","Block Reminder","Conspire","Gensokyo","Hallownest","Hermit","Hubris","Infinite Spire","Jedi Mod","Marisa????????","Marked Mod","Minty Spire (QoL Compilation)","Replay The Spire","StSLib","The Animator","The Bug Knight","The Cursed","The Jungle","The Marked","The Servant 0.9.4","everything is the same but u backflip on backflip","vexMod","??????REMEMod"],"gold_per_floor":[118,118,131,54,68,101,101,113,195,208,208,208,208,208,208,308,308,320,330,430,430,449,449,449,449],"floor_reached":24,"language":"ENG","playtime":851,"items_purged":[],"score":196,"play_id":"05aeb5db-381b-44ee-8574-c4794257e466","local_time":"20210118004128","is_ascension_mode":false,"campfire_choices":[{"data":"Devotion","floor":7.0,"key":"SMITH"},{"floor":11.0,"key":"REST"},{"data":"LikeWater","floor":13.0,"key":"SMITH"},{"data":"WindmillStrike","floor":15.0,"key":"SMITH"},{"floor":23,"key":"REST"}],"circlet_count":0,"master_deck":["Strike_P","Strike_P","Strike_P","Strike_P","Defend_P","Defend_P","Defend_P","Defend_P","Eruption","Vigilance","Devotion+1","ReachHeaven","WindmillStrike+1","LikeWater+1","Worship","Brilliance","BattleHymn"],"relics":["PureWater","REME_ComplimentaryCards","Happy Flower","HollowMod:StagPassRelic","Philosopher\u0027s Stone"],"acts_visited":["Hallownest:Greenpath","theJungle:Jungle"],"potions_floor_usage":[22],"damage_taken":[{"damage":2.0,"enemies":"Hallownest:monsterHuskGuard","floor":1.0,"turns":3.0},{"damage":0.0,"enemies":"Hallownest:2_MossCreeps","floor":3.0,"turns":7.0},{"damage":5.0,"enemies":"2_ Uuma","floor":5.0,"turns":4.0},{"damage":5.0,"enemies":"Hallownest:eliteMossKnight","floor":6.0,"turns":8.0},{"damage":8.0,"enemies":"Hallownest:monsterMossCharger","floor":8.0,"turns":3.0},{"damage":9.0,"enemies":"Hallownest:Wandering_and_Horned","floor":10.0,"turns":7.0},{"damage":37.0,"enemies":"Hallownest:BossHornet","floor":16.0,"turns":7.0},{"damage":5,"enemies":"Shell Parasite","floor":18,"turns":5},{"damage":21,"enemies":"theJungle:Flameango_and_Byrd","floor":19,"turns":5},{"damage":45,"enemies":"theJungle:JungleHuntersEncounter","floor":22,"turns":6},{"damage":26,"enemies":"theJungle:2_Snecko_Cultists","floor":24,"turns":2}],"seed_played":"-6773236743992279185","potions_obtained":[{"floor":5.0,"key":"SkillPotion"},{"floor":8.0,"key":"Strength Potion"},{"floor":19,"key":"Toxic Potion"},{"floor":22,"key":"SkillPotion"}],"is_trial":false,"path_per_floor":["M","?","M","$","M","E","R","M","T","M","R","?","R","$","R","B",null,"M","M","?","$","M","R","M"],"character_chosen":"WATCHER","items_purchased":["WindmillStrike"],"campfire_rested":2,"item_purchase_floors":[4],"current_hp_per_floor":[70,72,72,72,67,62,62,54,54,45,66,66,66,66,66,29,72,67,46,46,46,1,22,0,0],"gold":449,"neow_bonus":"ONE_RANDOM_RARE_CARD","is_daily":false,"chose_seed":false,"campfire_upgraded":3,"win_rate":0.0,"timestamp":1610955688,"path_taken":["M","?","M","$","?","E","R","M","T","M","R","?","R","$","R","BOSS","M","M","?","$","M","R","?"],"items_purchased_type":["Card"],"build_version":"2020-12-22","purchased_purges":0,"victory":false,"max_hp_per_floor":[72,72,72,72,72,72,72,72,72,72,72,72,72,72,72,72,72,72,72,72,72,72,72,72,72],"card_choices":[{"not_picked":["Replay:AtTheReady","CrushJoints","Protect"],"picked":"SKIP","floor":1.0},{"not_picked":["Collect","MarkedMod:GentlePulse"],"picked":"ReachHeaven","floor":3.0},{"not_picked":["Halt","FlyingSleeves"],"picked":"LikeWater","floor":5.0},{"not_picked":["SashWhip","REME_Repentance"],"picked":"Worship","floor":6.0},{"not_picked":["Swivel","PathToVictory","JustLucky"],"picked":"SKIP","floor":8.0},{"not_picked":["ThirdEye","Omniscience","REME_Repentance"],"picked":"SKIP","floor":10.0},{"not_picked":["MarkedMod:ChiBlock","LessonLearned"],"picked":"Brilliance","floor":16.0},{"not_picked":["JustLucky","FlyingSleeves","Protect"],"picked":"SKIP","floor":18},{"not_picked":["Replay:Battleflow","EmptyFist+1"],"picked":"BattleHymn","floor":19},{"not_picked":["Protect","Replay:AtTheReady","ThirdEye+1"],"picked":"SKIP","floor":22}],"player_experience":551791,"relics_obtained":[{"floor":6.0,"key":"Happy Flower"},{"floor":9.0,"key":"HollowMod:StagPassRelic"}],"event_choices":[{"damage_healed":0.0,"max_hp_gain":0.0,"max_hp_loss":0.0,"gold_gain":0.0,"event_name":"conspire:Investor","player_choice":"Leave","floor":12.0,"gold_loss":0.0,"damage_taken":0.0},{"damage_healed":0,"gold_gain":100,"player_choice":"Pray","damage_taken":0,"max_hp_gain":0,"max_hp_loss":0,"event_name":"Golden Shrine","floor":20,"gold_loss":0}],"is_beta":false,"boss_relics":[{"not_picked":["ReplayTheSpireMod:SealedPack","vexMod:EndlessSickness"],"picked":"Philosopher\u0027s Stone"}],"items_purged_floors":[],"is_endless":false,"potions_floor_spawned":[5,8,19,22],"killed_by":"theJungle:2_Snecko_Cultists","ascension_level":0}}