{"host":"2se5dq1do2gp0x9k","time":1610950891,"event":{"mods":["AchievementEnabler","BaseMod","Block Reminder","Colored Map","Colored Powertips","Minty Spire (QoL Compilation)","Relic Stats","StSLib","SuperFastMode"],"gold_per_floor":[119,36,36,36,57,97,97,120,120,160,180,180,193,193,193],"floor_reached":14,"language":"ENG","playtime":245,"items_purged":[],"score":250,"play_id":"4cbb3f2c-b023-4f25-8b49-2ed888d702f6","local_time":"20210117222131","is_ascension_mode":true,"campfire_choices":[{"data":"Defragment","floor":7,"key":"SMITH"},{"data":"Consume","floor":12,"key":"SMITH"}],"circlet_count":0,"master_deck":["AscendersBane","Strike_B","Strike_B","Strike_B","Defend_B","Defend_B","Defend_B","Defend_B","Zap","Dualcast","Tempest","Defragment+1","Barrage","Ball Lightning","Consume+1","Biased Cognition","Self Repair","Undo","Defragment","Turbo"],"relics":["Cracked Core","NeowsBlessing","Golden Idol","Prayer Wheel","Question Card","Lantern"],"acts_visited":["Exordium"],"potions_floor_usage":[14],"damage_taken":[{"damage":0,"enemies":"2 Louse","floor":1,"turns":1},{"damage":0,"enemies":"Jaw Worm","floor":5,"turns":1},{"damage":0,"enemies":"3 Sentries","floor":6,"turns":1},{"damage":0,"enemies":"Cultist","floor":8,"turns":2},{"damage":20,"enemies":"Lagavulin","floor":10,"turns":4},{"damage":7,"enemies":"Looter","floor":11,"turns":4},{"damage":21,"enemies":"3 Louse","floor":13,"turns":3},{"damage":27,"enemies":"3 Sentries","floor":14,"turns":4}],"seed_played":"-3649922926635233166","potions_obtained":[{"floor":1,"key":"Strength Potion"},{"floor":8,"key":"Dexterity Potion"}],"is_trial":false,"path_per_floor":["M","$","?","?","M","E","R","M","T","E","M","R","M","E"],"character_chosen":"DEFECT","items_purchased":["Defragment"],"campfire_rested":0,"item_purchase_floors":[2],"current_hp_per_floor":[64,64,64,57,57,57,57,57,57,37,37,37,23,0,0],"gold":193,"neow_bonus":"THREE_ENEMY_KILL","is_daily":false,"chose_seed":false,"campfire_upgraded":2,"win_rate":0.0,"timestamp":1610950891,"path_taken":["M","$","?","?","M","E","R","M","T","E","M","R","M","E"],"items_purchased_type":["Card"],"build_version":"2020-12-22","purchased_purges":0,"victory":false,"max_hp_per_floor":[71,71,64,64,64,64,64,64,64,64,64,64,64,64,64],"relic_stats":{"counters":[8,20],"Golden Idol":32,"Prayer Wheel":3,"Question Card":5,"obtain_stats":[{"Lantern":10,"NeowsBlessing":0,"Golden Idol":3,"Prayer Wheel":6,"Cracked Core":0,"Question Card":9},{"Lantern":5,"NeowsBlessing":0,"Golden Idol":1,"Prayer Wheel":3,"Cracked Core":0,"Question Card":4},{"Lantern":9,"NeowsBlessing":0,"Golden Idol":1,"Prayer Wheel":3,"Cracked Core":0,"Question Card":5}]},"card_choices":[{"not_picked":["Auto Shields","Chill"],"picked":"Tempest","floor":1},{"not_picked":["Genetic Algorithm","Gash"],"picked":"Barrage","floor":5},{"not_picked":["Fusion","Coolheaded"],"picked":"Ball Lightning","floor":6},{"not_picked":["Genetic Algorithm","Go for the Eyes"],"picked":"Consume","floor":8},{"not_picked":["Force Field","BootSequence"],"picked":"Biased Cognition","floor":8},{"not_picked":["Go for the Eyes","Turbo","Barrage"],"picked":"Self Repair","floor":10},{"not_picked":["Coolheaded","Turbo","Auto Shields"],"picked":"Undo","floor":11},{"not_picked":["Compile Driver","Stack","Recycle","Beam Cell"],"picked":"SKIP","floor":11},{"not_picked":["Turbo","Static Discharge","Reinforced Body"],"picked":"Defragment","floor":13},{"not_picked":["Hologram","Ball Lightning","Rip and Tear"],"picked":"Turbo","floor":13}],"player_experience":3915788,"relics_obtained":[{"floor":6,"key":"Prayer Wheel"},{"floor":9,"key":"Question Card"},{"floor":10,"key":"Lantern"}],"event_choices":[{"damage_healed":0,"gold_gain":0,"player_choice":"Lose Max HP","damage_taken":0,"relics_obtained":["Golden Idol"],"max_hp_gain":0,"max_hp_loss":7,"event_name":"Golden Idol","floor":3,"gold_loss":0},{"cards_removed":["Strike_B"],"damage_healed":0,"gold_gain":0,"player_choice":"Card Removal","damage_taken":7,"max_hp_gain":0,"max_hp_loss":0,"event_name":"Golden Wing","floor":4,"gold_loss":0}],"is_beta":false,"boss_relics":[],"items_purged_floors":[],"is_endless":false,"potions_floor_spawned":[1,8,11,13],"killed_by":"3 Sentries","ascension_level":20}}