{"host":"cdcsem0stf6rethc","time":1610952082,"event":{"mods":["AchievementEnabler","Act Like it!","BaseMod","Colored Map","Energized Spire","Highlight Path","Minty Spire (QoL Compilation)","Replay The Spire","StSLib","The Animator","UnlockEverythingMod"],"gold_per_floor":[130,148,177,177,209,55,55,55,55],"floor_reached":8,"language":"ZHS","playtime":391,"items_purged":[],"score":48,"play_id":"8dd9740b-d789-470d-bcbd-2a96333f662b","local_time":"20210118144122","is_ascension_mode":false,"campfire_choices":[{"data":"animator:Alexander","floor":7,"key":"SMITH"}],"circlet_count":0,"master_deck":["animator:Strike_Fate","animator:Defend_Fate","animator:Strike","animator:Strike","animator:Strike","animator:Defend","animator:Defend","animator:Defend","animator:Alexander+1","animator:Rider","animator:Mitsuba","animator:Bozes+1","animator:Gluttony+1","animator:EmiyaShirou"],"relics":["animator:LivingPicture","animator:TheMissingPiece","StoneCalendar","Golden Idol","Guide Book"],"acts_visited":["Exordium"],"potions_floor_usage":[],"damage_taken":[{"damage":0,"enemies":"2 Louse","floor":1,"turns":4},{"damage":3,"enemies":"Small Slimes","floor":2,"turns":4},{"damage":1,"enemies":"Jaw Worm","floor":3,"turns":5},{"damage":5,"enemies":"3 Louse","floor":5,"turns":3},{"damage":25,"enemies":"Lagavulin","floor":8,"turns":5}],"seed_played":"-5639576615928090868","potions_obtained":[{"floor":3,"key":"SpeedPotion"}],"is_trial":false,"path_per_floor":["M","M","M","?","M","$","R","E"],"character_chosen":"THE_ANIMATOR","items_purchased":["Guide Book"],"campfire_rested":0,"item_purchase_floors":[6],"current_hp_per_floor":[48,45,44,28,23,23,23,0,0],"gold":55,"neow_bonus":"ONE_RARE_RELIC","is_daily":false,"chose_seed":true,"campfire_upgraded":1,"win_rate":0.0,"timestamp":1610952082,"path_taken":["M","M","M","?","M","$","R","E"],"items_purchased_type":["Relic"],"build_version":"2020-12-22","purchased_purges":0,"victory":false,"max_hp_per_floor":[66,66,66,66,66,66,66,66,66],"card_choices":[{"not_picked":["animator:WinryRockbell","animator:NoriSakurada"],"picked":"animator:Mitsuba","floor":1},{"not_picked":["animator:MeguKakizaki","animator:Arpeggio"],"picked":"animator:Bozes","floor":2},{"not_picked":["animator:Souseiseki","animator:WinryRockbell"],"picked":"animator:Gluttony","floor":3},{"not_picked":["animator:Alexander","animator:ShinjiMatou"],"picked":"animator:EmiyaShirou","floor":5}],"player_experience":213848,"relics_obtained":[],"event_choices":[{"damage_healed":0,"gold_gain":0,"player_choice":"Take Damage","damage_taken":16,"relics_obtained":["Golden Idol"],"max_hp_gain":0,"max_hp_loss":0,"event_name":"Golden Idol","floor":4,"gold_loss":0}],"is_beta":false,"boss_relics":[],"items_purged_floors":[],"is_endless":false,"potions_floor_spawned":[3],"killed_by":"Lagavulin","ascension_level":0}}