{"host":"6pgtslebjnyv5xmi","time":1610992552,"event":{"mods":["AchievementEnabler","BaseMod","Colored Map","Minty Spire (QoL Compilation)","Rare Cards Sparkle","StSLib","SuperFastMode","The Cursed","everything is the same but u backflip on backflip"],"gold_per_floor":[111,111,111,131,143,143,154,154,154,154,166,45,65,81,81,185,185,198,35,50,50,50,82,82,93,174,174,74,88,88,98,98,199,199,213,231,141,157,168,168,168,168],"floor_reached":41,"language":"KOR","playtime":2077,"items_purged":["Pain","Strike_G"],"score":651,"play_id":"4d647ebd-4a19-47c3-b31d-e34b6cf7311a","local_time":"20210119025552","is_ascension_mode":true,"campfire_choices":[{"data":"Infinite Blades","floor":6.0,"key":"SMITH"},{"data":"Wraith Form v2","floor":8.0,"key":"SMITH"},{"data":"Backflip","floor":10.0,"key":"SMITH"},{"data":"Blade Dance","floor":15.0,"key":"SMITH"},{"floor":24.0,"key":"REST"},{"data":"Envenom","floor":30.0,"key":"SMITH"},{"floor":32.0,"key":"REST"},{"floor":40,"key":"REST"}],"circlet_count":0,"master_deck":["AscendersBane","Strike_G","Defend_G","Defend_G","Defend_G","Defend_G","Defend_G","Survivor+1","Neutralize+1","Backflip+1","Infinite Blades+1","Wraith Form v2+1","Blade Dance+1","Blur","Envenom+1","After Image","Backflip+1","Footwork","Bullet Time","Blade Dance","Catalyst","Parasite"],"relics":["Ring of the Snake","WarpedTongs","Pantograph","WristBlade","Letter Opener","White Beast Statue","Empty Cage"],"acts_visited":["Exordium","TheCity","TheBeyond"],"potions_floor_usage":[36,38,39,39,41],"damage_taken":[{"damage":5.0,"enemies":"Cultist","floor":1.0,"turns":6.0},{"damage":3.0,"enemies":"Small Slimes","floor":4.0,"turns":4.0},{"damage":3.0,"enemies":"2 Louse","floor":5.0,"turns":3.0},{"damage":33.0,"enemies":"Large Slime","floor":7.0,"turns":7.0},{"damage":3.0,"enemies":"Blue Slaver","floor":11.0,"turns":6.0},{"damage":5.0,"enemies":"Lots of Slimes","floor":13.0,"turns":5.0},{"damage":2.0,"enemies":"Large Slime","floor":14.0,"turns":7.0},{"damage":10.0,"enemies":"Hexaghost","floor":16.0,"turns":12.0},{"damage":9.0,"enemies":"Shell Parasite","floor":18.0,"turns":4.0},{"damage":12.0,"enemies":"2 Thieves","floor":20.0,"turns":5.0},{"damage":14.0,"enemies":"Gremlin Leader","floor":23.0,"turns":5.0},{"damage":15.0,"enemies":"3 Cultists","floor":25.0,"turns":7.0},{"damage":8.0,"enemies":"Chosen and Byrds","floor":29.0,"turns":7.0},{"damage":6.0,"enemies":"Snecko","floor":31.0,"turns":4.0},{"damage":9.0,"enemies":"Automaton","floor":33.0,"turns":12.0},{"damage":12.0,"enemies":"Orb Walker","floor":35.0,"turns":5.0},{"damage":31,"enemies":"3 Darklings","floor":36,"turns":7},{"damage":2,"enemies":"Jaw Worm Horde","floor":38,"turns":6},{"damage":22,"enemies":"Writhing Mass","floor":39,"turns":5},{"damage":22,"enemies":"Transient","floor":41,"turns":4}],"seed_played":"-1368477305577521696","potions_obtained":[{"floor":7.0,"key":"LiquidBronze"},{"floor":14.0,"key":"Strength Potion"},{"floor":16.0,"key":"Fire Potion"},{"floor":23.0,"key":"EssenceOfSteel"},{"floor":25.0,"key":"Poison Potion"},{"floor":31.0,"key":"FearPotion"},{"floor":33.0,"key":"Ancient Potion"},{"floor":35.0,"key":"SpeedPotion"},{"floor":36,"key":"DistilledChaos"},{"floor":38,"key":"SkillPotion"},{"floor":39,"key":"ColorlessPotion"}],"is_trial":false,"path_per_floor":["M","?","?","M","M","R","M","R","T","R","M","$","M","M","R","B",null,"M","$","M","$","?","E","R","M","T","?","$","M","R","M","R","B",null,"M","M","?","M","M","R","M"],"character_chosen":"THE_SILENT","items_purchased":["Blade Dance","After Image"],"campfire_rested":3,"item_purchase_floors":[12,19],"current_hp_per_floor":[58,70,70,67,64,64,31,31,31,31,28,28,23,21,21,36,62,53,53,41,41,41,27,48,33,33,56,56,48,48,42,63,61,68,56,25,25,23,1,22,0,0],"gold":168,"neow_bonus":"UPGRADE_CARD","is_daily":false,"chose_seed":false,"campfire_upgraded":5,"win_rate":0.0,"timestamp":1610992552,"path_taken":["M","?","?","M","?","R","M","R","T","R","M","$","M","M","R","BOSS","M","?","M","$","?","E","R","M","T","?","?","?","R","M","R","BOSS","M","M","?","M","?","R","M"],"items_purchased_type":["Card","Card"],"build_version":"2020-12-22","purchased_purges":2,"victory":false,"max_hp_per_floor":[70,70,70,70,70,70,70,70,70,70,70,70,70,70,70,70,70,70,70,70,70,70,70,70,70,70,70,70,70,70,70,70,70,70,70,70,70,70,70,70,70,70],"card_choices":[{"not_picked":["Quick Slash","Slice","Flying Knee"],"picked":"SKIP","floor":1.0},{"not_picked":["Dodge and Roll","All Out Attack"],"picked":"Backflip","floor":4.0},{"not_picked":["Prepared","Skewer"],"picked":"Infinite Blades","floor":5.0},{"not_picked":["Leg Sweep","Outmaneuver"],"picked":"Wraith Form v2","floor":7.0},{"not_picked":["Poisoned Stab","Bane","Sucker Punch"],"picked":"SKIP","floor":11.0},{"not_picked":["Sucker Punch","Slice","Dagger Throw"],"picked":"SKIP","floor":13.0},{"not_picked":["Leg Sweep","Escape Plan"],"picked":"Blur","floor":14.0},{"not_picked":["Die Die Die","Tools of the Trade"],"picked":"Envenom","floor":16.0},{"not_picked":["Prepared","Bane","Acrobatics"],"picked":"SKIP","floor":18.0},{"not_picked":["Deadly Poison","Slice","Deflect"],"picked":"SKIP","floor":20.0},{"not_picked":["Underhanded Strike","Dagger Throw","Dodge and Roll+1"],"picked":"SKIP","floor":23.0},{"not_picked":["Concentrate","Masterful Stab+1","Escape Plan"],"picked":"SKIP","floor":25.0},{"not_picked":["Malaise","Slice"],"picked":"Backflip+1","floor":29.0},{"not_picked":["Sucker Punch","Deadly Poison"],"picked":"Footwork","floor":31.0},{"not_picked":["Wraith Form v2","Night Terror"],"picked":"Bullet Time","floor":33.0},{"not_picked":["Dagger Throw+1","Dodge and Roll"],"picked":"Blade Dance","floor":35.0},{"not_picked":["Poisoned Stab","Prepared"],"picked":"Catalyst","floor":36},{"not_picked":["Quick Slash","Underhanded Strike+1","Backflip"],"picked":"SKIP","floor":38},{"not_picked":["Concentrate","Sucker Punch","Footwork+1"],"picked":"SKIP","floor":39}],"player_experience":979555,"relics_obtained":[{"floor":9.0,"key":"Pantograph"},{"floor":23.0,"key":"Letter Opener"},{"floor":26.0,"key":"White Beast Statue"}],"event_choices":[{"damage_healed":23.0,"max_hp_gain":0.0,"max_hp_loss":0.0,"gold_gain":0.0,"event_name":"Big Fish","player_choice":"Banana","floor":2.0,"gold_loss":0.0,"damage_taken":0.0},{"damage_healed":0.0,"max_hp_gain":0.0,"max_hp_loss":0.0,"gold_gain":0.0,"event_name":"Accursed Blacksmith","player_choice":"Rummage","floor":3.0,"gold_loss":0.0,"damage_taken":0.0,"relics_obtained":["WarpedTongs"],"cards_obtained":["Pain"]},{"damage_healed":0.0,"max_hp_gain":0.0,"max_hp_loss":0.0,"gold_gain":0.0,"event_name":"Cursed Tome","player_choice":"Ignored","floor":22.0,"gold_loss":0.0,"damage_taken":0.0},{"damage_healed":23.0,"max_hp_gain":0.0,"max_hp_loss":0.0,"gold_gain":0.0,"event_name":"The Library","player_choice":"Heal","floor":27.0,"gold_loss":0.0,"damage_taken":0.0},{"cards_removed":["Strike_G"],"damage_healed":0,"gold_gain":0,"player_choice":"Upgrade and Remove","damage_taken":0,"max_hp_gain":0,"max_hp_loss":0,"event_name":"Designer","floor":37,"gold_loss":90,"cards_upgraded":["Survivor"]}],"is_beta":false,"boss_relics":[{"not_picked":["Calling Bell","Black Star"],"picked":"WristBlade"},{"not_picked":["Sozu","Busted Crown"],"picked":"Empty Cage"}],"items_purged_floors":[12,28],"is_endless":false,"potions_floor_spawned":[7,14,16,23,25,29,31,33,35,36,38,39],"killed_by":"Transient","ascension_level":12}}