{"host":"ccw6t0i2dpm5wyxf","time":1610955385,"event":{"mods":["AchievementEnabler","BaseMod","Colored Map","Minty Spire (QoL Compilation)","Permanent Neow","SuperFastMode"],"gold_per_floor":[117,132,144,171,184,215,227,38,38,371,371,336,44,56,56,56,56],"floor_reached":16,"language":"ENG","playtime":528,"items_purged":["Strike_G","Strike_G"],"score":138,"play_id":"0d8f0b3a-a005-4b4b-8fe9-f896809aea92","local_time":"20210118013625","is_ascension_mode":true,"campfire_choices":[{"floor":7,"key":"REST"},{"floor":11,"key":"REST"},{"floor":15,"key":"REST"}],"circlet_count":0,"master_deck":["Strike_G","Strike_G","Strike_G","Defend_G","Defend_G","Defend_G","Defend_G","Defend_G","Survivor","Neutralize","Cloak And Dagger","Deflect","Choke","Outmaneuver","Infinite Blades","Deflect","Leg Sweep","Crippling Poison"],"relics":["SacredBark","Pen Nib","MawBank","Bottled Lightning","Old Coin","Ancient Tea Set"],"acts_visited":["Exordium"],"potions_floor_usage":[6,10,16,16],"damage_taken":[{"damage":0,"enemies":"Cultist","floor":1,"turns":5},{"damage":5,"enemies":"Jaw Worm","floor":2,"turns":8},{"damage":4,"enemies":"Small Slimes","floor":3,"turns":4},{"damage":4,"enemies":"2 Fungi Beasts","floor":5,"turns":5},{"damage":20,"enemies":"3 Sentries","floor":6,"turns":11},{"damage":40,"enemies":"Gremlin Nob","floor":10,"turns":5},{"damage":17,"enemies":"Red Slaver","floor":14,"turns":5},{"damage":60,"enemies":"Slime Boss","floor":16,"turns":10}],"seed_played":"6838851802591496533","potions_obtained":[{"floor":1,"key":"LiquidMemories"},{"floor":6,"key":"CunningPotion"},{"floor":14,"key":"SteroidPotion"}],"is_trial":false,"path_per_floor":["M","M","M","T","M","E","R","$","T","E","R","?","$","M","R","B"],"character_chosen":"THE_SILENT","items_purchased":["Infinite Blades","Deflect","Ancient Tea Set","Weak Potion"],"campfire_rested":3,"item_purchase_floors":[8,8,13,13],"current_hp_per_floor":[70,65,61,61,57,37,58,58,58,18,39,56,56,39,60,0,0],"gold":56,"neow_bonus":"BOSS_RELIC","is_daily":false,"chose_seed":false,"campfire_upgraded":0,"win_rate":0.0,"timestamp":1610955385,"path_taken":["M","M","M","?","?","E","R","$","T","E","R","?","?","M","R","BOSS"],"items_purchased_type":["Card","Card","Relic","Potion"],"build_version":"2020-12-22","purchased_purges":2,"victory":false,"max_hp_per_floor":[70,70,70,70,70,70,70,70,70,70,70,70,70,70,70,70,70],"card_choices":[{"not_picked":["Choke","Underhanded Strike"],"picked":"Cloak And Dagger","floor":1},{"not_picked":["Prepared","Escape Plan"],"picked":"Deflect","floor":2},{"not_picked":["Setup","Caltrops","Sucker Punch"],"picked":"SKIP","floor":3},{"not_picked":["Bouncing Flask","Dodge and Roll"],"picked":"Choke","floor":5},{"not_picked":["Predator","Terror"],"picked":"Outmaneuver","floor":6},{"not_picked":["Slice","Choke"],"picked":"Leg Sweep","floor":10},{"not_picked":["Terror","Distraction"],"picked":"Crippling Poison","floor":14}],"player_experience":286430,"relics_obtained":[{"floor":4,"key":"Pen Nib"},{"floor":6,"key":"MawBank"},{"floor":9,"key":"Bottled Lightning"},{"floor":10,"key":"Old Coin"}],"event_choices":[{"damage_healed":17,"gold_gain":0,"player_choice":"Healed","damage_taken":0,"max_hp_gain":0,"max_hp_loss":0,"event_name":"The Cleric","floor":12,"gold_loss":35}],"is_beta":false,"boss_relics":[],"items_purged_floors":[8,13],"is_endless":false,"potions_floor_spawned":[1,6,14],"killed_by":"Slime Boss","ascension_level":5}}