{"host":"slngz8sobihb8iwl","time":1610934964,"event":{"mods":["2.2 Compatiblity","Act Like it!","Astrologer","Bard","BaseMod","Colored Powertips","Elementarium","Gensokyo","GifTheSpireLib","Hallownest","Hermit","Marisa????????","Menagerie","Minty Spire (QoL Compilation)","Permanent Neow","Random Character Button","Rare Cards Sparkle","Relic Filter","Robot Space Explorer","StSLib","SuperFastMode","Td1madao Mod","The Bug Knight","The Cursed","The Disciple","The Gatherer","The Hierophant","The Judge","The Marked","The Runesmith","The Senshi","TheVelvet","Unceasing Turn Reminder"],"gold_per_floor":[118,67,67,67,86,86,11,40,95,117,152,166,84,84,84,84,84],"floor_reached":16,"language":"ENG","playtime":1230,"items_purged":["Hallownest:curseDreamersLament"],"score":133,"play_id":"19e485a3-1353-4d2b-b9fe-ac045d1e3e9c","local_time":"20210117205604","is_ascension_mode":false,"campfire_choices":[{"data":"hierophant:ChurchCoffers","floor":6,"key":"SMITH"},{"floor":15,"key":"REST"}],"circlet_count":0,"master_deck":["hierophant:Strike_Hierophant","hierophant:Strike_Hierophant","hierophant:Punish","hierophant:Defend_Hierophant","hierophant:Defend_Hierophant","hierophant:ChurchCoffers+1","hierophant:Encroach","hierophant:PassingBell","hierophant:FieryStrike","hierophant:OrnateBuckler","hierophant:MirrorShield","hierophant:Endure+1","Panacea+1"],"relics":["hierophant:PropheticMaskRelic","Hallownest:TeacherSealRelic","Hallownest:DreamNailRelic","Dream Catcher","Bag of Preparation","Toxic Egg 2"],"acts_visited":["Exordium"],"potions_floor_usage":[],"damage_taken":[{"damage":3,"enemies":"Hallownest:2_Baldur","floor":1,"turns":4},{"damage":3,"enemies":"Hallownest:monsterHuskWarrior","floor":5,"turns":3},{"damage":0,"enemies":"Hallownest:eliteVengeflyKing","floor":8,"turns":4},{"damage":2,"enemies":"Hallownest:2_Tiktiks_and_1_Crawlid","floor":10,"turns":2},{"damage":13,"enemies":"Hallownest:eliteCrystalGuardian","floor":11,"turns":6},{"damage":8,"enemies":"Hallownest:monsterFoolEater","floor":12,"turns":3},{"damage":49,"enemies":"Hallownest:BossBrokenVessel","floor":16,"turns":12}],"seed_played":"-7514666001715692495","potions_obtained":[{"floor":5,"key":"EssenceOfSteel"}],"is_trial":false,"path_per_floor":["M","$","?","?","M","R","$","E","T","M","E","M","$","?","R","B"],"character_chosen":"HIEROPHANT","items_purchased":["hierophant:PassingBell","Panacea+1"],"campfire_rested":1,"item_purchase_floors":[2,13],"current_hp_per_floor":[51,51,51,51,48,48,48,48,48,46,33,25,25,25,45,0,0],"gold":84,"neow_bonus":"REMOVE_TWO","is_daily":false,"chose_seed":false,"campfire_upgraded":1,"win_rate":0.0,"timestamp":1610934964,"path_taken":["M","$","?","?","M","R","$","E","T","?","E","M","$","?","R","BOSS"],"items_purchased_type":["Card","Card"],"build_version":"2020-12-22","purchased_purges":1,"victory":false,"max_hp_per_floor":[75,75,75,75,75,75,75,75,75,75,75,75,75,68,68,68,68],"card_choices":[{"not_picked":["hierophant:Alms","hierophant:Empathy"],"picked":"hierophant:Encroach","floor":1},{"not_picked":["hierophant:Purify","hierophant:Doubloon"],"picked":"hierophant:FieryStrike","floor":5},{"not_picked":["hierophant:OrnateJavelin","hierophant:CursedGold"],"picked":"hierophant:OrnateBuckler","floor":8},{"not_picked":["hierophant:FieryStrike","hierophant:AuricShield"],"picked":"hierophant:MirrorShield","floor":10},{"not_picked":["hierophant:Charity","hierophant:Generosity","hierophant:Mercenaries"],"picked":"SKIP","floor":11},{"not_picked":["hierophant:Flagellation+1","hierophant:RustyCrate+1"],"picked":"hierophant:Endure+1","floor":12}],"player_experience":421004,"relics_obtained":[{"floor":8,"key":"Dream Catcher"},{"floor":9,"key":"Bag of Preparation"},{"floor":11,"key":"Toxic Egg 2"}],"event_choices":[],"is_beta":false,"boss_relics":[],"items_purged_floors":[7],"is_endless":false,"potions_floor_spawned":[5],"killed_by":"Hallownest:BossBrokenVessel","ascension_level":0}}