{"host":"y193d0agu1dp5x1y","time":1610998377,"event":{"mods":["AchievementEnabler","BaseMod","Googly Eyes","Minty Spire (QoL Compilation)"],"gold_per_floor":[118,7,182,132,144,144,173,173,198,198,213,213,239,239,239,343,343,357,372,372,17,17,49,65,65,65,77,77,88,108,118,118,118,118],"floor_reached":33,"language":"ENG","playtime":1473,"items_purged":["Strike_P","Defend_P"],"score":350,"play_id":"8634db24-e795-40c2-96fc-867c9a7c6379","local_time":"20210118133257","is_ascension_mode":false,"campfire_choices":[{"data":"BattleHymn","floor":6.0,"key":"SMITH"},{"floor":12.0,"key":"RECALL"},{"data":"Meditate","floor":15.0,"key":"SMITH"},{"floor":25,"key":"REST"},{"floor":28,"key":"REST"},{"floor":32,"key":"REST"}],"circlet_count":0,"master_deck":["Strike_P","Strike_P","Defend_P","Defend_P","Eruption","Vigilance","EmptyBody","BattleHymn+1","Halt+1","EmptyFist","Meditate+1","FlurryOfBlows","Halt+1","FlurryOfBlows","LikeWater","FlurryOfBlows+1","Normality","Consecrate","Prostrate","FlurryOfBlows","EmptyBody+1"],"relics":["Cursed Key","HornCleat","Bag of Preparation","The Courier","Empty Cage","MutagenicStrength","Bottled Tornado","Turnip"],"acts_visited":["Exordium","TheCity"],"potions_floor_usage":[24,30,31,33],"damage_taken":[{"damage":7.0,"enemies":"Small Slimes","floor":1.0,"turns":3.0},{"damage":0.0,"enemies":"2 Louse","floor":5.0,"turns":3.0},{"damage":0.0,"enemies":"Lagavulin","floor":7.0,"turns":4.0},{"damage":0.0,"enemies":"Jaw Worm","floor":11.0,"turns":2.0},{"damage":0.0,"enemies":"Gremlin Nob","floor":13.0,"turns":3.0},{"damage":22.0,"enemies":"Hexaghost","floor":16.0,"turns":6.0},{"damage":1.0,"enemies":"Spheric Guardian","floor":18.0,"turns":3.0},{"damage":0.0,"enemies":"Shell Parasite","floor":19.0,"turns":4.0},{"damage":52.0,"enemies":"Gremlin Leader","floor":23.0,"turns":6.0},{"damage":3,"enemies":"Shelled Parasite and Fungi","floor":24,"turns":5},{"damage":7,"enemies":"3 Cultists","floor":27,"turns":6},{"damage":0,"enemies":"Sentry and Sphere","floor":29,"turns":3},{"damage":13,"enemies":"Centurion and Healer","floor":30,"turns":6},{"damage":23,"enemies":"Snake Plant","floor":31,"turns":6},{"damage":76,"enemies":"Champ","floor":33,"turns":8}],"seed_played":"-8173532000937160960","potions_obtained":[{"floor":7.0,"key":"Energy Potion"},{"floor":13.0,"key":"Strength Potion"},{"floor":19.0,"key":"SkillPotion"},{"floor":23.0,"key":"Swift Potion"},{"floor":27,"key":"SpeedPotion"},{"floor":29,"key":"SteroidPotion"},{"floor":31,"key":"Swift Potion"}],"is_trial":false,"path_per_floor":["M","$","?","?","M","R","E","?","T","?","M","R","E","?","R","B",null,"M","M","?","$","?","E","M","R","T","M","R","M","M","M","R","B"],"character_chosen":"WATCHER","items_purchased":["BattleHymn","FlurryOfBlows","LikeWater","Bottled Tornado"],"campfire_rested":3,"item_purchase_floors":[2,21,21,21],"current_hp_per_floor":[65,65,65,65,65,65,65,65,65,58,58,58,58,58,58,36,69,68,68,68,68,68,16,13,33,33,26,46,46,33,10,30,0,0],"gold":118,"neow_bonus":"BOSS_RELIC","is_daily":false,"chose_seed":false,"campfire_upgraded":2,"win_rate":0.0,"timestamp":1610998377,"path_taken":["M","$","?","?","M","R","E","?","T","?","?","R","E","?","R","BOSS","M","M","?","$","?","E","M","R","T","M","R","M","M","?","R","BOSS"],"items_purchased_type":["Card","Card","Card","Relic"],"build_version":"2020-12-22","purchased_purges":2,"victory":false,"max_hp_per_floor":[72,72,72,72,72,72,72,72,72,69,69,69,69,69,69,69,69,69,69,69,69,69,69,69,69,69,69,69,69,69,69,69,69,69],"card_choices":[{"not_picked":["Evaluate","Protect"],"picked":"EmptyBody","floor":1.0},{"not_picked":["EmptyBody","FlyingSleeves"],"picked":"Halt","floor":5.0},{"not_picked":["Nirvana","BowlingBash","MasterReality"],"picked":"SKIP","floor":7.0},{"not_picked":["EmptyBody","Protect"],"picked":"EmptyFist","floor":11.0},{"not_picked":["ClearTheMind","Omniscience"],"picked":"Meditate","floor":13.0},{"not_picked":["FollowUp","EmptyBody"],"picked":"FlurryOfBlows","floor":18.0},{"not_picked":["PathToVictory","EmptyMind+1"],"picked":"Halt+1","floor":19.0},{"not_picked":["Brilliance","FlyingSleeves+1","Nirvana"],"picked":"SKIP","floor":23.0},{"not_picked":["WaveOfTheHand","Wallop"],"picked":"FlurryOfBlows+1","floor":24},{"not_picked":["ThirdEye","CrushJoints"],"picked":"Consecrate","floor":27},{"not_picked":["Conclude","WheelKick"],"picked":"Prostrate","floor":29},{"not_picked":["Crescendo","Wallop"],"picked":"FlurryOfBlows","floor":30},{"not_picked":["DevaForm","SashWhip"],"picked":"EmptyBody+1","floor":31}],"player_experience":126701,"relics_obtained":[{"floor":7.0,"key":"HornCleat"},{"floor":9.0,"key":"Bag of Preparation"},{"floor":13.0,"key":"The Courier"},{"floor":23.0,"key":"Turnip"}],"event_choices":[{"damage_healed":0.0,"max_hp_gain":0.0,"max_hp_loss":0.0,"gold_gain":175.0,"event_name":"Liars Game","player_choice":"AGREE","floor":3.0,"gold_loss":0.0,"damage_taken":0.0,"cards_obtained":["Doubt"]},{"cards_removed":["Doubt"],"damage_healed":0.0,"max_hp_gain":0.0,"max_hp_loss":0.0,"gold_gain":0.0,"event_name":"The Cleric","player_choice":"Card Removal","floor":4.0,"gold_loss":50.0,"damage_taken":0.0},{"damage_healed":0.0,"max_hp_gain":0.0,"max_hp_loss":0.0,"gold_gain":0.0,"event_name":"Living Wall","player_choice":"Grow","floor":8.0,"gold_loss":0.0,"damage_taken":0.0,"cards_upgraded":["Halt"]},{"cards_removed":["Parasite"],"damage_healed":0.0,"max_hp_gain":0.0,"max_hp_loss":0.0,"gold_gain":0.0,"event_name":"Golden Wing","player_choice":"Card Removal","floor":10.0,"gold_loss":0.0,"damage_taken":7.0},{"damage_healed":0.0,"max_hp_gain":0.0,"max_hp_loss":0.0,"gold_gain":0.0,"event_name":"Golden Idol","player_choice":"Ignored","floor":14.0,"gold_loss":0.0,"damage_taken":0.0},{"damage_healed":0.0,"max_hp_gain":0.0,"max_hp_loss":0.0,"gold_gain":0.0,"event_name":"Drug Dealer","player_choice":"Inject Mutagens","floor":20.0,"gold_loss":0.0,"damage_taken":0.0,"relics_obtained":["MutagenicStrength"]},{"damage_healed":0.0,"max_hp_gain":0.0,"max_hp_loss":0.0,"gold_gain":0.0,"event_name":"Ghosts","player_choice":"Ignored","floor":22.0,"gold_loss":0.0,"damage_taken":0.0}],"is_beta":false,"boss_relics":[{"not_picked":["SlaversCollar","SacredBark"],"picked":"Empty Cage"}],"items_purged_floors":[2,21],"is_endless":false,"potions_floor_spawned":[7,13,19,23,27,29,31],"killed_by":"Champ","ascension_level":0}}