{"host":"k5ju8d0zk0rk1tfm","time":1610943606,"event":{"mods":["100% Spire Juice","2.2 Compatiblity","Act Like it!","BaseMod","ChefMod","GifTheSpireLib","Hallownest","Hermit","Infinite Spire","Jorbs\u0027s Wanderer Trilogy","Marisa????????","Minty Spire (QoL Compilation)","Potionbrewer","Random Character Button","Replay The Spire","Shade Mod","StSLib","Stuff the Spire","The Alterego","The Bug Knight","The Cursed","The Florist","The Hierophant","The Judge","The Jungle","The Marked","The Necromancer","The Senshi","The Servant 0.9.4","The Spell Scribe","TheSwordswoman","thorton"],"gold_per_floor":[119,119,119,135,58,58,84,103,103,137,155,155,173,173,173,269,269,282,295,305,305,305,305,305],"floor_reached":23,"language":"ENG","playtime":2052,"items_purged":[],"score":226,"play_id":"07002172-2499-49f3-b9b7-211af2325e67","local_time":"20210117212006","is_ascension_mode":false,"campfire_choices":[{"data":"Agrypnos:Trowel","floor":6,"key":"SMITH"},{"floor":12,"key":"REST"},{"data":"Agrypnos:Composting","floor":15,"key":"SMITH"}],"circlet_count":0,"master_deck":["Agrypnos:BasicStrike","Agrypnos:BasicStrike","Agrypnos:BasicStrike","Agrypnos:BasicStrike","Agrypnos:BasicDefend","Agrypnos:BasicDefend","Agrypnos:BasicDefend","Agrypnos:BasicDefend","Agrypnos:Dandelion","Agrypnos:Trowel+1","Agrypnos:Carnation","Agrypnos:Zinnia","Agrypnos:Harvest","Agrypnos:RoseGarden","Agrypnos:MortarAndPestle","Agrypnos:Composting+1","Agrypnos:Leaf+1","Agrypnos:Azalea+1","Agrypnos:QueenOfTheNight","Agrypnos:ViolentBloom+1","Agrypnos:Shell","Agrypnos:Zinnia+1"],"relics":["Agrypnos:Floristry","NeowsBlessing","HornCleat","Incense Burner","Molten Egg 2","Replay:Wax Seal","Regal Pillow"],"acts_visited":["Exordium","TheCity"],"potions_floor_usage":[8,16],"damage_taken":[{"damage":0,"enemies":"Jaw Worm","floor":1,"turns":1},{"damage":0,"enemies":"Small Slimes","floor":4,"turns":1},{"damage":0,"enemies":"3 Sentries","floor":7,"turns":2},{"damage":0,"enemies":"2 Louse","floor":8,"turns":4},{"damage":31,"enemies":"Gremlin Nob","floor":10,"turns":5},{"damage":9,"enemies":"Gremlin Gang","floor":11,"turns":7},{"damage":0,"enemies":"3 Louse","floor":13,"turns":5},{"damage":11,"enemies":"The Guardian","floor":16,"turns":13},{"damage":0,"enemies":"Chosen","floor":18,"turns":7},{"damage":6,"enemies":"Shell Parasite","floor":19,"turns":6},{"damage":11,"enemies":"Snecko","floor":20,"turns":10},{"damage":69,"enemies":"Slavers","floor":23,"turns":8}],"seed_played":"6743758557335465955","potions_obtained":[{"floor":1,"key":"CultistPotion"},{"floor":8,"key":"Fruit Juice"},{"floor":10,"key":"potionbrewer:QuicksilverPotion"},{"floor":16,"key":"Weak Potion"},{"floor":18,"key":"Dexterity Potion"}],"is_trial":false,"path_per_floor":["M","?","?","M","$","R","E","M","T","E","M","R","M","?","R","B",null,"M","M","M","?","?","E"],"character_chosen":"THE_FLORIST","items_purchased":["Agrypnos:Harvest"],"campfire_rested":1,"item_purchase_floors":[5],"current_hp_per_floor":[70,70,70,70,70,70,70,75,75,49,45,67,72,72,72,64,75,75,69,63,63,63,0,0],"gold":305,"neow_bonus":"THREE_ENEMY_KILL","is_daily":false,"chose_seed":false,"campfire_upgraded":2,"win_rate":0.0,"timestamp":1610943606,"path_taken":["M","?","?","M","$","R","E","M","T","E","M","R","M","?","R","BOSS","M","?","M","?","?","E"],"items_purchased_type":["Card"],"build_version":"2020-12-22","purchased_purges":0,"victory":false,"max_hp_per_floor":[70,70,70,70,70,70,70,75,75,75,75,75,75,75,75,75,75,75,75,75,75,75,75,75],"card_choices":[{"not_picked":["Agrypnos:ViolentBloom","Agrypnos:Till"],"picked":"Agrypnos:Carnation","floor":1},{"not_picked":["Agrypnos:StormShelter","Agrypnos:Till"],"picked":"Agrypnos:Zinnia","floor":4},{"not_picked":["Agrypnos:FloralScent","Agrypnos:StormShelter"],"picked":"Agrypnos:RoseGarden","floor":7},{"not_picked":["Agrypnos:Pesticide","Agrypnos:Harvest"],"picked":"Agrypnos:MortarAndPestle","floor":8},{"not_picked":["Agrypnos:CombTheEarth","Agrypnos:NaturePurity"],"picked":"Agrypnos:Composting","floor":10},{"not_picked":["Agrypnos:Rake+1","Agrypnos:Pesticide"],"picked":"Agrypnos:Leaf+1","floor":11},{"not_picked":["Agrypnos:Hyacinth+1","Agrypnos:ViolentBloom+1"],"picked":"Agrypnos:Azalea+1","floor":13},{"not_picked":["Agrypnos:Rue","Agrypnos:FuneralWreath+1"],"picked":"Agrypnos:QueenOfTheNight","floor":16},{"not_picked":["Agrypnos:FloralScent","Agrypnos:Poppy"],"picked":"Agrypnos:ViolentBloom+1","floor":18},{"not_picked":["Agrypnos:Rake+1","Agrypnos:Till+1"],"picked":"Agrypnos:Shell","floor":19},{"not_picked":["Agrypnos:FloralScent","Agrypnos:CombTheEarth"],"picked":"Agrypnos:Zinnia+1","floor":20}],"player_experience":226686,"relics_obtained":[{"floor":2,"key":"HornCleat"},{"floor":7,"key":"Incense Burner"},{"floor":9,"key":"Molten Egg 2"},{"floor":10,"key":"Replay:Wax Seal"}],"event_choices":[{"damage_healed":0,"gold_gain":0,"player_choice":"Ignored","damage_taken":0,"max_hp_gain":0,"max_hp_loss":0,"event_name":"Golden Wing","floor":3,"gold_loss":0},{"damage_healed":0,"gold_gain":0,"player_choice":"Gave Potion","damage_taken":0,"relics_obtained":["Regal Pillow"],"max_hp_gain":0,"max_hp_loss":0,"event_name":"WeMeetAgain","floor":14,"gold_loss":0}],"is_beta":false,"boss_relics":[{"not_picked":["Honey Jar","Pandora\u0027s Box","Runic Pyramid"]}],"items_purged_floors":[],"is_endless":false,"potions_floor_spawned":[1,8,10,16,18],"killed_by":"Slavers","ascension_level":0}}