{"host":"vrsxkkch9ccrec7k","time":1610998265,"event":{"mods":["Act Like it!","BaseMod","Bestiary","Better Sensory Stone","Better Third Choice","Better Vampires","Downfall","Minty Spire (QoL Compilation)","Permanent Neow","Relic Stats","Spicy Shops","StSLib"],"gold_per_floor":[99,110,110,123,142,162,162,72,101,121,141,141,161,187,205,205,205,205],"floor_reached":16,"language":"ENG","playtime":1424,"items_purged":["Pain"],"score":190,"play_id":"138024fb-4838-4538-8a00-480a1adc88eb","local_time":"20210118143105","is_ascension_mode":true,"campfire_choices":[{"data":"champ:Execute","floor":1,"key":"SMITH"},{"data":"champ:Taunt","floor":12,"key":"SMITH"}],"circlet_count":0,"master_deck":["champ:Strike","champ:Strike","champ:Strike","champ:Strike","champ:Defend","champ:Defend","champ:Defend","champ:Defend","champ:Execute+1","champ:Taunt+1","champ:DefensiveShout","champ:FocusedDefense","champ:Circumvent","champ:Lariat","champ:CalledShot","champ:StanceDance","champ:TornadoPunch","champ:Parry","champ:EnchantCrown","champ:ShieldSigil"],"relics":["champ:ChampionCrown","WarpedTongs","Letter Opener","Gremlin Horn","Mummified Hand"],"acts_visited":["Exordium"],"potions_floor_usage":[6,9,11,16,16],"damage_taken":[{"damage":11,"enemies":"2 Louse","floor":2,"turns":3},{"damage":12,"enemies":"Cultist","floor":4,"turns":3},{"damage":13,"enemies":"Small Slimes","floor":5,"turns":3},{"damage":17,"enemies":"Exordium Thugs","floor":6,"turns":4},{"damage":10,"enemies":"downfall:FleeingMerchant","floor":8,"turns":4},{"damage":0,"enemies":"Lagavulin","floor":9,"turns":6},{"damage":28,"enemies":"Blue Slaver","floor":10,"turns":4},{"damage":30,"enemies":"Lots of Slimes","floor":11,"turns":2},{"damage":41,"enemies":"Large Slime","floor":13,"turns":5},{"damage":18,"enemies":"3 Sentries","floor":14,"turns":5},{"damage":10,"enemies":"Red Slaver","floor":15,"turns":3},{"damage":66,"enemies":"WA_ARCHETYPE_RETAIN","floor":16,"turns":6}],"seed_played":"-5263309391496345225","potions_obtained":[{"floor":0,"key":"SpeedPotion"},{"floor":0,"key":"champ:TechniquePotion"},{"floor":0,"key":"PowerPotion"},{"floor":6,"key":"bronze:BurnAndBuffPotion"},{"floor":10,"key":"SkillPotion"},{"floor":11,"key":"ColorlessPotion"},{"floor":13,"key":"champ:OpenerPotion"},{"floor":14,"key":"Block Potion"}],"is_trial":false,"path_per_floor":["R","M","?","M","M","M","T","$","E","M","M","R","M","E","M","B"],"character_chosen":"THE_CHAMP","items_purchased":[],"campfire_rested":0,"item_purchase_floors":[],"current_hp_per_floor":[81,80,80,78,75,68,68,68,68,65,65,65,64,56,56,0,0,0],"gold":205,"neow_bonus":"THREE_SMALL_POTIONS","is_daily":false,"chose_seed":false,"campfire_upgraded":2,"win_rate":0.0,"timestamp":1610998265,"path_taken":["R","M","?","?","M","M","T","?","E","M","M","R","M","E","M","BOSS"],"items_purchased_type":[],"build_version":"2020-12-22","purchased_purges":1,"victory":false,"max_hp_per_floor":[90,90,90,90,90,90,90,90,90,90,90,90,90,90,90,90,90,90],"relic_stats":{"Gremlin Horn":[7,7],"counters":[12,48],"Mummified Hand":[0],"Letter Opener":[98],"obtain_stats":[{"Gremlin Horn":9,"Mummified Hand":14,"champ:ChampionCrown":0,"Letter Opener":7,"WarpedTongs":3},{"Gremlin Horn":6,"Mummified Hand":10,"champ:ChampionCrown":0,"Letter Opener":4,"WarpedTongs":1},{"Gremlin Horn":23,"Mummified Hand":39,"champ:ChampionCrown":0,"Letter Opener":13,"WarpedTongs":3}],"WarpedTongs":[45]},"card_choices":[{"not_picked":["champ:Parry","champ:SwordSigil"],"picked":"champ:DefensiveShout","floor":2},{"not_picked":["champ:BringItOn","champ:GutPunch"],"picked":"champ:FocusedDefense","floor":4},{"not_picked":["champ:PerfectedStrike","champ:FaceSlap"],"picked":"champ:Circumvent","floor":5},{"not_picked":["champ:FlashCut","champ:HeartStrike"],"picked":"champ:Lariat","floor":6},{"not_picked":["champ:Backstep","champ:EnragedBash"],"picked":"champ:CalledShot","floor":8},{"not_picked":["champ:BladeFlurry","champ:AdrenalArmor","champ:IgnorePain"],"picked":"SKIP","floor":9},{"not_picked":["champ:RapidStrikes","champ:FaceSlap"],"picked":"champ:StanceDance","floor":10},{"not_picked":["champ:FanOfKnives","champ:BringItOn"],"picked":"champ:TornadoPunch","floor":11},{"not_picked":["champ:SetATrap","champ:ShieldWall"],"picked":"champ:Parry","floor":13},{"not_picked":["champ:FanOfKnives","champ:Backstep"],"picked":"champ:EnchantCrown","floor":14},{"not_picked":["champ:Duel","champ:BerserkersShout"],"picked":"champ:ShieldSigil","floor":15}],"player_experience":1609840,"relics_obtained":[{"floor":7,"key":"Letter Opener"},{"floor":9,"key":"Gremlin Horn"},{"floor":14,"key":"Mummified Hand"}],"event_choices":[{"damage_healed":0,"gold_gain":0,"player_choice":"Rummage","damage_taken":0,"relics_obtained":["WarpedTongs"],"max_hp_gain":0,"max_hp_loss":0,"event_name":"Accursed Blacksmith","floor":3,"gold_loss":0,"cards_obtained":["Pain"]}],"is_beta":false,"boss_relics":[],"items_purged_floors":[8],"is_endless":false,"potions_floor_spawned":[6,10,11,13,14],"killed_by":"WA_ARCHETYPE_RETAIN","ascension_level":7}}