{"host":"szp1d6dso4pv7ddl","time":1610939915,"event":{"mods":["AchievementEnabler","Alarm Clock","BaseMod","Bestiary","Block Reminder","Colored Map","Colored Powertips","Curses Come First","Dark Map","Displayed Cursed Tome","Highlight Path","Minty Spire (QoL Compilation)","Permanent Neow","Quick Restart","Relic Sorter","Relic Stats","StSLib","Synergy Search"],"gold_per_floor":[116,66,66,86,86,86,114,128,154,187,35,47,47,58,58,58,58],"floor_reached":16,"language":"ENG","playtime":677,"items_purged":[],"score":187,"play_id":"d9cad275-df3d-42bc-9e3d-ca04aa529698","local_time":"20210117191835","is_ascension_mode":true,"campfire_choices":[{"data":"Bash","floor":6,"key":"SMITH"},{"floor":15,"key":"REST"}],"circlet_count":0,"master_deck":["AscendersBane","Strike_R","Strike_R","Strike_R","Strike_R","Strike_R","Defend_R","Defend_R","Defend_R","Bash+1","Twin Strike","Shrug It Off","Twin Strike","Ghostly Armor","Pommel Strike","Offering","Perfected Strike"],"relics":["Burning Blood","PreservedInsect","GremlinMask","Dream Catcher","Bottled Flame","Anchor","Orichalcum"],"acts_visited":["Exordium"],"potions_floor_usage":[],"damage_taken":[{"damage":0,"enemies":"Small Slimes","floor":1,"turns":3},{"damage":8,"enemies":"2 Louse","floor":4,"turns":3},{"damage":40,"enemies":"Lagavulin","floor":7,"turns":6},{"damage":3,"enemies":"Cultist","floor":8,"turns":4},{"damage":20,"enemies":"Gremlin Nob","floor":10,"turns":4},{"damage":9,"enemies":"Looter","floor":12,"turns":4},{"damage":0,"enemies":"Exordium Wildlife","floor":14,"turns":3},{"damage":49,"enemies":"Slime Boss","floor":16,"turns":6}],"seed_played":"6314940205629375001","potions_obtained":[{"floor":7,"key":"Swift Potion"},{"floor":8,"key":"LiquidBronze"}],"is_trial":false,"path_per_floor":["M","?","?","M","?","R","E","M","T","E","$","M","?","M","R","B"],"character_chosen":"IRONCLAD","items_purchased":["Offering"],"campfire_rested":1,"item_purchase_floors":[11],"current_hp_per_floor":[74,74,74,72,60,60,26,29,29,15,15,12,12,18,40,0,0],"gold":58,"neow_bonus":"RANDOM_COMMON_RELIC","is_daily":false,"chose_seed":false,"campfire_upgraded":1,"win_rate":0.0,"timestamp":1610939915,"path_taken":["M","?","?","?","?","R","E","M","T","E","?","?","?","M","R","BOSS"],"items_purchased_type":["Card"],"build_version":"2020-12-22","purchased_purges":0,"victory":false,"max_hp_per_floor":[75,75,75,75,75,75,75,75,75,75,75,75,75,75,75,75,75],"relic_stats":{"Dream Catcher":1,"counters":[8,33],"PreservedInsect":51,"Orichalcum":[12],"obtain_stats":[{"Dream Catcher":5,"Bottled Flame":7,"Anchor":9,"GremlinMask":3,"PreservedInsect":0,"Orichalcum":10,"Burning Blood":0},{"Dream Catcher":2,"Bottled Flame":3,"Anchor":4,"GremlinMask":1,"PreservedInsect":0,"Orichalcum":5,"Burning Blood":0},{"Dream Catcher":6,"Bottled Flame":12,"Anchor":16,"GremlinMask":3,"PreservedInsect":0,"Orichalcum":20,"Burning Blood":0}],"Burning Blood":42},"card_choices":[{"not_picked":["Blood for Blood","Havoc"],"picked":"Twin Strike","floor":1},{"not_picked":["Warcry","Exhume"],"picked":"Shrug It Off","floor":4},{"not_picked":["Armaments","True Grit"],"picked":"Twin Strike","floor":7},{"not_picked":["Clash","Heavy Blade"],"picked":"Ghostly Armor","floor":8},{"not_picked":["Infernal Blade","Anger"],"picked":"Pommel Strike","floor":10},{"not_picked":["True Grit","Hemokinesis","Warcry"],"picked":"SKIP","floor":12},{"not_picked":["Clothesline","Burning Pact","Havoc"],"picked":"SKIP","floor":14},{"not_picked":["True Grit","Cleave"],"picked":"Perfected Strike","floor":15}],"player_experience":1210314,"relics_obtained":[{"floor":7,"key":"Bottled Flame"},{"floor":9,"key":"Anchor"},{"floor":10,"key":"Orichalcum"}],"event_choices":[{"cards_removed":["Defend_R"],"damage_healed":0,"gold_gain":0,"player_choice":"Card Removal","damage_taken":0,"max_hp_gain":0,"max_hp_loss":0,"event_name":"The Cleric","floor":2,"gold_loss":50},{"damage_healed":0,"gold_gain":0,"player_choice":"Trade","damage_taken":0,"relics_obtained":["GremlinMask"],"max_hp_gain":0,"max_hp_loss":0,"event_name":"FaceTrader","floor":3,"gold_loss":0},{"damage_healed":0,"gold_gain":0,"player_choice":"Success","damage_taken":12,"relics_obtained":["Dream Catcher"],"max_hp_gain":0,"max_hp_loss":0,"event_name":"Scrap Ooze","floor":5,"gold_loss":0},{"damage_healed":0,"gold_gain":0,"player_choice":"Ignored","damage_taken":0,"max_hp_gain":0,"max_hp_loss":0,"event_name":"Golden Idol","floor":13,"gold_loss":0}],"is_beta":false,"boss_relics":[],"items_purged_floors":[],"is_endless":false,"potions_floor_spawned":[7,8,12,14],"killed_by":"Slime Boss","ascension_level":14}}