{"host":"Ringo","time":1610977586,"event":{"mods":["BaseMod","Colored Map","Conspire","Dota2Spire","Minty Spire (QoL Compilation)","StSLib","[IsaacMod]ÒÔÈö¼âËþ","¡¾ÒÅÎï¿¨ÅÆ¡¿REMEMod"],"gold_per_floor":[115,131,145,163,173,173,206,206,287,212,231,264,264,283,283,380,380,390,45,60,70,90,90,90,101,124,154,154,184,284,314,314,314,314],"floor_reached":33,"language":"ZHS","playtime":1107,"items_purged":["Defend_R","Parasite"],"score":404,"play_id":"47ff64c4-14d6-4f23-bba3-8ed901677ed4","local_time":"20210118214626","is_ascension_mode":true,"campfire_choices":[{"data":"Armaments","floor":6.0,"key":"SMITH"},{"data":"Clash","floor":8.0,"key":"SMITH"},{"data":"Armaments","floor":15.0,"key":"SMITH"},{"floor":23,"key":"REST"},{"floor":28,"key":"DIG"},{"floor":32,"key":"DIG"}],"circlet_count":0,"master_deck":["Strike_R+1","Strike_R+1","Strike_R+1","Strike_R+1","Strike_R+1","Defend_R+1","Defend_R+1","Defend_R+1","Bash","Echo Form","Armaments+1","Spot Weakness","Clash+1","Thunderclap","Flex","Armaments+1","Anger","Offering","Shrug It Off+1","Inflame","Iron Wave+1","Clash","Cleave"],"relics":["Burning Blood","HushsDoor","REME_ComplimentaryCards","Chaos","Cracked Core","Ninja Scroll","Calipers","Paper Crane","Dota2Spire:EyeOfSkadi","Dota2Spire:AghanimScepter","Habit","Shovel","Cauldron","Dota2Spire:UrnOfShadows","Dead Branch","Champion Belt","HowToJump","Smiling Mask"],"acts_visited":["Exordium","TheCity"],"potions_floor_usage":[21,29,29,30,33],"damage_taken":[{"damage":0.0,"enemies":"Cultist","floor":1.0,"turns":1.0},{"damage":6.0,"enemies":"conspire:RoseBush","floor":2.0,"turns":4.0},{"damage":7.0,"enemies":"Jaw Worm","floor":3.0,"turns":3.0},{"damage":6.0,"enemies":"Blue Slaver","floor":4.0,"turns":3.0},{"damage":19.0,"enemies":"Exordium Wildlife","floor":5.0,"turns":4.0},{"damage":34.0,"enemies":"Gremlin Nob","floor":7.0,"turns":5.0},{"damage":21.0,"enemies":"conspire:2 RoseBushes","floor":11.0,"turns":4.0},{"damage":10.0,"enemies":"3 Sentries","floor":12.0,"turns":4.0},{"damage":0.0,"enemies":"Blue Slaver","floor":14.0,"turns":2.0},{"damage":42.0,"enemies":"The Guardian","floor":16.0,"turns":8.0},{"damage":15,"enemies":"Shell Parasite","floor":18,"turns":4},{"damage":12,"enemies":"conspire:FuzzyDice","floor":20,"turns":4},{"damage":30,"enemies":"Snake Plant","floor":21,"turns":4},{"damage":14,"enemies":"3 Cultists","floor":22,"turns":5},{"damage":9,"enemies":"Cultist and Chosen","floor":25,"turns":3},{"damage":17,"enemies":"Slavers","floor":27,"turns":4},{"damage":12,"enemies":"conspire:MimicChest","floor":29,"turns":4},{"damage":8,"enemies":"Colosseum Slavers","floor":30,"turns":2},{"damage":1,"enemies":"Colosseum Nobs","floor":30,"turns":3},{"damage":21,"enemies":"REME_1_Revenger","floor":31,"turns":4},{"damage":23,"enemies":"conspire:MysteriousRune","floor":33,"turns":2}],"seed_played":"6035381794409440789","potions_obtained":[{"floor":3.0,"key":"ColorlessPotion"},{"floor":5.0,"key":"Dexterity Potion"},{"floor":7.0,"key":"BloodPotion"},{"floor":11.0,"key":"FearPotion"},{"floor":20,"key":"Explosive Potion"},{"floor":22,"key":"LiquidBronze"},{"floor":28,"key":"Energy Potion"},{"floor":28,"key":"Regen Potion"},{"floor":29,"key":"Explosive Potion"}],"is_trial":false,"path_per_floor":["M","M","M","M","M","R","E","R","T","$","M","E","?","M","R","B",null,"M","$","M","M","M","R","?","M","T","E","R","?","?","E","R","B"],"character_chosen":"IRONCLAD","items_purchased":["Dota2Spire:AghanimScepter"],"campfire_rested":1,"item_purchase_floors":[19],"current_hp_per_floor":[78,78,77,77,64,64,36,36,36,36,37,33,53,59,59,23,71,62,62,56,32,24,48,48,45,45,34,34,40,43,31,31,11,11],"gold":314,"neow_bonus":"RANDOM_COMMON_RELIC","is_daily":false,"chose_seed":false,"campfire_upgraded":3,"win_rate":0.0,"timestamp":1610977586,"path_taken":["M","M","M","?","M","R","E","R","T","$","?","E","?","M","R","BOSS","M","$","M","M","M","R","?","M","T","E","R","?","?","E","R","BOSS"],"items_purchased_type":["Relic"],"build_version":"2020-12-18","purchased_purges":2,"victory":false,"max_hp_per_floor":[80,80,80,80,80,80,80,80,80,80,80,80,80,80,80,80,85,85,82,82,82,82,82,82,82,82,82,82,82,82,82,82,82,82],"card_choices":[{"not_picked":[],"picked":"Bomb","floor":0.0},{"not_picked":["Heavy Blade","Body Slam"],"picked":"Armaments","floor":1.0},{"not_picked":["REME_FearOfPain","conspire:ExplosiveBarrier","Sever Soul"],"picked":"SKIP","floor":2.0},{"not_picked":["conspire:ExplosiveBarrier","Barricade"],"picked":"Spot Weakness","floor":3.0},{"not_picked":["Perfected Strike","conspire:ExplosiveBarrier"],"picked":"Clash","floor":4.0},{"not_picked":["Dual Wield","Sever Soul","Body Slam"],"picked":"SKIP","floor":5.0},{"not_picked":["Warcry","conspire:HitWhereItHurts"],"picked":"Thunderclap","floor":7.0},{"not_picked":["Thunderclap","True Grit"],"picked":"Flex","floor":11.0},{"not_picked":["Headbutt","Rupture"],"picked":"Armaments","floor":12.0},{"not_picked":["Flex","Warcry"],"picked":"Anger","floor":14.0},{"not_picked":["Demon Form","Bludgeon"],"picked":"Offering","floor":16.0},{"not_picked":["Burning Pact","True Grit"],"picked":"Shrug It Off+1","floor":18},{"not_picked":["Warcry","Feel No Pain"],"picked":"Inflame","floor":20},{"not_picked":["Iron Wave+1","Armaments+1","Battle Trance"],"picked":"SKIP","floor":21},{"not_picked":["Armaments+1","Battle Trance"],"picked":"Iron Wave+1","floor":21},{"not_picked":["Headbutt","Inflame"],"picked":"Clash","floor":22},{"not_picked":["Havoc+1","conspire:Charge","Perfected Strike"],"picked":"SKIP","floor":25},{"not_picked":["Rupture","Rage"],"picked":"Cleave","floor":27},{"not_picked":["REME_FearOfPain","Twin Strike","Bloodletting+1"],"picked":"SKIP","floor":31}],"player_experience":525500,"relics_obtained":[{"floor":7.0,"key":"Ninja Scroll"},{"floor":9.0,"key":"Calipers"},{"floor":12.0,"key":"Paper Crane"},{"floor":26,"key":"Habit"},{"floor":27,"key":"Shovel"},{"floor":28,"key":"Cauldron"},{"floor":29,"key":"Dota2Spire:UrnOfShadows"},{"floor":30,"key":"Dead Branch"},{"floor":30,"key":"Champion Belt"},{"floor":31,"key":"HowToJump"},{"floor":32,"key":"Smiling Mask"}],"event_choices":[{"damage_healed":20.0,"max_hp_gain":0.0,"max_hp_loss":0.0,"gold_gain":0.0,"event_name":"Mushrooms","player_choice":"Healed and dodged fight","floor":13.0,"gold_loss":0.0,"damage_taken":0.0,"cards_obtained":["Parasite"]},{"damage_healed":0,"gold_gain":0,"player_choice":"Simplicity","damage_taken":0,"max_hp_gain":0,"max_hp_loss":0,"event_name":"Back to Basics","floor":24,"gold_loss":0,"cards_upgraded":["Strike_R","Strike_R","Strike_R","Strike_R","Strike_R","Defend_R","Defend_R","Defend_R"]},{"damage_healed":0,"gold_gain":0,"player_choice":"Fight","damage_taken":0,"max_hp_gain":0,"max_hp_loss":0,"event_name":"Colosseum","floor":30,"gold_loss":0},{"damage_healed":0,"gold_gain":0,"player_choice":"Fought Nobs","damage_taken":0,"max_hp_gain":0,"max_hp_loss":0,"event_name":"Colosseum","floor":30,"gold_loss":0}],"is_beta":true,"boss_relics":[{"not_picked":["Mango","NineLifeCat"],"picked":"Dota2Spire:EyeOfSkadi"},{"not_picked":[]}],"items_purged_floors":[10,19],"is_endless":false,"potions_floor_spawned":[3,5,7,11,20,22,29],"killed_by":"conspire:MysteriousRune","ascension_level":7}}