{"host":"d54lcqy5t45er8jx","time":1610986489,"event":{"mods":["2.2 Compatiblity","BaseMod","CapriCore","Defuse TimeMaze Blight","Hermit","Hubris","Infinite Spire","Marisa£¨Ùöéë¡¡Øª×âÞÞ£©","Minty Spire (QoL Compilation)","Rare Cards Sparkle","Relic Stats","StSLib","The Animator","The Cursed","The Immortal","The Servant 0.9.4","WarShipGirlsR/??á´Ò³R mod"],"gold_per_floor":[117,130,141,66,66,110,35,68,68,68,102,102,118,147,147,224,224,237,257,95,95,128,128,161,171,171,171,191,216,241,290,290,382,382,395,395,395,395,414,424,424,439,463,463,480,552,572,630,630,705,798,798,812,812,812,812,824,824,824,824,824,863,872,895,905,926,926,991,991,1003,1003,688,672,672],"floor_reached":73,"language":"ENG","playtime":3892,"items_purged":["ChargeUpSpray","MysteriousBeam","MachineGunSpark","GrandCross","GrandCross"],"score":3703,"play_id":"74d9a682-7594-47c1-82a8-8717daea0046","local_time":"20210119011449","is_ascension_mode":true,"campfire_choices":[{"data":"IllusionStar","floor":10,"key":"SMITH"},{"data":"IllusionStar","floor":12,"key":"SMITH"},{"data":"ManaConvection","floor":15,"key":"SMITH"},{"data":"CollectingQuirk","floor":23,"key":"SMITH"},{"data":"IllusionStar","floor":27,"key":"SMITH"},{"data":"IllusionStar","floor":32,"key":"SMITH"},{"data":"Occultation","floor":41,"key":"SMITH"},{"data":"IllusionStar","floor":44,"key":"SMITH"},{"data":"IllusionStar","floor":49,"key":"SMITH"},{"data":"TreasureHunter","floor":58,"key":"SMITH"},{"data":"BigCrunch","floor":60,"key":"SMITH"},{"data":"ManaRampage","floor":67,"key":"SMITH"}],"circlet_count":0,"master_deck":["AscendersBane","IllusionStar","WitchOfGreed","Acceleration","IllusionStar","AsteroidBelt","StarlightTyphoon","Singularity","LuminesStrike","StarlightTyphoon","MysteriousBeam","MysteriousBeam","ShootingEcho","GalacticHalo","SporeBomb","EnergyRecoil","PropBag","6A","IllusionStar","GrandCross","MilkyWay","EventHorizon","MagicChant","EventHorizon","OortCloud","PropBag","GrandCross","OortCloud","AsteroidBelt","MeteoricShower","EarthLightRay","IllusionStar","SprinkleStarSeal","IllusionStar","WitchLeyline","EventHorizon","AsteroidBelt","NonDirectionalLaser","AlicesGift","ShootingEcho","SporeBomb","SprinkleStarSeal","UnstableBomb","ManaConvection","LuminesStrike","MagicChant","Occultation","MilkyWay","EarthLightRay","AsteroidBelt","AsteroidBelt","AsteroidBelt","GalacticHalo","OortCloud","StarlightTyphoon","WitchOfGreed","MilkyWay","TreasureHunter","CollectingQuirk","IllusionStar","Parasite","Parasite","BigCrunch","Occultation","Flex","Ghostly","Ghostly","GravityBeat","Terror","ChargingUp","BigCrunch","IllusionStar","Seeing Red","ManaRampage","Terror","AbsoluteMagnitude","MagicChant","SatelliteIllusion","BigCrunch","SatelliteIllusion","SatelliteIllusion"],"relics":["animator:TheEruzaStone","TheCursedMod:BlackMagic101","Fusion Hammer","Empty Cage"],"acts_visited":["Exordium","TheCity","TheBeyond","Exordium","TheCity"],"potions_floor_usage":[11,13,14,16,19,24,31,45],"damage_taken":[{"damage":0,"enemies":"Small Slimes","floor":1,"turns":3},{"damage":0,"enemies":"Jaw Worm","floor":2,"turns":3},{"damage":0,"enemies":"Cultist","floor":3,"turns":2},{"damage":36,"enemies":"Gremlin Nob","floor":6,"turns":4},{"damage":0,"enemies":"Blue Slaver","floor":8,"turns":2},{"damage":0,"enemies":"3 Sentries","floor":11,"turns":8},{"damage":23,"enemies":"Gremlin Gang","floor":13,"turns":7},{"damage":0,"enemies":"Gremlin Nob","floor":14,"turns":3},{"damage":19,"enemies":"Slime Boss","floor":16,"turns":7},{"damage":0,"enemies":"Chosen","floor":18,"turns":3},{"damage":5,"enemies":"2 Thieves","floor":19,"turns":3},{"damage":0,"enemies":"Gremlin Leader","floor":22,"turns":3},{"damage":10,"enemies":"Slavers","floor":24,"turns":5},{"damage":0,"enemies":"3 Cultists","floor":25,"turns":2},{"damage":5,"enemies":"Centurion and Healer","floor":28,"turns":3},{"damage":3,"enemies":"Shelled Parasite and Fungi","floor":29,"turns":5},{"damage":0,"enemies":"Nightmare","floor":30,"turns":7},{"damage":1,"enemies":"Snecko","floor":31,"turns":7},{"damage":8,"enemies":"hubris:MusketHawk","floor":33,"turns":6},{"damage":0,"enemies":"3 Shapes","floor":35,"turns":1},{"damage":0,"enemies":"Orb Walker","floor":39,"turns":1},{"damage":0,"enemies":"Spire Growth","floor":40,"turns":1},{"damage":0,"enemies":"3 Darklings","floor":42,"turns":2},{"damage":0,"enemies":"Jaw Worm Horde","floor":45,"turns":1},{"damage":3,"enemies":"Nightmare","floor":46,"turns":3},{"damage":0,"enemies":"Maw","floor":47,"turns":2},{"damage":0,"enemies":"Giant Head","floor":48,"turns":3},{"damage":0,"enemies":"Time Eater","floor":50,"turns":1},{"damage":6,"enemies":"hubris:GrandSnecko","floor":51,"turns":3},{"damage":0,"enemies":"Jaw Worm","floor":53,"turns":1},{"damage":0,"enemies":"Cultist","floor":57,"turns":1},{"damage":0,"enemies":"Gremlin Nob","floor":62,"turns":1},{"damage":0,"enemies":"Small Slimes","floor":63,"turns":1},{"damage":0,"enemies":"Nightmare_Alpha","floor":64,"turns":1},{"damage":0,"enemies":"3 Louse","floor":65,"turns":1},{"damage":0,"enemies":"Gremlin Nob","floor":66,"turns":1},{"damage":0,"enemies":"The Guardian","floor":68,"turns":1},{"damage":0,"enemies":"2 Thieves","floor":70,"turns":1},{"damage":0,"enemies":"3 Byrds","floor":73,"turns":1}],"seed_played":"8738572138642623880","potions_obtained":[{"floor":1,"key":"LiquidBronze"},{"floor":6,"key":"ShroomBrew"},{"floor":11,"key":"SpeedPotion"},{"floor":13,"key":"Explosive Potion"},{"floor":14,"key":"EssenceOfSteel"},{"floor":16,"key":"EssenceOfSteel"},{"floor":19,"key":"Explosive Potion"},{"floor":22,"key":"FearPotion"},{"floor":28,"key":"EssenceOfSteel"},{"floor":31,"key":"BlessingOfTheForge"},{"floor":31,"key":"DistilledChaos"},{"floor":46,"key":"SteroidPotion"},{"floor":46,"key":"Energy Potion"}],"is_trial":true,"path_per_floor":["M","M","M","?","?","E","$","M","T","R","E","R","M","E","R","B",null,"M","M","$","AVR","E","R","E","M","T","R","M","M","NM","M","R","B",null,"M","?","T","AVR","M","M","R","M","T","R","M","NM","M","E","R","B","B",null,"M","AVR","?","?","M","R","T","R","T","E","M","NM","M","E","R","B",null,"M","?","AVR","M"],"character_chosen":"MARISA","items_purchased":["Sling"],"campfire_rested":0,"item_purchase_floors":[20],"current_hp_per_floor":[63,63,69,69,69,34,34,34,34,34,42,42,23,23,23,4,54,54,53,68,68,70,70,66,70,70,70,65,62,66,69,69,68,70,70,70,70,70,70,70,70,70,70,70,70,67,69,70,70,70,68,70,70,84,84,87,87,87,87,87,87,87,87,87,87,87,87,87,87,87,87,83,83,83],"gold":672,"neow_bonus":"","is_daily":false,"chose_seed":false,"campfire_upgraded":12,"win_rate":0.0,"timestamp":1610986489,"path_taken":["M","M","M","?","?","E","$","M","T","R","E","R","?","E","R","BOSS","M","M","?","AVR","?","R","E","M","T","R","?","M","NM","M","R","BOSS","M","?","?","AVR","M","?","R","M","T","R","M","NM","M","E","R","BOSS","BOSS","M","AVR","?","?","M","R","?","R","T","E","M","NM","M","E","R","BOSS","M","?","AVR","M"],"items_purchased_type":["Relic"],"build_version":"2020-12-22","purchased_purges":5,"victory":false,"max_hp_per_floor":[70,70,70,70,70,70,70,70,70,70,70,70,70,70,70,70,70,70,70,70,70,70,70,70,70,70,70,70,70,70,70,70,70,70,70,70,70,70,70,70,70,70,70,70,70,70,70,70,70,70,70,70,70,84,84,87,87,87,87,87,87,87,87,87,87,87,87,87,87,87,87,83,83,83],"relic_stats":{"counters":[39,111],"obtain_stats":[{"hermit:ClaspedLocket":72,"Gremlin Horn":25,"CeramicFish":46,"hubris:VirtuousBlindfold":21,"hubris:MysteriousPyramids":24,"Bottled Tornado":26,"Sling":20,"FrozenCore":72,"Sozu":52,"hermit:RyeStalk":72,"Lizard Tail":14,"HornCleat":48,"Sundial":1,"MealTicket":11,"Fusion Hammer":72,"Girya":72,"TheCursedMod:BlackMagic101":72,"Blue Candle":13,"Pen Nib":22,"animator:TheEruzaStone":72,"Letter Opener":33,"War Paint":43,"Akabeko":62,"animator:CerealBox":72,"Shuriken":53,"hubris:PeanutButter":6,"Pandora\u0027s Box":72,"Black Star":17,"hubris:TenFootPole":30,"MiniHakkero":0,"Pocketwatch":0,"Meat on the Bone":22,"infinitespire:Cupcake":38,"TheCursedMod:SoulVessel":72,"hubris:Reverence":72,"AmplifyWand":25,"Regal Pillow":46,"Lantern":66,"rmod:equipmentrecovery":72,"Melange":72,"StoneCalendar":33,"Mango":54,"Yang":72,"Ancient Tea Set":24,"Empty Cage":34,"Smiling Mask":37,"TheCursedMod:DemonicMark":72,"ClockworkSouvenir":21,"SsserpentHead":72,"hubris:Icosahedron":55,"TheAbacus":72,"Shovel":72,"Mummified Hand":47,"infinitespire:Bottled Soul":64,"Gambling Chip":48,"Tiny Chest":38,"infinitespire:Eraser":72,"infinitespire:Chaos":72,"Runic Pyramid":72,"rmod:extraamm":72,"hubris:64BitClover":62,"infinitespire:EmptyRelic":72,"hubris:MedicalManual":64,"Omamori":66,"infinitespire:CheckeredPen":11,"Mercury Hourglass":16,"ShroomBag":24,"Anchor":22,"infinitespire:DarkRift":72,"Ornamental Fan":11,"MokouMod:PhoenixFeather":72,"Coffee Dripper":69,"Bottled Lightning":61,"animator:AlchemistGlove":72,"Pan":72,"Toy Ornithopter":46,"infinitespire:Midas Blood":59},{"hermit:ClaspedLocket":38,"Gremlin Horn":14,"CeramicFish":25,"hubris:VirtuousBlindfold":11,"hubris:MysteriousPyramids":13,"Bottled Tornado":14,"Sling":11,"FrozenCore":38,"Sozu":29,"hermit:RyeStalk":38,"Lizard Tail":8,"HornCleat":27,"Sundial":1,"MealTicket":6,"Fusion Hammer":38,"Girya":38,"TheCursedMod:BlackMagic101":38,"Blue Candle":7,"Pen Nib":12,"animator:TheEruzaStone":38,"Letter Opener":19,"War Paint":23,"Akabeko":32,"animator:CerealBox":38,"Shuriken":30,"hubris:PeanutButter":4,"Pandora\u0027s Box":38,"Black Star":9,"hubris:TenFootPole":17,"MiniHakkero":0,"Pocketwatch":0,"Meat on the Bone":12,"infinitespire:Cupcake":20,"TheCursedMod:SoulVessel":38,"hubris:Reverence":38,"AmplifyWand":14,"Regal Pillow":25,"Lantern":36,"rmod:equipmentrecovery":38,"Melange":38,"StoneCalendar":19,"Mango":30,"Yang":38,"Ancient Tea Set":13,"Empty Cage":19,"Smiling Mask":20,"TheCursedMod:DemonicMark":38,"ClockworkSouvenir":11,"SsserpentHead":38,"hubris:Icosahedron":30,"TheAbacus":38,"Shovel":38,"Mummified Hand":26,"infinitespire:Bottled Soul":34,"Gambling Chip":27,"Tiny Chest":20,"infinitespire:Eraser":38,"infinitespire:Chaos":38,"Runic Pyramid":38,"rmod:extraamm":38,"hubris:64BitClover":32,"infinitespire:EmptyRelic":38,"hubris:MedicalManual":34,"Omamori":36,"infinitespire:CheckeredPen":6,"Mercury Hourglass":9,"ShroomBag":13,"Anchor":12,"infinitespire:DarkRift":38,"Ornamental Fan":6,"MokouMod:PhoenixFeather":38,"Coffee Dripper":37,"Bottled Lightning":31,"animator:AlchemistGlove":38,"Pan":38,"Toy Ornithopter":25,"infinitespire:Midas Blood":31},{"hermit:ClaspedLocket":110,"Gremlin Horn":54,"CeramicFish":92,"hubris:VirtuousBlindfold":45,"hubris:MysteriousPyramids":53,"Bottled Tornado":55,"Sling":45,"FrozenCore":110,"Sozu":101,"hermit:RyeStalk":110,"Lizard Tail":32,"HornCleat":97,"Sundial":2,"MealTicket":22,"Fusion Hammer":110,"Girya":110,"TheCursedMod:BlackMagic101":110,"Blue Candle":27,"Pen Nib":48,"animator:TheEruzaStone":110,"Letter Opener":80,"War Paint":88,"Akabeko":104,"animator:CerealBox":110,"Shuriken":102,"hubris:PeanutButter":12,"Pandora\u0027s Box":110,"Black Star":39,"hubris:TenFootPole":70,"MiniHakkero":0,"Pocketwatch":0,"Meat on the Bone":46,"infinitespire:Cupcake":84,"TheCursedMod:SoulVessel":110,"hubris:Reverence":110,"AmplifyWand":55,"Regal Pillow":92,"Lantern":108,"rmod:equipmentrecovery":110,"Melange":110,"StoneCalendar":83,"Mango":102,"Yang":110,"Ancient Tea Set":53,"Empty Cage":83,"Smiling Mask":84,"TheCursedMod:DemonicMark":110,"ClockworkSouvenir":45,"SsserpentHead":110,"hubris:Icosahedron":102,"TheAbacus":110,"Shovel":110,"Mummified Hand":94,"infinitespire:Bottled Soul":106,"Gambling Chip":97,"Tiny Chest":84,"infinitespire:Eraser":110,"infinitespire:Chaos":110,"Runic Pyramid":110,"rmod:extraamm":110,"hubris:64BitClover":104,"infinitespire:EmptyRelic":110,"hubris:MedicalManual":106,"Omamori":108,"infinitespire:CheckeredPen":22,"Mercury Hourglass":39,"ShroomBag":53,"Anchor":48,"infinitespire:DarkRift":110,"Ornamental Fan":19,"MokouMod:PhoenixFeather":110,"Coffee Dripper":109,"Bottled Lightning":103,"animator:AlchemistGlove":110,"Pan":110,"Toy Ornithopter":92,"infinitespire:Midas Blood":103}]},"card_choices":[{"not_picked":["BlazeAway","MeteoricShower"],"picked":"UnstableBomb","floor":0},{"not_picked":["WitchLeyline","DeepEcoloBomb"],"picked":"ManaConvection","floor":0},{"not_picked":["UnstableBomb","MeteoricShower"],"picked":"LuminesStrike","floor":0},{"not_picked":["Acceleration","WitchOfGreed"],"picked":"MagicChant","floor":0},{"not_picked":["EventHorizon","NonDirectionalLaser"],"picked":"AsteroidBelt","floor":0},{"not_picked":["MilkyWay","AlicesGift"],"picked":"Occultation","floor":0},{"not_picked":["AsteroidBelt","Acceleration"],"picked":"MilkyWay","floor":0},{"not_picked":["WitchOfGreed","LuminesStrike"],"picked":"EarthLightRay","floor":0},{"not_picked":["MysteriousBeam","FairyDestructionRay"],"picked":"AsteroidBelt","floor":0},{"not_picked":["StarlightTyphoon","PowerUp"],"picked":"AsteroidBelt","floor":0},{"not_picked":["ShootingEcho","DragonMeteor"],"picked":"AsteroidBelt","floor":0},{"not_picked":["WitchOfGreed","EnergyRecoil"],"picked":"GalacticHalo","floor":0},{"not_picked":["UnstableBomb","MysteriousBeam"],"picked":"OortCloud","floor":0},{"not_picked":["LuminesStrike","DC"],"picked":"StarlightTyphoon","floor":0},{"not_picked":["ShootTheMoon","6A"],"picked":"WitchOfGreed","floor":0},{"not_picked":["OrrerysSun","MysteriousBeam"],"picked":"MilkyWay","floor":1},{"not_picked":["WitchLeyline","EnergyFlow","WitchOfGreed"],"picked":"SKIP","floor":2},{"not_picked":["GrandCross","NonDirectionalLaser","LuminesStrike"],"picked":"SKIP","floor":3},{"not_picked":["AbsoluteMagnitude","FinalSpark"],"picked":"TreasureHunter","floor":6},{"not_picked":["EnergyFlow","MysteriousBeam","WitchLeyline"],"picked":"SKIP","floor":8},{"not_picked":["BinaryStars","StarDustReverie"],"picked":"CollectingQuirk","floor":11},{"not_picked":["SporeBomb","StarlightTyphoon","FairyDestructionRay"],"picked":"SKIP","floor":13},{"not_picked":["TreasureHunter","JA","CasketOfStar"],"picked":"SKIP","floor":14},{"not_picked":["MachineGunSpark","PowerUp"],"picked":"IllusionStar","floor":18},{"not_picked":["6A","WitchOfGreed","ShootTheMoon"],"picked":"SKIP","floor":19},{"not_picked":["SuperNova","JA","MaximisePower"],"picked":"SKIP","floor":22},{"not_picked":["JA","TreasureHunter"],"picked":"BigCrunch","floor":24},{"not_picked":["PowerUp","ShootingEcho","Acceleration"],"picked":"SKIP","floor":25},{"not_picked":["AsteroidBelt","ShootTheMoon"],"picked":"Occultation","floor":28},{"not_picked":["GrandCross","StarlightTyphoon","OrrerysSun"],"picked":"SKIP","floor":29},{"not_picked":["infinitespire:Execution","infinitespire:FinalStrike"],"picked":"infinitespire:TheBestDefense","floor":30},{"not_picked":["EscapeVelocity","MillisecondPulsars","StarDustReverie"],"picked":"SKIP","floor":30},{"not_picked":["DC","ShootingEcho","AsteroidBelt+1"],"picked":"SKIP","floor":31},{"not_picked":["AsteroidBelt+1","DragonMeteor"],"picked":"GravityBeat","floor":35},{"not_picked":["WitchLeyline","SporeBomb"],"picked":"ChargingUp","floor":39},{"not_picked":["6A","MilkyWay+1"],"picked":"BigCrunch","floor":40},{"not_picked":["ChargeUpSpray","DC"],"picked":"IllusionStar+1","floor":42},{"not_picked":["SporeBomb+1","EarthLightRay","PowerUp"],"picked":"SKIP","floor":45},{"not_picked":["infinitespire:Punishment","infinitespire:Menacing"],"picked":"infinitespire:FutureSight","floor":46},{"not_picked":["MaximisePower","JA","MillisecondPulsars"],"picked":"SKIP","floor":46},{"not_picked":["WitchLeyline","GalacticHalo","6A"],"picked":"SKIP","floor":47},{"not_picked":["SuperNova","CasketOfStar"],"picked":"ManaRampage","floor":48},{"not_picked":["infinitespire:SealOfDarkness+","hubris:InfiniteBlow"],"picked":"infinitespire:Execution","floor":51},{"not_picked":["MaximisePower","ManaRampage"],"picked":"AbsoluteMagnitude","floor":51},{"not_picked":["DarkSpark","Acceleration"],"picked":"MagicChant","floor":53},{"not_picked":["ShootingEcho","UnstableBomb","GravityBeat"],"picked":"SKIP","floor":57},{"not_picked":["EscapeVelocity","CasketOfStar"],"picked":"SatelliteIllusion","floor":62},{"not_picked":["MysteriousBeam","WitchOfGreed","6A"],"picked":"SKIP","floor":63},{"not_picked":["ManaRampage","BlazingStar"],"picked":"BigCrunch","floor":64},{"not_picked":["RefractionSpark","LuminesStrike","SporeBomb"],"picked":"SKIP","floor":65},{"not_picked":["SuperNova","BlazingStar"],"picked":"SatelliteIllusion","floor":66},{"not_picked":["BigCrunch","ManaRampage"],"picked":"SatelliteIllusion","floor":68},{"not_picked":["BlazeAway","MagicAbsorber","ShootingEcho"],"picked":"SKIP","floor":70}],"player_experience":843202,"relics_obtained":[{"floor":6,"key":"hubris:PeanutButter"},{"floor":9,"key":"Sundial"},{"floor":11,"key":"infinitespire:CheckeredPen"},{"floor":11,"key":"MealTicket"},{"floor":14,"key":"Lizard Tail"},{"floor":22,"key":"Anchor"},{"floor":22,"key":"Pen Nib"},{"floor":24,"key":"Ancient Tea Set"},{"floor":24,"key":"ShroomBag"},{"floor":24,"key":"hubris:MysteriousPyramids"},{"floor":26,"key":"Bottled Tornado"},{"floor":30,"key":"Blue Candle"},{"floor":30,"key":"AmplifyWand"},{"floor":30,"key":"hubris:TenFootPole"},{"floor":33,"key":"StoneCalendar"},{"floor":37,"key":"Smiling Mask"},{"floor":43,"key":"War Paint"},{"floor":46,"key":"Regal Pillow"},{"floor":46,"key":"CeramicFish"},{"floor":46,"key":"Toy Ornithopter"},{"floor":48,"key":"HornCleat"},{"floor":48,"key":"Gambling Chip"},{"floor":59,"key":"infinitespire:Midas Blood"},{"floor":61,"key":"Bottled Lightning"},{"floor":62,"key":"hubris:64BitClover"},{"floor":62,"key":"Akabeko"},{"floor":64,"key":"hubris:MedicalManual"},{"floor":64,"key":"infinitespire:Bottled Soul"},{"floor":66,"key":"Omamori"},{"floor":66,"key":"Lantern"}],"event_choices":[{"cards_removed":["BlazeAway"],"damage_healed":0,"gold_gain":0,"player_choice":"Card Removal","damage_taken":0,"max_hp_gain":0,"max_hp_loss":0,"event_name":"The Cleric","floor":4,"gold_loss":75},{"damage_healed":0,"gold_gain":0,"player_choice":"Grow","damage_taken":0,"max_hp_gain":0,"max_hp_loss":0,"event_name":"Living Wall","floor":5,"gold_loss":0,"cards_upgraded":["Singularity"]},{"cards_removed":["UnstableBomb"],"damage_healed":0,"gold_gain":0,"player_choice":"Removed Attack","damage_taken":0,"max_hp_gain":0,"max_hp_loss":0,"event_name":"Falling","floor":36,"gold_loss":0},{"cards_removed":["LuminesStrike"],"damage_healed":0,"gold_gain":0,"player_choice":"Purged","damage_taken":0,"max_hp_gain":0,"max_hp_loss":0,"event_name":"Purifier","floor":71,"gold_loss":0}],"is_beta":false,"boss_relics":[{"not_picked":["Snecko Eye","Runic Pyramid"],"picked":"Black Star"},{"not_picked":["hubris:GrandSneckoEye","hubris:CrackedHourglass"],"picked":"Empty Cage"},{"not_picked":["ExperimentalFamiliar","Tiny House"],"picked":"Sozu"},{"not_picked":["Velvet Choker","SacredBark"],"picked":"Coffee Dripper"}],"items_purged_floors":[7,21,38,54,72],"is_endless":true,"potions_floor_spawned":[1,8,11,13,14,16,19,22,28,30,33,35,46,47,48,51,57,62,66,68,70],"killed_by":"3 Byrds","ascension_level":20}}