{"host":"f14d6hm2349s9jse","time":1610988530,"event":{"mods":["2.2 Compatiblity","BaseMod","Minty Spire (QoL Compilation)","Shade Mod","StSLib"],"gold_per_floor":[112,112,125,143,154,184,184,212,235,200,216,241,241,257,257,352,352,367,382,382,9,27,61,61,95,95,114,114,114,147,147,147,244,294,305,305,305,305,305,330,330,362,362,396,406,406,406,406,406,406,406,406,35,66,66,66],"floor_reached":55,"language":"ENG","playtime":3424,"items_purged":[],"score":912,"play_id":"69a7f2d2-1d41-4c71-96c4-a346ef9fea04","local_time":"20210118114850","is_ascension_mode":true,"campfire_choices":[{"floor":7.0,"key":"REST"},{"data":"Shade:GreaterAnimation","floor":13.0,"key":"SMITH"},{"floor":15.0,"key":"RECALL"},{"floor":24.0,"key":"REST"},{"floor":29.0,"key":"REST"},{"data":"Shade:OfferingToTheBeyond","floor":32.0,"key":"SMITH"},{"floor":41.0,"key":"REST"},{"floor":47.0,"key":"REST"},{"floor":49.0,"key":"REST"},{"data":"Shade:FleshOffering","floor":52,"key":"SMITH"}],"circlet_count":0,"master_deck":["Shade:Strike_Shade","Shade:Strike_Shade","Shade:Strike_Shade","Shade:Strike_Shade","Shade:Defend_Shade","Shade:Defend_Shade","Shade:Defend_Shade","Shade:Defend_Shade","Shade:AnimateDead","Shade:CarefulCut","Shade:ExtraLimbs","Shade:ScuttlingHand","Shade:WallOfFlesh+1","Shade:Awaken","Shade:Carnophage","Shade:Bite_Shade+1","Shade:FingerOfDeath+1","Shade:GreaterAnimation+1","Shade:OfferingToTheBeyond+1","Shade:OpenGraves","Shade:Bite_Shade+1","Shade:FleshToFlesh+1","Writhe","Shade:Putrefaction+1","Shade:FleshOffering+1","Shade:WallOfFlesh+1","Shade:WallOfFlesh","Shade:AnimateDead","Shade:Putrefaction+1","Shade:FleshOffering","Shade:PoundOfFlesh+1","Shade:TouchOfTheGrave+1","Shade:PoundOfFlesh+1"],"relics":["Velvet Choker","Molten Egg 2","Anchor","Oddly Smooth Stone","Vajra","SlaversCollar","PreservedInsect","Bronze Scales","Lantern","Bag of Marbles","Juzu Bracelet","Frozen Egg 2","Tiny House","Omamori","Nunchaku","Happy Flower","Art of War","Boot","Bottled Lightning","InkBottle","HornCleat","Toy Ornithopter"],"acts_visited":["Exordium","TheCity","TheBeyond","TheEnding"],"potions_floor_usage":[55,55],"damage_taken":[{"damage":7.0,"enemies":"Jaw Worm","floor":1.0,"turns":3.0},{"damage":0.0,"enemies":"2 Louse","floor":3.0,"turns":2.0},{"damage":0.0,"enemies":"Cultist","floor":4.0,"turns":2.0},{"damage":9.0,"enemies":"Red Slaver","floor":5.0,"turns":3.0},{"damage":16.0,"enemies":"Gremlin Nob","floor":6.0,"turns":4.0},{"damage":7.0,"enemies":"Lagavulin","floor":8.0,"turns":8.0},{"damage":0.0,"enemies":"Exordium Thugs","floor":11.0,"turns":5.0},{"damage":0.0,"enemies":"3 Sentries","floor":12.0,"turns":3.0},{"damage":0.0,"enemies":"Blue Slaver","floor":14.0,"turns":3.0},{"damage":22.0,"enemies":"The Guardian","floor":16.0,"turns":13.0},{"damage":1.0,"enemies":"2 Thieves","floor":18.0,"turns":3.0},{"damage":0.0,"enemies":"Spheric Guardian","floor":19.0,"turns":3.0},{"damage":0.0,"enemies":"Chosen and Byrds","floor":22.0,"turns":6.0},{"damage":31.0,"enemies":"Slavers","floor":23.0,"turns":4.0},{"damage":13.0,"enemies":"Gremlin Leader","floor":25.0,"turns":4.0},{"damage":11.0,"enemies":"Snecko","floor":27.0,"turns":4.0},{"damage":0.0,"enemies":"Book of Stabbing","floor":30.0,"turns":3.0},{"damage":35.0,"enemies":"Automaton","floor":33.0,"turns":11.0},{"damage":1.0,"enemies":"3 Shapes","floor":35.0,"turns":5.0},{"damage":31.0,"enemies":"Giant Head","floor":40.0,"turns":9.0},{"damage":28.0,"enemies":"Nemesis","floor":42.0,"turns":7.0},{"damage":36.0,"enemies":"Reptomancer","floor":44.0,"turns":5.0},{"damage":1.0,"enemies":"3 Darklings","floor":45.0,"turns":5.0},{"damage":14,"enemies":"Time Eater","floor":50,"turns":12},{"damage":3,"enemies":"Shield and Spear","floor":54,"turns":5},{"damage":85,"enemies":"The Heart","floor":55,"turns":11}],"seed_played":"-4589879437664243534","potions_obtained":[{"floor":6.0,"key":"LiquidMemories"},{"floor":8.0,"key":"Fire Potion"},{"floor":11.0,"key":"Strength Potion"},{"floor":14.0,"key":"SpeedPotion"},{"floor":16.0,"key":"Weak Potion"},{"floor":23.0,"key":"GamblersBrew"},{"floor":30.0,"key":"ColorlessPotion"},{"floor":31.0,"key":"AttackPotion"},{"floor":31.0,"key":"ColorlessPotion"},{"floor":40.0,"key":"SteroidPotion"},{"floor":54,"key":"DuplicationPotion"}],"is_trial":false,"path_per_floor":["M","?","M","M","M","E","R","E","T","?","M","E","R","M","R","B",null,"M","M","?","$","M","E","R","E","T","M","?","R","E","?","R","B",null,"M","?","?","T","?","E","R","E","T","E","M","T","R","T","R","B",null,"R","$","E","B"],"character_chosen":"SHADE","items_purchased":["PreservedInsect","Bronze Scales","Shade:OpenGraves","Shade:TouchOfTheGrave+1","HornCleat","Weak Potion"],"campfire_rested":6,"item_purchase_floors":[21,21,21,53,53,53],"current_hp_per_floor":[58,58,58,58,49,33,52,45,45,61,64,65,65,65,65,55,65,64,64,64,64,65,37,56,49,49,44,44,63,65,65,65,39,70,69,69,69,69,69,40,61,39,39,6,11,11,32,32,53,51,70,70,70,70,0,0],"gold":66,"neow_bonus":"BOSS_RELIC","is_daily":false,"chose_seed":false,"campfire_upgraded":3,"win_rate":0.0,"timestamp":1610988530,"path_taken":["M","?","M","M","M","E","R","E","T","?","M","E","R","M","R","BOSS","M","M","?","$","M","E","R","E","T","M","?","R","E","?","R","BOSS","M","?","?","?","?","E","R","E","T","E","M","?","R","?","R","BOSS","R","$","E","BOSS"],"items_purchased_type":["Relic","Relic","Card","Card","Relic","Potion"],"build_version":"2020-12-22","purchased_purges":0,"victory":false,"max_hp_per_floor":[65,65,65,65,65,65,65,65,65,65,65,65,65,65,65,65,65,65,65,65,65,65,65,65,65,65,65,65,65,65,65,65,65,70,70,70,70,70,70,70,70,70,70,70,70,70,70,70,70,70,70,70,70,70,70,70],"card_choices":[{"not_picked":["Shade:Brains","Shade:Doomsay"],"picked":"Shade:ExtraLimbs","floor":1.0},{"not_picked":["Shade:CommandSoldier","Shade:FingerOfDeath"],"picked":"Shade:ScuttlingHand","floor":3.0},{"not_picked":["Shade:GreyBargain","Shade:GoDigging"],"picked":"Shade:WallOfFlesh","floor":4.0},{"not_picked":["Shade:FingerOfDeath","Shade:Trample"],"picked":"Shade:Awaken","floor":5.0},{"not_picked":["Shade:GoDigging","Shade:WallOfFlesh"],"picked":"Shade:Carnophage","floor":6.0},{"not_picked":["Shade:Frenzy","Shade:SoulToxin"],"picked":"Shade:Bite_Shade+1","floor":8.0},{"not_picked":["Shade:GraveStillness","Shade:SpontaneousRitual+1"],"picked":"Shade:FingerOfDeath+1","floor":11.0},{"not_picked":["Shade:AncientSpear+1","Shade:SkeletonHug+1"],"picked":"Shade:GreaterAnimation","floor":12.0},{"not_picked":["Shade:Trample+1","Shade:ClawBack+1","Shade:FeralStrike+1"],"picked":"SKIP","floor":14.0},{"not_picked":["Shade:MadHubris","Shade:Consume+1"],"picked":"Shade:OfferingToTheBeyond","floor":16.0},{"not_picked":["Shade:Premonition+1","Shade:FuneraryArmor","Shade:Brains"],"picked":"SKIP","floor":18.0},{"not_picked":["Shade:AncientSpear+1","Shade:BoneShards+1","Shade:FingerOfDeath+1"],"picked":"SKIP","floor":19.0},{"not_picked":["Shade:Doomsay+1","Shade:Brains","Shade:DarkOfNight"],"picked":"SKIP","floor":22.0},{"not_picked":["Shade:FuneraryJewels+1","Shade:CommandSoldier"],"picked":"Shade:Bite_Shade+1","floor":23.0},{"not_picked":["Shade:FreshBones+1","Shade:FingerOfDeath+1","Shade:BoneShards+1"],"picked":"SKIP","floor":25.0},{"not_picked":["Shade:RitualOffering","Shade:FreshBones"],"picked":"Shade:FleshToFlesh+1","floor":27.0},{"not_picked":["Shade:GraveStillness","Shade:Frenzy","Shade:CommandSoldier"],"picked":"SKIP","floor":30.0},{"not_picked":["Shade:LoseControl","Shade:OneIsEnough+1"],"picked":"Shade:Putrefaction+1","floor":33.0},{"not_picked":["Shade:Bonestorm+1","Shade:Carnophage+1"],"picked":"Shade:FleshOffering","floor":34.0},{"not_picked":["Shade:ClawBack+1","Shade:Asphyxiate+1"],"picked":"Shade:WallOfFlesh+1","floor":35.0},{"not_picked":["Shade:GreyBargain","Shade:Frenzy+1"],"picked":"Shade:Putrefaction+1","floor":40.0},{"not_picked":["Shade:Doomsay+1","Shade:CommandSoldier+1","Shade:Haruspicy"],"picked":"SKIP","floor":42.0},{"not_picked":["Shade:AncientSpear+1","Shade:Trample+1"],"picked":"Shade:FleshOffering","floor":44.0},{"not_picked":["Shade:BoneShards+1","Shade:RavenousHorde+1"],"picked":"Shade:PoundOfFlesh+1","floor":45.0},{"not_picked":["Shade:Brains","Shade:SkeletonHug+1"],"picked":"Shade:PoundOfFlesh+1","floor":54}],"player_experience":2473899,"relics_obtained":[{"floor":6.0,"key":"Molten Egg 2"},{"floor":8.0,"key":"Anchor"},{"floor":9.0,"key":"Oddly Smooth Stone"},{"floor":12.0,"key":"Vajra"},{"floor":23.0,"key":"Lantern"},{"floor":25.0,"key":"Bag of Marbles"},{"floor":30.0,"key":"Frozen Egg 2"},{"floor":38.0,"key":"Omamori"},{"floor":40.0,"key":"Nunchaku"},{"floor":42.0,"key":"Happy Flower"},{"floor":43.0,"key":"Art of War"},{"floor":44.0,"key":"Boot"},{"floor":46.0,"key":"Bottled Lightning"},{"floor":48.0,"key":"InkBottle"},{"floor":54,"key":"Toy Ornithopter"}],"event_choices":[{"damage_healed":0.0,"max_hp_gain":0.0,"max_hp_loss":0.0,"gold_gain":0.0,"event_name":"Golden Wing","player_choice":"Ignored","floor":2.0,"gold_loss":0.0,"damage_taken":0.0},{"damage_healed":16.0,"max_hp_gain":0.0,"max_hp_loss":0.0,"gold_gain":0.0,"event_name":"The Cleric","player_choice":"Healed","floor":10.0,"gold_loss":35.0,"damage_taken":0.0},{"damage_healed":0.0,"max_hp_gain":0.0,"max_hp_loss":0.0,"gold_gain":0.0,"event_name":"Vampires","player_choice":"Ignored","floor":20.0,"gold_loss":0.0,"damage_taken":0.0},{"damage_healed":0.0,"max_hp_gain":0.0,"max_hp_loss":0.0,"gold_gain":0.0,"event_name":"The Mausoleum","player_choice":"Opened","floor":28.0,"gold_loss":0.0,"damage_taken":0.0,"relics_obtained":["Juzu Bracelet"],"cards_obtained":["Writhe"]},{"damage_healed":0.0,"max_hp_gain":0.0,"max_hp_loss":0.0,"gold_gain":0.0,"event_name":"Lab","player_choice":"Got Potions","floor":31.0,"gold_loss":0.0,"damage_taken":0.0},{"damage_healed":0.0,"max_hp_gain":0.0,"max_hp_loss":0.0,"gold_gain":0.0,"event_name":"The Woman in Blue","player_choice":"Bought 0 Potions","floor":36.0,"gold_loss":0.0,"damage_taken":0.0},{"damage_healed":0.0,"max_hp_gain":0.0,"max_hp_loss":0.0,"gold_gain":0.0,"event_name":"SecretPortal","player_choice":"Ignored","floor":37.0,"gold_loss":0.0,"damage_taken":0.0},{"damage_healed":0.0,"max_hp_gain":0.0,"max_hp_loss":0.0,"gold_gain":0.0,"event_name":"Match and Keep!","player_choice":"2 cards matched","floor":39.0,"gold_loss":0.0,"damage_taken":0.0,"cards_obtained":["Shade:WallOfFlesh","Shade:AnimateDead"]}],"is_beta":false,"boss_relics":[{"not_picked":["Philosopher\u0027s Stone","Ectoplasm"],"picked":"SlaversCollar"},{"not_picked":["Empty Cage","SacredBark"],"picked":"Tiny House"}],"items_purged_floors":[],"is_endless":false,"potions_floor_spawned":[6,8,11,14,16,23,30,40,42,54],"killed_by":"The Heart","ascension_level":2}}