{"host":"8rqsnaeml9gxb0kp","time":1610948576,"event":{"mods":["AchievementEnabler","BaseMod","Dark Map","Minty Spire (QoL Compilation)","StSLib"],"gold_per_floor":[112,123,198,216,234,261,261,274,301,331,331,26,43,63,63,161,161,173,10,10,20,20,20,34,68,68,68,68,68,0,14,14,14,14],"floor_reached":33,"language":"ENG","playtime":2262,"items_purged":[],"score":396,"play_id":"c07d9dc6-e3f0-453d-a48b-6c7f8ba7edce","local_time":"20210117214256","is_ascension_mode":true,"campfire_choices":[{"floor":7.0,"key":"REST"},{"floor":11.0,"key":"REST"},{"data":"Deadly Poison","floor":15,"key":"SMITH"},{"floor":23,"key":"REST"},{"floor":28,"key":"REST"},{"data":"Bouncing Flask","floor":32,"key":"SMITH"}],"circlet_count":0,"master_deck":["Strike_G","Strike_G","Strike_G","Strike_G","Strike_G","Defend_G","Defend_G","Defend_G","Survivor","Neutralize","PiercingWail","Crippling Poison","Flying Knee","Finisher","Quick Slash","Leg Sweep","Quick Slash","Dash","Dagger Spray","Skewer","Poisoned Stab","Catalyst","Deadly Poison+1","Burst","Reflex+1","Footwork","Leg Sweep","Noxious Fumes","Bouncing Flask+1","Acrobatics","Acrobatics","Outmaneuver+1","Acrobatics+1"],"relics":["Ring of the Snake","Dream Catcher","Regal Pillow","Potion Belt","The Specimen","Snecko Eye","Blood Vial","Ginger"],"acts_visited":["TheCity"],"potions_floor_usage":[16,18,21,24,25],"damage_taken":[{"damage":0.0,"enemies":"Small Slimes","floor":1.0,"turns":5.0},{"damage":0.0,"enemies":"Cultist","floor":2.0,"turns":4.0},{"damage":0.0,"enemies":"Jaw Worm","floor":4.0,"turns":4.0},{"damage":5.0,"enemies":"2 Fungi Beasts","floor":5.0,"turns":3.0},{"damage":20.0,"enemies":"3 Sentries","floor":6.0,"turns":11.0},{"damage":3.0,"enemies":"Exordium Thugs","floor":8.0,"turns":5.0},{"damage":22.0,"enemies":"Lagavulin","floor":10.0,"turns":10.0},{"damage":9,"enemies":"Blue Slaver","floor":13,"turns":5},{"damage":0,"enemies":"Large Slime","floor":14,"turns":3},{"damage":24,"enemies":"The Guardian","floor":16,"turns":10},{"damage":10,"enemies":"Spheric Guardian","floor":18,"turns":6},{"damage":10,"enemies":"2 Thieves","floor":21,"turns":4},{"damage":0,"enemies":"Sentry and Sphere","floor":24,"turns":3},{"damage":49,"enemies":"Slavers","floor":25,"turns":6},{"damage":3,"enemies":"Shelled Parasite and Fungi","floor":31,"turns":4},{"damage":48,"enemies":"Champ","floor":33,"turns":12}],"seed_played":"-2848740048758050798","potions_obtained":[{"floor":6.0,"key":"BlessingOfTheForge"},{"floor":10.0,"key":"SmokeBomb"},{"floor":13,"key":"SpeedPotion"},{"floor":16,"key":"SteroidPotion"},{"floor":21,"key":"SteroidPotion"},{"floor":31,"key":"Explosive Potion"}],"is_trial":false,"path_per_floor":["M","M","?","M","M","E","R","M","T","E","R","$","M","M","R","B",null,"M","$","?","M","?","R","M","E","T","?","R","$","?","M","R","B"],"character_chosen":"THE_SILENT","items_purchased":["The Specimen","Footwork","Leg Sweep","SkillPotion"],"campfire_rested":4,"item_purchase_floors":[12,19,19,19],"current_hp_per_floor":[63,63,57,57,52,32,50,47,47,25,58,58,49,49,49,25,63,53,53,53,43,43,63,63,14,14,14,47,47,47,46,46,0,0],"gold":14,"neow_bonus":"TRANSFORM_TWO_CARDS","is_daily":false,"chose_seed":false,"campfire_upgraded":2,"win_rate":0.0,"timestamp":1610948576,"path_taken":["M","M","?","M","M","E","R","M","T","E","R","?","M","M","R","BOSS","M","$","?","M","?","R","M","E","T","?","R","$","?","M","R","BOSS"],"items_purchased_type":["Relic","Card","Card","Potion"],"build_version":"2020-12-22","purchased_purges":0,"victory":false,"max_hp_per_floor":[63,63,63,63,63,63,63,63,63,63,63,63,63,63,63,63,63,63,63,63,63,63,63,63,63,63,63,63,63,63,63,63,63,63],"card_choices":[{"not_picked":["Deadly Poison","PiercingWail"],"picked":"Flying Knee","floor":1.0},{"not_picked":["Outmaneuver","PiercingWail"],"picked":"Finisher","floor":2.0},{"not_picked":["Expertise","PiercingWail"],"picked":"Quick Slash","floor":4.0},{"not_picked":["PiercingWail","Accuracy"],"picked":"Leg Sweep","floor":5.0},{"not_picked":["Bouncing Flask","Slice"],"picked":"Quick Slash","floor":6.0},{"not_picked":["Prepared","Dagger Spray"],"picked":"Dash","floor":7.0},{"not_picked":["Dagger Throw","Leg Sweep"],"picked":"Dagger Spray","floor":8.0},{"not_picked":["PiercingWail","Deadly Poison"],"picked":"Skewer","floor":10.0},{"not_picked":["Tools of the Trade","Dagger Throw"],"picked":"Poisoned Stab","floor":11.0},{"not_picked":["Choke","Distraction"],"picked":"Catalyst","floor":13},{"not_picked":["Flying Knee","Outmaneuver"],"picked":"Deadly Poison","floor":14},{"not_picked":["Envenom","Tools of the Trade"],"picked":"Burst","floor":16},{"not_picked":["Quick Slash","Poisoned Stab"],"picked":"Reflex+1","floor":18},{"not_picked":["Deflect","Choke"],"picked":"Noxious Fumes","floor":21},{"not_picked":["Eviscerate","Slice"],"picked":"Acrobatics","floor":23},{"not_picked":["Slice","Dagger Spray"],"picked":"Acrobatics","floor":24},{"not_picked":["Die Die Die","After Image"],"picked":"Outmaneuver+1","floor":25},{"not_picked":["Leg Sweep","Calculated Gamble"],"picked":"Acrobatics+1","floor":31}],"player_experience":91822,"relics_obtained":[{"floor":6.0,"key":"Dream Catcher"},{"floor":9.0,"key":"Regal Pillow"},{"floor":10.0,"key":"Potion Belt"},{"floor":25,"key":"Blood Vial"},{"floor":26,"key":"Ginger"}],"event_choices":[{"damage_healed":0.0,"max_hp_gain":0.0,"max_hp_loss":0.0,"gold_gain":75.0,"event_name":"FaceTrader","player_choice":"Touch","floor":3.0,"gold_loss":0.0,"damage_taken":6.0},{"damage_healed":0,"gold_gain":0,"player_choice":"Ignored","damage_taken":0,"max_hp_gain":0,"max_hp_loss":0,"event_name":"Cursed Tome","floor":20,"gold_loss":0},{"damage_healed":0,"gold_gain":0,"player_choice":"Read","damage_taken":0,"max_hp_gain":0,"max_hp_loss":0,"event_name":"The Library","floor":22,"gold_loss":0,"cards_obtained":["Bouncing Flask"]},{"damage_healed":0,"gold_gain":0,"player_choice":"Ignored","damage_taken":0,"max_hp_gain":0,"max_hp_loss":0,"event_name":"Vampires","floor":27,"gold_loss":0},{"damage_healed":0,"gold_gain":0,"player_choice":"Paid Fearfully","damage_taken":0,"max_hp_gain":0,"max_hp_loss":0,"event_name":"Masked Bandits","floor":30,"gold_loss":68}],"is_beta":false,"boss_relics":[{"not_picked":["Coffee Dripper","Philosopher\u0027s Stone"],"picked":"Snecko Eye"}],"items_purged_floors":[],"is_endless":false,"potions_floor_spawned":[6,10,13,16,21,31],"killed_by":"Champ","ascension_level":1}}