{"host":"27wa8ufp4ryspt1p","time":1610959420,"event":{"mods":["2.2 Compatiblity","Abigail Mod","Act Like it!","Aspiration","BaseMod","Better Altar","Better Note","Better Skull","Better Third Choice","Colored Map","Conspire","Dota2Spire","Downfall-Rebalance","Elementarium","Energized Spire","Fox Events","Friendly Minions","Gensokyo","GifTheSpireLib","Gold Saver","Halation","Hallownest","HololiveMod","Hubris","Humility","Infinite Spire","Keyboard Shortcuts","Menagerie","Mimic Mod","Minty Spire (QoL Compilation)","Pale of the Ancients","Poor People Problems","Quarter Circle Forward PUNCH!","Reimu??????","Relic Sorter","Relic Stats","Replay The Spire","Reworked Bosses","Robot Space Explorer","Shop Mod","Spicy Shops","Spikes Relics","StSLib","Stuff the Spire","SuperFastMode","The Cursed","The Exalted","The Factory","The Judge","The Marked","The Necromancer","Trackpad","Waifu the Spire","Wandering Minibosses","[IsaacMod]????","??????REMEMod","????"],"gold_per_floor":[146,161,161,161,192,192,220,220,257,257,274,284,316,333,206,287,287,302,322,343,93,30,30,86,86,121,121,121,149,222,558,623,702,652,667,667,607,625,625,625,643,302,349,351,351],"floor_reached":44,"language":"SPA","playtime":1729,"items_purged":[],"score":1209,"play_id":"58704682-2809-4059-8cc5-745d40f9562b","local_time":"20210118024340","daily_mods":["SealedDeck","Colorless Cards","Heirloom","Elite Swarm","Lethality"],"is_ascension_mode":true,"campfire_choices":[{"floor":6,"key":"RECALL"},{"data":"expansioncontent:DefensiveStance","floor":8,"key":"SMITH"},{"data":"Apotheosis","floor":23,"key":"SMITH"},{"data":"Mayhem","floor":25,"key":"SMITH"},{"data":"WordoMod:Pestilence","floor":28,"key":"SMITH"},{"data":"infinitespire:NeuralNetwork","floor":40,"key":"SMITH"}],"circlet_count":0,"master_deck":["AscendersBane","BettingIsNotGood","Hololive_CocoNews","Discovery","Hololive_Breathe","expansioncontent:DefensiveStance+1","Hololive_CocoNews","Hololive_CallOkamiMio","Hololive_CandyCastle","Hololive_CallNekomataOkayu","Hololive_CallSpadeEcho","WordoMod:Pestilence+1","Hololive_Rebound","Hololive_HuntDinosaur","Hololive_Thief","Hololive_FlyingPonyTail","Mayhem+1","expansioncontent:GuardianWhirl","Apotheosis+1","Hololive_Rebound","Hololive_Yoholoon","Hololive_CallShirakamiFubuki+1","expansioncontent:QuickStudy","Hololive_MaximGun","Sadistic Nature","Hololive_Strike","Hololive_CallShirakamiFubuki","Hololive_Rebound","Gensokyo:GreaterSplit","Doubt","Hololive_CallRosalyn","infinitespire:NeuralNetwork+1","Gensokyo:BlemishedSteel","Gensokyo:RustyChest","Gensokyo:Shovel"],"relics":["Hololive_TheStar","HushsDoor","REME_ComplimentaryCards","hubris:BundleOfHerbs","GuppysTail","GuppysHead","halation:EternalFortune","GiantMaggot","wanderingMiniBosses:CarrionFlame","MerchantsRug","Sozu","Hallownest:UnbreakableCardRelic","Tea:ReiMu","energizedSpire:HugeHouse","SteamSale","hubris:Teleporter","infinitespire:Beetle Shell"],"acts_visited":["Exordium","Hallownest:CityofTears","Gensokyo:Gensokyoest"],"potions_floor_usage":[7],"damage_taken":[{"damage":0,"enemies":"Small Slimes","floor":2,"turns":1},{"damage":0,"enemies":"Cultist","floor":5,"turns":3},{"damage":0,"enemies":"3 Sentries","floor":7,"turns":1},{"damage":0,"enemies":"Jaw Worm","floor":9,"turns":4},{"damage":0,"enemies":"Jaw Worm","floor":11,"turns":3},{"damage":0,"enemies":"Looter","floor":12,"turns":2},{"damage":0,"enemies":"Lagavulin","floor":13,"turns":4},{"damage":6,"enemies":"Blue Slaver","floor":14,"turns":9},{"damage":50,"enemies":"Hexaghost","floor":16,"turns":8},{"damage":13,"enemies":"Hallownest:Guard_and_Sentry","floor":18,"turns":4},{"damage":0,"enemies":"Hallownest:2_Mistakes","floor":19,"turns":3},{"damage":14,"enemies":"Hallownest:monsterShrumalOgre","floor":20,"turns":5},{"damage":0,"enemies":"Nightmare","floor":24,"turns":5},{"damage":0,"enemies":"Hallownest:2_Flukemon","floor":26,"turns":4},{"damage":0,"enemies":"Hallownest:eliteSoulWarrior","floor":29,"turns":4},{"damage":0,"enemies":"Hallownest:Nosk","floor":31,"turns":4},{"damage":37,"enemies":"Hallownest:BossMantisLord","floor":33,"turns":4},{"damage":0,"enemies":"Gensokyo:3_Bats","floor":35,"turns":1},{"damage":0,"enemies":"Gensokyo:3_Boulders","floor":38,"turns":4},{"damage":0,"enemies":"Gensokyo:Sharpion","floor":41,"turns":3},{"damage":12,"enemies":"Gensokyo:SeedOfUnknown","floor":43,"turns":8},{"damage":37,"enemies":"Gensokyo:Kasen","floor":44,"turns":3}],"seed_played":"1135010584455845253","potions_obtained":[{"floor":2,"key":"Dota2Spire:HealingSalve"},{"floor":5,"key":"AttackPotion"},{"floor":14,"key":"Regen Potion"}],"is_trial":true,"path_per_floor":["?","M","?","?","M","R","E","R","MIM","?","M","M","E","M","R","B",null,"M","M","M","?","$","R","NM","R","MIM","T","R","E","R","E","R_BF","B",null,"M","?","$","M","?","R","M","COS","MIM","E"],"character_chosen":"Hololive_HololiveCharacter","items_purchased":["MerchantsRug","Hololive_CallShirakamiFubuki+1","Hololive_CallRosalyn"],"campfire_rested":0,"item_purchase_floors":[15,22,37],"current_hp_per_floor":[27,27,27,30,30,30,30,30,30,33,33,36,36,30,30,14,31,18,31,22,22,22,22,30,30,30,38,38,38,38,38,38,19,42,42,42,42,42,30,30,30,30,28,0,0],"gold":351,"neow_bonus":"","is_daily":false,"chose_seed":false,"campfire_upgraded":5,"win_rate":0.0,"timestamp":1610959420,"path_taken":["?","?","?","?","?","R","E","R","MIM","?","M","M","E","M","R","BOSS","M","M","?","?","$","R","NM","R","MIM","?","R","E","R","E","R_BF","BOSS","M","?","$","M","?","R","M","COS","MIM","E"],"items_purchased_type":["Relic","Card","Card"],"build_version":"2020-12-22","purchased_purges":0,"victory":false,"max_hp_per_floor":[30,30,30,33,33,33,33,33,33,36,36,36,36,36,36,36,36,36,39,39,39,39,39,47,47,47,55,55,55,55,55,55,55,50,50,50,50,50,50,50,50,50,50,50,50],"relic_stats":{"Sozu":5,"counters":[22,87],"obtain_stats":[{"KeepersGift":0,"GuppysTail":0,"MerchantsRug":15,"hubris:Teleporter":43,"GiantMaggot":13,"Hallownest:UnbreakableCardRelic":21,"Tea:ReiMu":26,"infinitespire:Beetle Shell":44,"SteamSale":42,"Old Coin":31,"Sozu":17,"wanderingMiniBosses:CarrionFlame":14,"hubris:Spice":24,"Hololive_TheStar":0,"halation:EternalFortune":10,"hubris:BundleOfHerbs":0,"energizedSpire:HugeHouse":34,"GuppysHead":7,"HushsDoor":0,"REME_ComplimentaryCards":0},{"KeepersGift":0,"GuppysTail":0,"MerchantsRug":8,"hubris:Teleporter":21,"GiantMaggot":7,"Hallownest:UnbreakableCardRelic":12,"Tea:ReiMu":14,"infinitespire:Beetle Shell":22,"SteamSale":20,"Old Coin":16,"Sozu":9,"wanderingMiniBosses:CarrionFlame":8,"hubris:Spice":13,"Hololive_TheStar":0,"halation:EternalFortune":4,"hubris:BundleOfHerbs":0,"energizedSpire:HugeHouse":17,"GuppysHead":3,"HushsDoor":0,"REME_ComplimentaryCards":0},{"KeepersGift":0,"GuppysTail":0,"MerchantsRug":27,"hubris:Teleporter":84,"GiantMaggot":18,"Hallownest:UnbreakableCardRelic":47,"Tea:ReiMu":56,"infinitespire:Beetle Shell":85,"SteamSale":76,"Old Coin":64,"Sozu":35,"wanderingMiniBosses:CarrionFlame":27,"hubris:Spice":52,"Hololive_TheStar":0,"halation:EternalFortune":9,"hubris:BundleOfHerbs":0,"energizedSpire:HugeHouse":68,"GuppysHead":5,"HushsDoor":0,"REME_ComplimentaryCards":0}]},"card_choices":[{"not_picked":[],"picked":"BettingIsNotGood","floor":0},{"not_picked":["Degenerate","Sharp Hide","Hololive_Drill"],"picked":"Hololive_Rebound","floor":2},{"not_picked":["Hololive_CocoNews","Hololive_Sequa","Replay:Bootleg Shield Generator"],"picked":"Hololive_HuntDinosaur","floor":5},{"not_picked":["Magnetism","Hololive_BeCareful","Hololive_Rebirth"],"picked":"Hololive_Thief","floor":7},{"not_picked":["hubris:Insight","Hololive_Breathe","Hololive_CallYuzukiChoco"],"picked":"Hololive_FlyingPonyTail","floor":11},{"not_picked":["REME_FirmDetermination","Hololive_CallFriendA","Hololive_OvertimeWork","Hololive_HuntDinosaur"],"picked":"SKIP","floor":12},{"not_picked":["Hololive_BeCareful","Transmutation","Battery"],"picked":"Mayhem","floor":13},{"not_picked":["Assess","expansioncontent:SlimeTackle","REME_TheoryOfElimination"],"picked":"expansioncontent:GuardianWhirl","floor":14},{"not_picked":["Hololive_Rebirth","Hololive_BeCareful","Hololive_StarCraft"],"picked":"Apotheosis","floor":16},{"not_picked":["Hololive_OvertimeWork","Hololive_FlyingPonyTail","Hololive_Drill","Replay:Sssssssssstrike"],"picked":"SKIP","floor":18},{"not_picked":["Hololive_FlyingPonyTail","PanicButton","Hololive_HuntDinosaur"],"picked":"Hololive_Rebound","floor":19},{"not_picked":["Hololive_Breathe","Hololive_Sequa","Hololive_OvertimeWork"],"picked":"Hololive_Yoholoon","floor":20},{"not_picked":["Hololive_FlareMind","Magnetism","Hololive_HighAtkLowDef","BloodyBrimstone"],"picked":"SKIP","floor":24},{"not_picked":["Hololive_Drill","Degenerate+1","Hololive_StrengthChampion"],"picked":"Hololive_HuntDinosaur","floor":26},{"not_picked":["Hololive_ASMR","ChaosCard","Feint"],"picked":"expansioncontent:QuickStudy","floor":29},{"not_picked":["Hololive_ScarfAndHalo","expansioncontent:StudyTheSpire","Battery"],"picked":"Hololive_MaximGun","floor":31},{"not_picked":["HandOfGreed","Secret Technique","REME_HeartOfCthun"],"picked":"Sadistic Nature","floor":33},{"not_picked":["Hololive_CocoNews+1","Hololive_LuckPotion+1","Hololive_CallKiryuuCoco"],"picked":"Hololive_Rebound","floor":35},{"not_picked":["Hololive_Psychosis","Degenerate","Hololive_Drill+1","Jack Of All Trades"],"picked":"SKIP","floor":38},{"not_picked":["infinitespire:Menacing","infinitespire:FinalStrike"],"picked":"infinitespire:NeuralNetwork","floor":39},{"not_picked":["Hololive_Psychosis+1","Hololive_Sequa+1","Hololive_Drill+1","Jack Of All Trades"],"picked":"SKIP","floor":41}],"player_experience":3923414,"relics_obtained":[{"floor":7,"key":"GuppysHead"},{"floor":13,"key":"GiantMaggot"},{"floor":14,"key":"wanderingMiniBosses:CarrionFlame"},{"floor":19,"key":"halation:EternalFortune"},{"floor":24,"key":"hubris:Spice"},{"floor":26,"key":"Tea:ReiMu"},{"floor":27,"key":"hubris:Spice"},{"floor":31,"key":"Old Coin"},{"floor":43,"key":"hubris:Teleporter"}],"event_choices":[],"is_beta":false,"boss_relics":[{"not_picked":["aspiration:RunicSpoon","conspire:SpecialSausage"],"picked":"Sozu"},{"not_picked":[]},{"not_picked":["Sandwich","hubris:CrackedHourglass"],"picked":"energizedSpire:HugeHouse"},{"not_picked":[]}],"items_purged_floors":[],"is_endless":false,"potions_floor_spawned":[2,5,14,20,29,31,33,38],"killed_by":"Gensokyo:Kasen","ascension_level":20}}