{"host":"msa0wxqjs3jv1k3j","time":1610945463,"event":{"mods":["AchievementEnabler","BaseMod","BetterRewards","Colored Map","Highlight Path","KOR Keyword Fix","Keyboard Shortcuts","Minty Spire (QoL Compilation)","Quick Restart","SuperFastMode","everything is the same but u backflip on backflip"],"gold_per_floor":[114,35,35,50,64,99,99,129,156,169,169,45,57,67,67,162,162,174,174,174,193,224,224,99,99,153,169,169,189,189,201,201,305,305,315,537,582,582,601,630,630,665,692,92,92,111,111,161,161,161,161],"floor_reached":50,"language":"KOR","playtime":1979,"items_purged":["Strike_R","Defend_R","Strike_R","Clash+1"],"score":633,"play_id":"8f31ac1b-906c-423a-b8e8-aaaf371d2714","local_time":"20210118135103","is_ascension_mode":false,"campfire_choices":[{"data":"Seeing Red","floor":7,"key":"SMITH"},{"data":"Infernal Blade","floor":11,"key":"SMITH"},{"data":"Heavy Blade","floor":15,"key":"SMITH"},{"data":"Body Slam","floor":23,"key":"SMITH"},{"data":"Armaments","floor":25,"key":"SMITH"},{"data":"Demon Form","floor":30,"key":"SMITH"},{"data":"True Grit","floor":32,"key":"SMITH"},{"data":"Exhume","floor":41,"key":"SMITH"},{"data":"Immolate","floor":47,"key":"SMITH"},{"data":"Rage","floor":49,"key":"SMITH"}],"circlet_count":0,"master_deck":["Strike_R+1","Strike_R","Strike_R","Defend_R","Defend_R","Defend_R","Bash","True Grit+1","Demon Form+1","Heavy Blade+1","Seeing Red+1","Infernal Blade+1","Body Slam+1","Shrug It Off","Sword Boomerang","Burning Pact","Offering","Rage+1","Flex","Armaments+1","Evolve","Rampage+1","Exhume+1","CurseOfTheBell","Ghostly Armor+1","Thunderclap+1","Dual Wield+1","Infernal Blade+1","Heavy Blade","Pommel Strike","Immolate+1","Purity+1","Power Through+1","Offering+1"],"relics":["Burning Blood","Calipers","Art of War","Self Forming Clay","Lee\u0027s Waffle","Orichalcum","MealTicket","Eternal Feather","Bag of Marbles","Sozu","Shuriken","Red Mask","Whetstone","Calling Bell","Smiling Mask","Toxic Egg 2","WingedGreaves","Ginger","Lantern","Akabeko","Red Skull","PreservedInsect","Pear","Orrery","Mango"],"acts_visited":["Exordium","TheCity","TheBeyond"],"potions_floor_usage":[16,16],"damage_taken":[{"damage":6,"enemies":"Cultist","floor":1,"turns":5},{"damage":5,"enemies":"Jaw Worm","floor":4,"turns":5},{"damage":1,"enemies":"2 Louse","floor":5,"turns":3},{"damage":27,"enemies":"3 Sentries","floor":6,"turns":9},{"damage":16,"enemies":"Lagavulin","floor":8,"turns":5},{"damage":2,"enemies":"Blue Slaver","floor":10,"turns":3},{"damage":3,"enemies":"2 Fungi Beasts","floor":13,"turns":3},{"damage":0,"enemies":"Looter","floor":14,"turns":2},{"damage":61,"enemies":"Hexaghost","floor":16,"turns":10},{"damage":8,"enemies":"Spheric Guardian","floor":18,"turns":3},{"damage":18,"enemies":"3 Byrds","floor":21,"turns":5},{"damage":19,"enemies":"Masked Bandits","floor":22,"turns":4},{"damage":21,"enemies":"Snake Plant","floor":27,"turns":3},{"damage":8,"enemies":"Centurion and Healer","floor":29,"turns":5},{"damage":15,"enemies":"Sentry and Sphere","floor":31,"turns":4},{"damage":60,"enemies":"Collector","floor":33,"turns":9},{"damage":0,"enemies":"Orb Walker","floor":35,"turns":2},{"damage":71,"enemies":"2 Orb Walkers","floor":37,"turns":4},{"damage":22,"enemies":"3 Shapes","floor":39,"turns":3},{"damage":14,"enemies":"Giant Head","floor":40,"turns":6},{"damage":17,"enemies":"Reptomancer","floor":42,"turns":5},{"damage":25,"enemies":"3 Darklings","floor":46,"turns":3},{"damage":12,"enemies":"Mind Bloom Boss Battle","floor":48,"turns":3},{"damage":110,"enemies":"Time Eater","floor":50,"turns":6}],"seed_played":"6965331663737325860","potions_obtained":[{"floor":1,"key":"BloodPotion"},{"floor":5,"key":"PowerPotion"},{"floor":13,"key":"ElixirPotion"}],"is_trial":false,"path_per_floor":["M","$","?","M","M","E","R","E","T","M","R","$","M","M","R","B",null,"M","?","?","M","?","R","$","R","T","M","$","M","R","M","R","B",null,"M","?","?","?","M","E","R","E","T","$","?","M","R","?","R","B"],"character_chosen":"IRONCLAD","items_purchased":["Art of War","Self Forming Clay","Lee\u0027s Waffle","True Grit","Demon Form","Shrug It Off","PreservedInsect","Pear","Orrery"],"campfire_rested":0,"item_purchase_floors":[0,0,0,0,2,12,44,44,44],"current_hp_per_floor":[87,87,87,87,87,66,66,56,56,60,69,84,87,87,87,32,87,85,85,85,73,60,72,87,87,87,72,87,85,87,78,87,33,87,87,87,22,76,60,52,67,56,56,81,76,57,75,83,100,0,0],"gold":161,"neow_bonus":"","is_daily":false,"chose_seed":false,"campfire_upgraded":10,"win_rate":0.0,"timestamp":1610945463,"path_taken":["M","?","?","?","M","E","R","E","T","M","R","$","M","M","R","BOSS","M","?","?","M","?","R","$","R","T","M","?","M","R","M","R","BOSS","M","?","?","?","?","E","R","E","T","$","?","M","R","?","R","BOSS"],"items_purchased_type":["Relic","Relic","Relic","Card","Card","Card","Relic","Relic","Relic"],"build_version":"2020-12-22","purchased_purges":4,"victory":false,"max_hp_per_floor":[87,87,87,87,87,87,87,87,87,87,87,87,87,87,87,87,87,87,87,87,87,87,87,87,87,87,87,87,87,87,87,87,87,87,87,87,87,76,76,76,76,76,76,86,86,86,86,100,100,100,100],"card_choices":[{"not_picked":["Warcry","Inflame","Clothesline"],"picked":"SKIP","floor":1},{"not_picked":["Clothesline","Anger"],"picked":"Heavy Blade","floor":4},{"not_picked":["Fire Breathing","Pummel"],"picked":"Seeing Red","floor":5},{"not_picked":["Clash","True Grit"],"picked":"Infernal Blade","floor":6},{"not_picked":["Anger","Warcry"],"picked":"Clash","floor":8},{"not_picked":["Twin Strike","Heavy Blade"],"picked":"Body Slam","floor":10},{"not_picked":["Clothesline","Body Slam"],"picked":"Sword Boomerang","floor":13},{"not_picked":["Headbutt","Reckless Charge"],"picked":"Burning Pact","floor":14},{"not_picked":["Double Tap","Juggernaut"],"picked":"Offering","floor":16},{"not_picked":["Cleave+1","Clash"],"picked":"Rage","floor":18},{"not_picked":["Fire Breathing","Clash"],"picked":"Armaments","floor":21},{"not_picked":["Power Through","Thunderclap+1"],"picked":"Evolve","floor":27},{"not_picked":["True Grit","Wild Strike","Second Wind"],"picked":"SKIP","floor":29},{"not_picked":["Twin Strike+1","Hemokinesis"],"picked":"Rampage+1","floor":31},{"not_picked":["Reaper","Offering"],"picked":"Exhume","floor":33},{"not_picked":["True Grit+1","Headbutt+1"],"picked":"Ghostly Armor+1","floor":35},{"not_picked":["Pummel","Sentinel+1"],"picked":"Thunderclap+1","floor":37},{"not_picked":["Fire Breathing","Havoc+1"],"picked":"Dual Wield+1","floor":39},{"not_picked":["Body Slam","Evolve+1"],"picked":"Infernal Blade+1","floor":40},{"not_picked":["Clothesline","Whirlwind+1"],"picked":"Heavy Blade","floor":42},{"not_picked":["Warcry+1","Iron Wave"],"picked":"Pommel Strike","floor":44},{"not_picked":["Shrug It Off+1","Fire Breathing"],"picked":"Immolate","floor":44},{"not_picked":["Bandage Up+1","Impatience+1"],"picked":"Purity+1","floor":45},{"not_picked":["Thunderclap","Warcry+1"],"picked":"Power Through+1","floor":46},{"not_picked":["True Grit+1","Clothesline"],"picked":"Offering+1","floor":48}],"player_experience":123745,"relics_obtained":[{"floor":6,"key":"MealTicket"},{"floor":8,"key":"Eternal Feather"},{"floor":9,"key":"Bag of Marbles"},{"floor":22,"key":"Red Mask"},{"floor":26,"key":"Whetstone"},{"floor":34,"key":"Smiling Mask"},{"floor":34,"key":"Toxic Egg 2"},{"floor":34,"key":"WingedGreaves"},{"floor":37,"key":"Ginger"},{"floor":40,"key":"Lantern"},{"floor":42,"key":"Akabeko"},{"floor":43,"key":"Red Skull"},{"floor":48,"key":"Mango"}],"event_choices":[{"damage_healed":0,"gold_gain":0,"player_choice":"Gave Potion","damage_taken":0,"relics_obtained":["Orichalcum"],"max_hp_gain":0,"max_hp_loss":0,"event_name":"WeMeetAgain","floor":3,"gold_loss":0},{"damage_healed":0,"gold_gain":0,"player_choice":"Opened","damage_taken":0,"relics_obtained":["Shuriken"],"max_hp_gain":0,"max_hp_loss":0,"event_name":"The Mausoleum","floor":19,"gold_loss":0},{"damage_healed":0,"gold_gain":0,"player_choice":"Read","damage_taken":0,"max_hp_gain":0,"max_hp_loss":0,"event_name":"The Library","floor":20,"gold_loss":0,"cards_obtained":["Flex"]},{"damage_healed":0,"gold_gain":0,"player_choice":"Fought Bandits","damage_taken":0,"max_hp_gain":0,"max_hp_loss":0,"event_name":"Masked Bandits","floor":22,"gold_loss":0},{"damage_healed":0,"gold_gain":222,"player_choice":"Wore Mask","damage_taken":0,"max_hp_gain":0,"max_hp_loss":0,"event_name":"Tomb of Lord Red Mask","floor":36,"gold_loss":0},{"damage_healed":0,"gold_gain":0,"player_choice":"Fight","damage_taken":0,"max_hp_gain":0,"max_hp_loss":0,"event_name":"Mysterious Sphere","floor":37,"gold_loss":0},{"damage_healed":76,"gold_gain":0,"player_choice":"Heal","damage_taken":0,"max_hp_gain":0,"max_hp_loss":11,"event_name":"The Moai Head","floor":38,"gold_loss":0},{"damage_healed":0,"gold_gain":0,"player_choice":"Memory 2","damage_taken":5,"max_hp_gain":0,"max_hp_loss":0,"event_name":"SensoryStone","floor":45,"gold_loss":0},{"damage_healed":0,"gold_gain":0,"player_choice":"Fight","damage_taken":0,"max_hp_gain":0,"max_hp_loss":0,"event_name":"MindBloom","floor":48,"gold_loss":0}],"is_beta":false,"boss_relics":[{"not_picked":["Black Blood","Velvet Choker"],"picked":"Sozu"},{"not_picked":["Runic Cube","Tiny House"],"picked":"Calling Bell"}],"items_purged_floors":[0,12,24,44],"is_endless":false,"potions_floor_spawned":[1,5,13,18,22,40,46],"killed_by":"Time Eater","ascension_level":0}}