{"host":"a5lz0e76zb3fcwkm","time":1610958120,"event":{"mods":["AchievementEnabler","BaseMod","Colored Map","Colored Powertips","Minty Spire (QoL Compilation)","StSLib","SuperFastMode"],"gold_per_floor":[110,260,260,274,322,351,13,13,37,70,85,120,139,139,139],"floor_reached":14,"language":"KOR","playtime":190,"items_purged":[],"score":266,"play_id":"89630566-3975-4c7c-91e6-7b85e8d15c18","local_time":"20210118172200","is_ascension_mode":true,"campfire_choices":[{"data":"Pommel Strike","floor":8,"key":"SMITH"}],"circlet_count":0,"master_deck":["AscendersBane","Strike_R","Strike_R","Strike_R","Strike_R","Strike_R","Defend_R","Defend_R","Defend_R+1","Defend_R+1","Bash","Pommel Strike+1","Evolve","Power Through+1","Body Slam","Shrug It Off+1"],"relics":["Burning Blood","NeowsBlessing","Magic Flower","Toxic Egg 2","Regal Pillow","War Paint","Tiny Chest"],"acts_visited":["Exordium"],"potions_floor_usage":[10,12,12,12,14],"damage_taken":[{"damage":0,"enemies":"Small Slimes","floor":1,"turns":1},{"damage":0,"enemies":"2 Louse","floor":4,"turns":1},{"damage":0,"enemies":"Lagavulin","floor":6,"turns":1},{"damage":8,"enemies":"Gremlin Nob","floor":10,"turns":3},{"damage":4,"enemies":"Jaw Worm","floor":11,"turns":3},{"damage":40,"enemies":"Lagavulin","floor":12,"turns":6},{"damage":45,"enemies":"Exordium Thugs","floor":13,"turns":7},{"damage":32,"enemies":"Gremlin Nob","floor":14,"turns":3}],"seed_played":"2237007279469845064","potions_obtained":[{"floor":4,"key":"LiquidBronze"},{"floor":11,"key":"EntropicBrew"},{"floor":13,"key":"BlessingOfTheForge"}],"is_trial":false,"path_per_floor":["M","?","?","M","T","E","$","R","T","E","M","E","M","E"],"character_chosen":"IRONCLAD","items_purchased":["Toxic Egg 2","Strength Potion"],"campfire_rested":0,"item_purchase_floors":[7,7],"current_hp_per_floor":[74,74,74,75,75,75,75,75,75,75,75,67,31,0,0],"gold":139,"neow_bonus":"THREE_ENEMY_KILL","is_daily":false,"chose_seed":false,"campfire_upgraded":1,"win_rate":0.0,"timestamp":1610958120,"path_taken":["M","?","?","?","?","E","$","R","T","E","M","E","M","E"],"items_purchased_type":["Relic","Potion"],"build_version":"2020-12-22","purchased_purges":0,"victory":false,"max_hp_per_floor":[75,75,75,75,75,75,75,75,75,75,75,75,75,75,75],"card_choices":[{"not_picked":["Perfected Strike","Armaments","True Grit"],"picked":"SKIP","floor":1},{"not_picked":["Armaments","Seeing Red","Perfected Strike"],"picked":"SKIP","floor":4},{"not_picked":["Armaments","Berserk"],"picked":"Pommel Strike","floor":6},{"not_picked":["Cleave","Body Slam"],"picked":"Evolve","floor":10},{"not_picked":["Anger","Metallicize"],"picked":"Power Through+1","floor":11},{"not_picked":["Rupture","Bludgeon"],"picked":"Body Slam","floor":12},{"not_picked":["Sword Boomerang","Evolve"],"picked":"Shrug It Off+1","floor":13}],"player_experience":1760093,"relics_obtained":[{"floor":6,"key":"Magic Flower"},{"floor":9,"key":"Regal Pillow"},{"floor":10,"key":"War Paint"},{"floor":12,"key":"Tiny Chest"}],"event_choices":[{"damage_healed":0,"gold_gain":150,"player_choice":"AGREE","damage_taken":0,"max_hp_gain":0,"max_hp_loss":0,"event_name":"Liars Game","floor":2,"gold_loss":0,"cards_obtained":["Doubt"]},{"cards_removed":["Doubt"],"damage_healed":0,"gold_gain":0,"player_choice":"Forget","damage_taken":0,"max_hp_gain":0,"max_hp_loss":0,"event_name":"Living Wall","floor":3,"gold_loss":0}],"is_beta":false,"boss_relics":[],"items_purged_floors":[],"is_endless":false,"potions_floor_spawned":[4,11,13],"killed_by":"Gremlin Nob","ascension_level":20}}