{"host":"osk2oboccoevp2u5","time":1610935360,"event":{"mods":["AchievementEnabler","Alarm Clock","BaseMod","Colored Powertips","Disable Question Mark Monsters","Displayed Cursed Tome","Key Reminder","Minty Spire (QoL Compilation)","Potion Indicator Mod","Quick Restart","Rare Cards Sparkle","Reorder Act Four","StSLib","Steal the Spire","The Wild Card","Useless Jewels Mod"],"gold_per_floor":[116,116,1,1,0,30,30,30,30,30,61,77,77,91,91,189,189,200,200,200,211,229,229,244,276,276,40,57,57,26,36,36,138,138,150,150,150],"floor_reached":38,"language":"ENG","playtime":1460,"items_purged":["theWildCard:BasicStrike","theWildCard:BasicStrike"],"score":738,"play_id":"bd35c4fe-95b7-4e3e-b77a-fb4f818e80ef","local_time":"20210117220240","is_ascension_mode":true,"campfire_choices":[{"floor":7,"key":"REST"},{"data":"theWildCard:CryOfAgony","floor":10,"key":"SMITH"},{"data":"theWildCard:Desolation","floor":13,"key":"SMITH"},{"floor":15,"key":"RECALL"},{"floor":23,"key":"REST"},{"floor":32,"key":"REST"}],"circlet_count":0,"master_deck":["theWildCard:BasicStrike","theWildCard:BasicStrike","theWildCard:BasicDefend","theWildCard:BasicDefend","theWildCard:BasicDefend","theWildCard:BasicDefend","theWildCard:CallToAdventure+1","theWildCard:Arsene","theWildCard:CryOfAgony+1","theWildCard:Desolation+1","theWildCard:Desolation","Necronomicurse","Mayhem","theWildCard:TheGreatSeal"],"relics":["theWildCard:VelvetContract","NeowsBlessing","Bag of Marbles","Toy Ornithopter","The Courier","Pantograph","keyreminder:keyreminder","Runic Pyramid","Necronomicon","Bronze Scales","Oddly Smooth Stone","SacredBark"],"acts_visited":["Exordium","TheCity","TheBeyond"],"potions_floor_usage":[16,21,21,25,25,33,37],"damage_taken":[{"damage":0,"enemies":"Small Slimes","floor":1,"turns":1},{"damage":0,"enemies":"Lagavulin","floor":6,"turns":1},{"damage":0,"enemies":"3 Sentries","floor":11,"turns":1},{"damage":0,"enemies":"Cultist","floor":12,"turns":4},{"damage":4,"enemies":"Jaw Worm","floor":14,"turns":3},{"damage":14,"enemies":"The Guardian","floor":16,"turns":8},{"damage":0,"enemies":"Spheric Guardian","floor":18,"turns":3},{"damage":18,"enemies":"2 Thieves","floor":21,"turns":3},{"damage":11,"enemies":"Centurion and Healer","floor":22,"turns":4},{"damage":12,"enemies":"Sentry and Sphere","floor":24,"turns":4},{"damage":0,"enemies":"Gremlin Leader","floor":25,"turns":4},{"damage":24,"enemies":"Shelled Parasite and Fungi","floor":28,"turns":3},{"damage":0,"enemies":"Chosen and Byrds","floor":31,"turns":3},{"damage":5,"enemies":"Collector","floor":33,"turns":5},{"damage":22,"enemies":"3 Darklings","floor":35,"turns":3},{"damage":36,"enemies":"Time Eater","floor":37,"turns":6}],"seed_played":"9190781421287432321","potions_obtained":[{"floor":1,"key":"LiquidMemories"},{"floor":11,"key":"Strength Potion"},{"floor":14,"key":"Explosive Potion"},{"floor":20,"key":"LiquidBronze"},{"floor":20,"key":"ColorlessPotion"},{"floor":22,"key":"LiquidBronze"},{"floor":25,"key":"BlessingOfTheForge"},{"floor":35,"key":"BlessingOfTheForge"}],"is_trial":false,"path_per_floor":["M","?","$","?","?","E","R","?","T","R","E","M","R","M","R","B",null,"M","?","?","M","M","R","M","E","T","$","M","?","$","M","R","B",null,"M","?","B",null],"character_chosen":"THE_WILD_CARD","items_purchased":["theWildCard:CryOfAgony","Mayhem","theWildCard:TheGreatSeal"],"campfire_rested":3,"item_purchase_floors":[3,27,30],"current_hp_per_floor":[60,60,60,35,35,35,53,53,53,53,53,53,53,49,49,46,60,60,44,44,36,25,43,31,41,41,41,17,17,17,17,35,55,60,38,38,24],"gold":150,"neow_bonus":"THREE_ENEMY_KILL","is_daily":false,"chose_seed":false,"campfire_upgraded":2,"win_rate":0.0,"timestamp":1610935360,"path_taken":["M","?","?","?","?","E","R","?","T","R","E","M","R","M","R","BOSS","M","?","?","?","M","R","M","E","T","$","M","?","?","M","R","BOSS","M","?","BOSS"],"items_purchased_type":["Card","Card","Card"],"build_version":"2020-12-22","purchased_purges":2,"victory":true,"max_hp_per_floor":[60,60,60,60,60,60,60,60,60,60,60,60,60,60,60,60,60,60,60,60,60,60,60,60,60,60,60,60,60,60,60,60,60,60,60,60,60],"card_choices":[{"not_picked":["theWildCard:ShieldOfMany","theWildCard:SacrificialStroke","theWildCard:TheGreatSeal"],"picked":"SKIP","floor":1},{"not_picked":["theWildCard:Providence","theWildCard:Michael"],"picked":"theWildCard:Desolation","floor":6},{"not_picked":["theWildCard:MaskChange","theWildCard:Unburden","theWildCard:ArcaneArts"],"picked":"SKIP","floor":11},{"not_picked":["theWildCard:SeveringSlash","theWildCard:Michael","theWildCard:StingingStrike"],"picked":"SKIP","floor":12},{"not_picked":["theWildCard:MagicMettle","theWildCard:Amaterasu","theWildCard:Polydeuces"],"picked":"SKIP","floor":14},{"not_picked":["theWildCard:Lucifer","theWildCard:FinalHour"],"picked":"theWildCard:Desolation","floor":16},{"not_picked":["theWildCard:ArcaneArts+1","theWildCard:Loki","theWildCard:SacrificialStroke"],"picked":"SKIP","floor":18},{"not_picked":["theWildCard:Abstinence","theWildCard:SacrificialStroke+1","theWildCard:SeveringSlash"],"picked":"SKIP","floor":21},{"not_picked":["theWildCard:Unburden+1","theWildCard:Polydeuces","theWildCard:MagicalMight+1"],"picked":"SKIP","floor":22},{"not_picked":["theWildCard:Odin","theWildCard:IdentityTheft+1","theWildCard:Michael"],"picked":"SKIP","floor":24},{"not_picked":["theWildCard:StingingStrike+1","theWildCard:Abstinence","theWildCard:EnergyTheft"],"picked":"SKIP","floor":25},{"not_picked":["theWildCard:PowerOfTheArcana","theWildCard:SacrificialStroke","theWildCard:ArcaneArts"],"picked":"SKIP","floor":28},{"not_picked":["theWildCard:MaskChange","theWildCard:ArcaneArts","theWildCard:Polydeuces"],"picked":"SKIP","floor":31},{"not_picked":["theWildCard:PaleRider","theWildCard:SacrificialStroke+1","theWildCard:SeveringSlash+1"],"picked":"SKIP","floor":35}],"player_experience":937157,"relics_obtained":[{"floor":6,"key":"Toy Ornithopter"},{"floor":9,"key":"The Courier"},{"floor":11,"key":"Pantograph"},{"floor":25,"key":"Bronze Scales"},{"floor":26,"key":"Oddly Smooth Stone"}],"event_choices":[{"damage_healed":0,"gold_gain":0,"player_choice":"Forge","damage_taken":0,"max_hp_gain":0,"max_hp_loss":0,"event_name":"Accursed Blacksmith","floor":2,"gold_loss":0,"cards_upgraded":["theWildCard:CallToAdventure"]},{"damage_healed":0,"gold_gain":0,"player_choice":"Success","damage_taken":25,"relics_obtained":["Bag of Marbles"],"max_hp_gain":0,"max_hp_loss":0,"event_name":"Scrap Ooze","floor":4,"gold_loss":0},{"damage_healed":0,"gold_gain":0,"player_choice":"Left Gold","damage_taken":0,"max_hp_gain":0,"max_hp_loss":0,"event_name":"World of Goop","floor":5,"gold_loss":1},{"damage_healed":0,"gold_gain":0,"player_choice":"Obtained Book","damage_taken":16,"max_hp_gain":0,"max_hp_loss":0,"event_name":"Cursed Tome","floor":19,"gold_loss":0},{"damage_healed":0,"gold_gain":0,"player_choice":"Got Potions","damage_taken":0,"max_hp_gain":0,"max_hp_loss":0,"event_name":"Lab","floor":20,"gold_loss":0},{"damage_healed":0,"gold_gain":0,"player_choice":"Ignored","damage_taken":0,"max_hp_gain":0,"max_hp_loss":0,"event_name":"Ghosts","floor":29,"gold_loss":0},{"damage_healed":0,"gold_gain":0,"player_choice":"Took Portal","damage_taken":0,"max_hp_gain":0,"max_hp_loss":0,"event_name":"SecretPortal","floor":36,"gold_loss":0}],"is_beta":false,"boss_relics":[{"not_picked":["Philosopher\u0027s Stone","Cursed Key"],"picked":"Runic Pyramid"},{"not_picked":["Pandora\u0027s Box","theWildCard:Wildcard"],"picked":"SacredBark"}],"items_purged_floors":[3,27],"is_endless":false,"potions_floor_spawned":[1,11,14,22,25,35],"ascension_level":2}}