{"host":"2se5dq1do2gp0x9k","time":1610946865,"event":{"mods":["AchievementEnabler","BaseMod","Block Reminder","Colored Map","Colored Powertips","Minty Spire (QoL Compilation)","Relic Stats","StSLib","SuperFastMode"],"gold_per_floor":[109,125,144,155,155,185,185,35,35,35,135,145,160,179,179,252,252,268,286,286,286,201,201,201,201],"floor_reached":24,"language":"ENG","playtime":886,"items_purged":["Strike_B"],"score":396,"play_id":"1973b9d6-b584-42b9-84c9-6da7492bbdc8","local_time":"20210117211425","is_ascension_mode":true,"campfire_choices":[{"data":"Defragment","floor":7.0,"key":"SMITH"},{"data":"Loop","floor":10.0,"key":"SMITH"},{"floor":15.0,"key":"REST"},{"data":"Defragment","floor":23,"key":"SMITH"}],"circlet_count":0,"master_deck":["AscendersBane","Strike_B","Strike_B","Strike_B","Defend_B","Defend_B","Defend_B","Defend_B","Zap","Dualcast","Defragment+1","Genetic Algorithm","Loop","Coolheaded","Chaos","Loop+1","Steam","Conserve Battery","Hologram","Seek","Coolheaded","Defragment+1","Chill"],"relics":["Cracked Core","Bag of Preparation","Nunchaku","Happy Flower","Nuclear Battery","Pantograph"],"acts_visited":["Exordium","TheCity"],"potions_floor_usage":[24],"damage_taken":[{"damage":0.0,"enemies":"Cultist","floor":1.0,"turns":3.0},{"damage":10.0,"enemies":"Small Slimes","floor":2.0,"turns":3.0},{"damage":9.0,"enemies":"Jaw Worm","floor":3.0,"turns":4.0},{"damage":28.0,"enemies":"Gremlin Gang","floor":4.0,"turns":4.0},{"damage":10.0,"enemies":"Lagavulin","floor":6.0,"turns":7.0},{"damage":17.0,"enemies":"Lots of Slimes","floor":12.0,"turns":6.0},{"damage":2.0,"enemies":"Blue Slaver","floor":13.0,"turns":4.0},{"damage":0.0,"enemies":"3 Louse","floor":14.0,"turns":3.0},{"damage":26.0,"enemies":"Hexaghost","floor":16.0,"turns":13.0},{"damage":1.0,"enemies":"Chosen","floor":18.0,"turns":5.0},{"damage":8.0,"enemies":"3 Byrds","floor":19.0,"turns":7.0},{"damage":35,"enemies":"Gremlin Leader","floor":24,"turns":6}],"seed_played":"-710692779193294175","potions_obtained":[{"floor":1.0,"key":"AttackPotion"},{"floor":2.0,"key":"FocusPotion"},{"floor":6.0,"key":"Block Potion"},{"floor":12.0,"key":"DistilledChaos"},{"floor":13.0,"key":"DuplicationPotion"},{"floor":19.0,"key":"DuplicationPotion"}],"is_trial":false,"path_per_floor":["M","M","M","M","?","E","R","$","T","R","?","M","M","M","R","B",null,"M","M","?","?","?","R","E"],"character_chosen":"DEFECT","items_purchased":["Loop"],"campfire_rested":1,"item_purchase_floors":[8],"current_hp_per_floor":[64,54,45,17,40,30,30,30,30,30,30,13,11,11,32,6,55,54,46,46,26,26,26,0,0],"gold":201,"neow_bonus":"RANDOM_COMMON_RELIC","is_daily":false,"chose_seed":false,"campfire_upgraded":3,"win_rate":0.0,"timestamp":1610946865,"path_taken":["M","?","M","M","?","E","R","$","T","R","?","?","M","?","R","BOSS","M","M","?","?","?","R","E"],"items_purchased_type":["Card"],"build_version":"2020-12-22","purchased_purges":1,"victory":false,"max_hp_per_floor":[71,71,71,71,71,71,71,71,71,71,71,71,71,71,71,71,71,71,71,71,76,76,76,76,76],"relic_stats":{"Nunchaku":[2],"Happy Flower":[14],"counters":[12,61],"Pantograph":0,"Bag of Preparation":[24],"obtain_stats":[{"Nunchaku":6,"Happy Flower":9,"Pantograph":22,"Bag of Preparation":0,"Cracked Core":0,"Nuclear Battery":17},{"Nunchaku":5,"Happy Flower":5,"Pantograph":11,"Bag of Preparation":0,"Cracked Core":0,"Nuclear Battery":9},{"Nunchaku":21,"Happy Flower":21,"Pantograph":55,"Bag of Preparation":0,"Cracked Core":0,"Nuclear Battery":44}]},"card_choices":[{"not_picked":["Reprogram","Go for the Eyes"],"picked":"Defragment","floor":1.0},{"not_picked":["Barrage","Fusion"],"picked":"Genetic Algorithm","floor":2.0},{"not_picked":["Rebound","Redo"],"picked":"Loop","floor":3.0},{"not_picked":["Beam Cell","Stack"],"picked":"Coolheaded","floor":4.0},{"not_picked":["Reboot","Stack"],"picked":"Chaos","floor":6.0},{"not_picked":["Lockon","Auto Shields"],"picked":"Steam","floor":12.0},{"not_picked":["Ball Lightning","Beam Cell"],"picked":"Conserve Battery","floor":13.0},{"not_picked":["Leap","Rebound"],"picked":"Hologram","floor":14.0},{"not_picked":["Creative AI","Fission"],"picked":"Seek","floor":16.0},{"not_picked":["Storm","Beam Cell"],"picked":"Coolheaded","floor":18.0},{"not_picked":["Hologram","Coolheaded"],"picked":"Defragment","floor":19.0}],"player_experience":3911758,"relics_obtained":[{"floor":6.0,"key":"Nunchaku"},{"floor":9.0,"key":"Happy Flower"}],"event_choices":[{"damage_healed":23.0,"max_hp_gain":0.0,"max_hp_loss":0.0,"gold_gain":0.0,"event_name":"Big Fish","player_choice":"Banana","floor":5.0,"gold_loss":0.0,"damage_taken":0.0},{"damage_healed":0.0,"max_hp_gain":0.0,"max_hp_loss":0.0,"gold_gain":100.0,"event_name":"Wheel of Change","player_choice":"Gold","floor":11.0,"gold_loss":0.0,"damage_taken":0.0},{"damage_healed":0,"gold_gain":0,"player_choice":"Read","damage_taken":0,"max_hp_gain":0,"max_hp_loss":0,"event_name":"The Library","floor":20,"gold_loss":0,"cards_obtained":["Chill"]},{"damage_healed":0,"gold_gain":0,"player_choice":"Shed Blood","damage_taken":25,"max_hp_gain":5,"max_hp_loss":0,"event_name":"Forgotten Altar","floor":21,"gold_loss":0},{"damage_healed":0,"gold_gain":0,"player_choice":"Obtained Relic","damage_taken":0,"relics_obtained":["Pantograph"],"max_hp_gain":0,"max_hp_loss":0,"event_name":"Addict","floor":22,"gold_loss":85}],"is_beta":false,"boss_relics":[{"not_picked":["Coffee Dripper","Astrolabe"],"picked":"Nuclear Battery"}],"items_purged_floors":[8],"is_endless":false,"potions_floor_spawned":[1,2,6,12,13,19],"killed_by":"Gremlin Leader","ascension_level":20}}