{"host":"zqinjo67gehqjqdf","time":1610963869,"event":{"mods":["BaseMod","DeckTracker","Downfall","Minty Spire (QoL Compilation)","StSLib","The Bug Knight"],"gold_per_floor":[99,117,217,233,251,286,286,286,286,286,12,25,40,75,87,187,187,187,206,206,22,34,69,93,103,151,151,163,163,163],"floor_reached":28,"language":"ENG","playtime":3287,"items_purged":["downfall:Malfunctioning","downfall:Aged"],"score":373,"play_id":"21ea7c0c-5ec0-42f8-83da-456a1b69f47b","local_time":"20210118025749","is_ascension_mode":false,"campfire_choices":[{"data":"Slimebound:CorrosiveSpit","floor":1,"key":"SMITH"},{"data":"Slimebound:Schlurp","floor":9,"key":"SMITH"},{"data":"Slimebound:DouseInSlime","floor":18,"key":"SMITH"}],"circlet_count":0,"master_deck":["Slimebound:Strike_Slimebound","Slimebound:Strike_Slimebound+1","Slimebound:Strike_Slimebound","Slimebound:Tackle","Slimebound:Defend_Slimebound","Slimebound:Defend_Slimebound","Slimebound:Defend_Slimebound","Slimebound:Defend_Slimebound","Slimebound:Split+1","Slimebound:CorrosiveSpit+1","Slimebound:SpikyOuterGoop+1","Parasite","downfall:Icky","Slimebound:DouseInSlime+1","downfall:Icky","Decay","Slimebound:Schlurp+1","Slimebound:ItLooksTasty","Slimebound:TongueLash","Slimebound:AcidTongue","Slimebound:SplitAcid","Slimebound:SlimeSpikes","Slimebound:RollThrough","Slimebound:LeechLife","Slimebound:MegaLick","Slimebound:DouseInSlime","Slimebound:HauntingLick","Slimebound:AcidTongue","Slimebound:ViciousTackle","Slimebound:Schlurp+1","Slimebound:LivingWall+1","Slimebound:Gluttony","Pride"],"relics":["Slimebound:AbsorbEndCombat","Du-Vu Doll","Meat on the Bone","Art of War","Lee\u0027s Waffle","Oddly Smooth Stone","SlaversCollar","Pen Nib","MealTicket","Ancient Tea Set","MawBank"],"acts_visited":["Exordium","TheCity"],"potions_floor_usage":[16,16,16,21],"damage_taken":[{"damage":11,"enemies":"2 Louse","floor":2,"turns":3},{"damage":5,"enemies":"Small Slimes","floor":4,"turns":3},{"damage":2,"enemies":"Cultist","floor":5,"turns":5},{"damage":20,"enemies":"Lagavulin","floor":6,"turns":5},{"damage":4,"enemies":"downfall:FleeingMerchant","floor":11,"turns":4},{"damage":36,"enemies":"Gremlin Gang","floor":12,"turns":5},{"damage":16,"enemies":"Lots of Slimes","floor":13,"turns":3},{"damage":22,"enemies":"HollowMod:MossKnight","floor":14,"turns":6},{"damage":16,"enemies":"Exordium Thugs","floor":15,"turns":4},{"damage":50,"enemies":"DF_ARCHETYPE_STREAMLINE","floor":16,"turns":8},{"damage":23,"enemies":"3 Cultists","floor":19,"turns":5},{"damage":0,"enemies":"downfall:FleeingMerchant","floor":21,"turns":4},{"damage":42,"enemies":"Snake Plant","floor":22,"turns":4},{"damage":31,"enemies":"Slavers","floor":23,"turns":5},{"damage":28,"enemies":"Sentry and Sphere","floor":25,"turns":6},{"damage":15,"enemies":"Shelled Parasite and Fungi","floor":28,"turns":1}],"seed_played":"-9199505064555064631","potions_obtained":[{"floor":5,"key":"Slimebound:SlimedPotion"},{"floor":12,"key":"FearPotion"},{"floor":14,"key":"sneckomod:MuddlingPotion"},{"floor":16,"key":"sneckomod:MuddlingPotion"},{"floor":22,"key":"Energy Potion"}],"is_trial":false,"path_per_floor":["R","M","?","M","M","E","T","?","R","?","$","M","M","E","M","B",null,"R","M","?","$","M","E","T","M","T","?","M"],"character_chosen":"SLIMEBOUND","items_purchased":["Lee\u0027s Waffle","Slimebound:SplitAcid","Slimebound:ViciousTackle"],"campfire_rested":0,"item_purchase_floors":[11,11,21],"current_hp_per_floor":[71,61,66,64,64,48,48,48,48,48,83,50,46,40,50,49,83,83,65,65,83,43,28,28,15,15,15,0,0,0],"gold":163,"neow_bonus":"TEN_PERCENT_HP_BONUS","is_daily":false,"chose_seed":false,"campfire_upgraded":3,"win_rate":0.0,"timestamp":1610963869,"path_taken":["R","M","?","M","M","E","T","?","R","?","$","?","?","E","M","BOSS","R","M","?","$","M","E","T","M","?","?","M"],"items_purchased_type":["Relic","Card","Card"],"build_version":"2020-12-22","purchased_purges":2,"victory":false,"max_hp_per_floor":[71,71,76,76,76,76,76,76,76,76,83,83,83,83,83,83,83,83,83,83,83,83,83,83,83,83,83,83,83,83],"card_choices":[{"not_picked":["Slimebound:ComboTackle","Slimebound:Gluttony"],"picked":"Slimebound:SpikyOuterGoop","floor":2},{"not_picked":["Slimebound:Equalize","Slimebound:GoopSpray"],"picked":"Slimebound:Schlurp","floor":4},{"not_picked":["Slimebound:LivingWall","Slimebound:SlimeSpikes"],"picked":"Slimebound:ItLooksTasty","floor":5},{"not_picked":["Slimebound:ProtectTheBoss","Slimebound:PressTheAttack"],"picked":"Slimebound:TongueLash","floor":6},{"not_picked":["Slimebound:LevelUp","Slimebound:Dissolve"],"picked":"Slimebound:AcidTongue","floor":11},{"not_picked":["Slimebound:SplitMire","Slimebound:Chomp"],"picked":"Slimebound:SlimeSpikes","floor":12},{"not_picked":["Slimebound:Schlurp","Slimebound:FinishingTackle"],"picked":"Slimebound:RollThrough","floor":13},{"not_picked":["Slimebound:SplitBruiser","Slimebound:Grow"],"picked":"Slimebound:LeechLife","floor":14},{"not_picked":["Slimebound:Schlurp","Slimebound:ComboTackle"],"picked":"Slimebound:MegaLick","floor":15},{"not_picked":["Slimebound:RallyTheTroops","Slimebound:SelfFormingGoo"],"picked":"Slimebound:DouseInSlime","floor":16},{"not_picked":["Slimebound:ComboTackle+1","Slimebound:LeadByExample"],"picked":"Slimebound:HauntingLick","floor":19},{"not_picked":["Slimebound:LivingWall","Slimebound:Schlurp"],"picked":"Slimebound:AcidTongue","floor":21},{"not_picked":["Slimebound:LeechEnergy","Slimebound:Grow"],"picked":"Slimebound:Schlurp+1","floor":22},{"not_picked":["Slimebound:PressTheAttack","Slimebound:RollThrough"],"picked":"Slimebound:LivingWall+1","floor":23},{"not_picked":["Slimebound:PressTheAttack","Slimebound:RejuvenatingLick"],"picked":"Slimebound:Gluttony","floor":25}],"player_experience":193961,"relics_obtained":[{"floor":6,"key":"Meat on the Bone"},{"floor":7,"key":"Art of War"},{"floor":14,"key":"Oddly Smooth Stone"},{"floor":23,"key":"Pen Nib"},{"floor":24,"key":"MealTicket"},{"floor":26,"key":"Ancient Tea Set"}],"event_choices":[{"damage_healed":0,"gold_gain":0,"player_choice":"Ignored","damage_taken":0,"max_hp_gain":0,"max_hp_loss":0,"event_name":"NoteForYourself","floor":10,"gold_loss":0},{"damage_healed":0,"gold_gain":0,"player_choice":"Stole Relic","damage_taken":0,"relics_obtained":["MawBank"],"max_hp_gain":0,"max_hp_loss":0,"event_name":"Addict","floor":27,"gold_loss":0,"cards_obtained":["Pride"]}],"is_beta":false,"boss_relics":[{"not_picked":["Busted Crown","Astrolabe"],"picked":"SlaversCollar"}],"items_purged_floors":[11,21],"is_endless":false,"potions_floor_spawned":[5,12,14,15,16,22],"killed_by":"Shelled Parasite and Fungi","ascension_level":0}}