{"host":"aqym1xxr3lb31d9m","time":1610967835,"event":{"mods":["BaseMod","Block Reminder","Colored Map","Colored Powertips","DeckTracker","Highlight Path","Minty Spire (QoL Compilation)","Quick Restart","Random Character Button","StSLib","SuperFastMode","UnlockEverythingMod"],"gold_per_floor":[119,119,131,131,146,146,161,161,161,161,161,193,209,223,223,223,223],"floor_reached":16,"language":"JPN","playtime":1909,"items_purged":[],"score":204,"play_id":"4f547cb8-b0f1-417f-b363-678b14952909","local_time":"20210118200355","is_ascension_mode":true,"campfire_choices":[{"data":"Wild Strike","floor":6,"key":"SMITH"},{"data":"Bash","floor":8,"key":"SMITH"},{"data":"Shrug It Off","floor":11,"key":"SMITH"},{"data":"Clothesline","floor":15,"key":"SMITH"}],"circlet_count":0,"master_deck":["AscendersBane","Strike_R","Strike_R","Strike_R","Defend_R","Defend_R","Defend_R","Defend_R","Bash+1","Shrug It Off+1","Wild Strike+1","Spot Weakness","Flame Barrier","Clothesline+1","Flame Barrier"],"relics":["Burning Blood","Paper Frog"],"acts_visited":["Exordium"],"potions_floor_usage":[12,12],"damage_taken":[{"damage":5,"enemies":"2 Louse","floor":1,"turns":4},{"damage":14,"enemies":"Jaw Worm","floor":3,"turns":5},{"damage":7,"enemies":"Cultist","floor":5,"turns":4},{"damage":13,"enemies":"Blue Slaver","floor":7,"turns":3},{"damage":20,"enemies":"3 Sentries","floor":12,"turns":7},{"damage":11,"enemies":"2 Fungi Beasts","floor":13,"turns":4},{"damage":16,"enemies":"Exordium Wildlife","floor":14,"turns":6},{"damage":36,"enemies":"The Guardian","floor":16,"turns":2}],"seed_played":"-4121699232701669944","potions_obtained":[{"floor":1,"key":"Energy Potion"},{"floor":3,"key":"Explosive Potion"}],"is_trial":false,"path_per_floor":["M","?","M","$","M","R","M","R","T","?","R","E","M","M","R","B"],"character_chosen":"IRONCLAD","items_purchased":[],"campfire_rested":0,"item_purchase_floors":[],"current_hp_per_floor":[69,69,61,61,60,60,53,53,53,53,53,39,34,24,24,0,0],"gold":223,"neow_bonus":"REMOVE_CARD","is_daily":false,"chose_seed":false,"campfire_upgraded":4,"win_rate":0.0,"timestamp":1610967835,"path_taken":["M","?","M","$","M","R","M","R","T","?","R","E","M","?","R","BOSS"],"items_purchased_type":[],"build_version":"2020-12-22","purchased_purges":0,"victory":false,"max_hp_per_floor":[75,75,75,75,75,75,75,75,75,75,75,75,75,75,75,75,75],"card_choices":[{"not_picked":["Rupture","Dual Wield","Sentinel"],"picked":"SKIP","floor":1},{"not_picked":["Iron Wave","Sentinel"],"picked":"Shrug It Off","floor":3},{"not_picked":["Blood for Blood","Clothesline"],"picked":"Wild Strike","floor":5},{"not_picked":["Twin Strike","Blood for Blood"],"picked":"Spot Weakness","floor":7},{"not_picked":["Clothesline","Ghostly Armor"],"picked":"Flame Barrier","floor":12},{"not_picked":["Anger","Hemokinesis"],"picked":"Clothesline","floor":13},{"not_picked":["Reckless Charge","Cleave"],"picked":"Flame Barrier","floor":14}],"player_experience":3948945,"relics_obtained":[{"floor":12,"key":"Paper Frog"}],"event_choices":[{"damage_healed":0,"gold_gain":0,"player_choice":"Ignored","damage_taken":0,"max_hp_gain":0,"max_hp_loss":0,"event_name":"Shining Light","floor":2,"gold_loss":0},{"cards_removed":["Strike_R"],"damage_healed":0,"gold_gain":0,"player_choice":"Purged","damage_taken":0,"max_hp_gain":0,"max_hp_loss":0,"event_name":"Purifier","floor":10,"gold_loss":0}],"is_beta":false,"boss_relics":[],"items_purged_floors":[],"is_endless":false,"potions_floor_spawned":[1,3,5],"killed_by":"The Guardian","ascension_level":20}}