{"host":"Qube","time":1610940327,"event":{"mods":["AchievementEnabler","BaseMod","Colored Map","Colored Powertips","Highlight Path","Minty Spire (QoL Compilation)","Permanent Neow","Quick Restart","Random Character Button","StSLib"],"gold_per_floor":[118,135,148,148,168,202,202,218,218,121,121,155,172,189,189,189,189],"floor_reached":16,"language":"ENG","playtime":558,"items_purged":[],"score":228,"play_id":"b697573d-437d-4b38-bf0f-92781fc51f3b","local_time":"20210117192527","is_ascension_mode":true,"campfire_choices":[{"data":"True Grit","floor":7.0,"key":"SMITH"},{"floor":11.0,"key":"REST"},{"data":"Corruption","floor":15,"key":"SMITH"}],"circlet_count":0,"master_deck":["AscendersBane","Strike_R","Strike_R","Strike_R","Strike_R","Strike_R","Defend_R","Defend_R","Defend_R","Defend_R","Bash","Heavy Blade","Feel No Pain+1","Twin Strike","True Grit+1","Whirlwind","Flex","Corruption+1","Metallicize","Power Through"],"relics":["Sozu","Akabeko","Singing Bowl","Molten Egg 2","StrikeDummy"],"acts_visited":["Exordium"],"potions_floor_usage":[],"damage_taken":[{"damage":0.0,"enemies":"2 Louse","floor":1.0,"turns":3.0},{"damage":0.0,"enemies":"Cultist","floor":2.0,"turns":2.0},{"damage":4.0,"enemies":"Jaw Worm","floor":3.0,"turns":3.0},{"damage":21.0,"enemies":"Gremlin Gang","floor":5.0,"turns":7.0},{"damage":11.0,"enemies":"3 Sentries","floor":6.0,"turns":14.0},{"damage":8.0,"enemies":"Blue Slaver","floor":8.0,"turns":3.0},{"damage":4,"enemies":"Gremlin Nob","floor":12,"turns":3},{"damage":8,"enemies":"Red Slaver","floor":13,"turns":3},{"damage":0,"enemies":"Exordium Thugs","floor":14,"turns":1},{"damage":37,"enemies":"Hexaghost","floor":16,"turns":9}],"seed_played":"4605349724862698528","potions_obtained":[],"is_trial":false,"path_per_floor":["M","M","M","?","M","E","R","M","T","?","R","E","M","M","R","B"],"character_chosen":"IRONCLAD","items_purchased":[],"campfire_rested":1,"item_purchase_floors":[],"current_hp_per_floor":[68,68,64,64,43,32,32,24,24,24,46,42,34,34,34,0,0],"gold":189,"neow_bonus":"BOSS_RELIC","is_daily":false,"chose_seed":false,"campfire_upgraded":2,"win_rate":0.0,"timestamp":1610940327,"path_taken":["M","M","M","?","M","E","R","?","T","?","R","E","M","?","R","BOSS"],"items_purchased_type":[],"build_version":"2020-12-18","purchased_purges":0,"victory":false,"max_hp_per_floor":[75,75,75,75,75,75,75,75,75,75,75,75,75,75,75,75,75],"card_choices":[{"not_picked":["Dual Wield","Dropkick"],"picked":"Heavy Blade","floor":1.0},{"not_picked":["Armaments","Body Slam"],"picked":"Feel No Pain","floor":2.0},{"not_picked":["Body Slam","Perfected Strike"],"picked":"Twin Strike","floor":3.0},{"not_picked":["Warcry","Clash"],"picked":"True Grit","floor":5.0},{"not_picked":["Combust","Anger"],"picked":"Whirlwind","floor":6.0},{"not_picked":["Warcry","Iron Wave"],"picked":"Flex","floor":8.0},{"not_picked":["Twin Strike+1","Thunderclap+1"],"picked":"Corruption","floor":12},{"not_picked":["Combust","Clothesline+1"],"picked":"Metallicize","floor":13},{"not_picked":["Pummel+1","Perfected Strike+1"],"picked":"Power Through","floor":14}],"player_experience":922770,"relics_obtained":[{"floor":6.0,"key":"Akabeko"},{"floor":9.0,"key":"Singing Bowl"},{"floor":12,"key":"StrikeDummy"}],"event_choices":[{"damage_healed":0.0,"max_hp_gain":0.0,"max_hp_loss":0.0,"gold_gain":0.0,"event_name":"Accursed Blacksmith","player_choice":"Forge","floor":4.0,"gold_loss":0.0,"damage_taken":0.0,"cards_upgraded":["Feel No Pain"]},{"damage_healed":0.0,"max_hp_gain":0.0,"max_hp_loss":0.0,"gold_gain":0.0,"event_name":"WeMeetAgain","player_choice":"Paid Gold","floor":10.0,"gold_loss":97.0,"damage_taken":0.0,"relics_obtained":["Molten Egg 2"]}],"is_beta":true,"boss_relics":[],"items_purged_floors":[],"is_endless":false,"potions_floor_spawned":[1,2,8,13],"killed_by":"Hexaghost","ascension_level":20}}