{"host":"wl47xhfxme4nig5w","time":1610952607,"event":{"mods":["BaseMod","Colored Map","Colored Powertips","Googly Eyes","Minty Spire (QoL Compilation)","StSLib","SuperFastMode","everything is the same but u backflip on backflip","slay the spire mod where everything is the same but ironclad has a cowboy hat"],"gold_per_floor":[116,41,41,41,51,51,68,93,93,93,111,111,124,137,137,232,282,300,300,300,200,200,200,211,211,211],"floor_reached":25,"language":"ENG","playtime":852,"items_purged":["Strike_G","Strike_G"],"score":231,"play_id":"8a0b8ca7-f51c-4f47-a63b-84dbd34c624d","local_time":"20210117225007","is_ascension_mode":true,"campfire_choices":[{"data":"Deadly Poison","floor":6,"key":"SMITH"},{"data":"Deadly Poison","floor":12,"key":"SMITH"},{"data":"Backstab","floor":15,"key":"SMITH"},{"data":"Bouncing Flask","floor":23,"key":"SMITH"}],"circlet_count":0,"master_deck":["Strike_G","Strike_G","Defend_G+1","Defend_G","Defend_G","Defend_G","Defend_G","Survivor","Neutralize","Deadly Poison+1","Deadly Poison+1","Prepared","Dodge and Roll","Tactician","Catalyst","Backstab+1","Grand Finale","Bouncing Flask+1"],"relics":["Ring of the Snake","NeowsBlessing","Eternal Feather","Juzu Bracelet","Mummified Hand","Tiny House","Paper Crane"],"acts_visited":["Exordium","TheCity"],"potions_floor_usage":[8,14,25],"damage_taken":[{"damage":0,"enemies":"Cultist","floor":1,"turns":1},{"damage":0,"enemies":"Jaw Worm","floor":5,"turns":1},{"damage":0,"enemies":"2 Louse","floor":7,"turns":1},{"damage":33,"enemies":"3 Sentries","floor":8,"turns":19},{"damage":9,"enemies":"Red Slaver","floor":11,"turns":4},{"damage":2,"enemies":"Looter","floor":13,"turns":3},{"damage":5,"enemies":"2 Fungi Beasts","floor":14,"turns":4},{"damage":26,"enemies":"Hexaghost","floor":16,"turns":8},{"damage":19,"enemies":"Shell Parasite","floor":18,"turns":5},{"damage":16,"enemies":"3 Byrds","floor":24,"turns":6},{"damage":50,"enemies":"3 Cultists","floor":25,"turns":6}],"seed_played":"5863150799222166794","potions_obtained":[{"floor":7,"key":"PowerPotion"},{"floor":13,"key":"DistilledChaos"},{"floor":17,"key":"FairyPotion"},{"floor":24,"key":"Dexterity Potion"}],"is_trial":false,"path_per_floor":["M","$","T","$","M","R","M","E","T","?","M","R","M","M","R","B",null,"M","?","?","$","?","R","M","M"],"character_chosen":"THE_SILENT","items_purchased":[],"campfire_rested":0,"item_purchase_floors":[],"current_hp_per_floor":[70,70,70,70,70,70,70,37,37,60,51,60,58,53,62,36,75,56,56,56,56,56,65,49,0,0],"gold":211,"neow_bonus":"THREE_ENEMY_KILL","is_daily":false,"chose_seed":false,"campfire_upgraded":4,"win_rate":0.0,"timestamp":1610952607,"path_taken":["M","?","?","$","?","R","M","E","T","?","M","R","M","M","R","BOSS","M","?","?","$","?","R","M","M"],"items_purchased_type":[],"build_version":"2020-12-22","purchased_purges":2,"victory":false,"max_hp_per_floor":[70,70,70,70,70,70,70,70,70,70,70,70,70,70,70,70,75,75,75,75,75,75,75,75,75,75],"card_choices":[{"not_picked":["Dagger Spray","Backflip"],"picked":"Deadly Poison","floor":1},{"not_picked":["Slice","Prepared"],"picked":"Deadly Poison","floor":5},{"not_picked":["Dagger Spray","Cloak And Dagger"],"picked":"Prepared","floor":7},{"not_picked":["Riddle With Holes","Infinite Blades"],"picked":"Dodge and Roll","floor":8},{"not_picked":["Prepared","Slice"],"picked":"Tactician","floor":11},{"not_picked":["Sucker Punch","Endless Agony"],"picked":"Catalyst","floor":13},{"not_picked":["Flying Knee","Sucker Punch"],"picked":"Backstab","floor":14},{"not_picked":["Phantasmal Killer","Glass Knife"],"picked":"Grand Finale","floor":16},{"not_picked":["Eviscerate","Quick Slash"],"picked":"Bouncing Flask","floor":17},{"not_picked":["Flechettes","Riddle With Holes","Dagger Spray"],"picked":"SKIP","floor":18},{"not_picked":["Setup+1","Outmaneuver","Quick Slash"],"picked":"SKIP","floor":24}],"player_experience":343329,"relics_obtained":[{"floor":3,"key":"Eternal Feather"},{"floor":8,"key":"Juzu Bracelet"},{"floor":9,"key":"Mummified Hand"}],"event_choices":[{"damage_healed":23,"gold_gain":0,"player_choice":"Banana","damage_taken":0,"max_hp_gain":0,"max_hp_loss":0,"event_name":"Big Fish","floor":10,"gold_loss":0},{"cards_removed":["Strike_G"],"damage_healed":0,"gold_gain":0,"player_choice":"Purged","damage_taken":0,"max_hp_gain":0,"max_hp_loss":0,"event_name":"Purifier","floor":19,"gold_loss":0},{"damage_healed":0,"gold_gain":0,"player_choice":"Ignored","damage_taken":0,"max_hp_gain":0,"max_hp_loss":0,"event_name":"Cursed Tome","floor":20,"gold_loss":0},{"damage_healed":0,"gold_gain":0,"player_choice":"Gave Potion","damage_taken":0,"relics_obtained":["Paper Crane"],"max_hp_gain":0,"max_hp_loss":0,"event_name":"WeMeetAgain","floor":22,"gold_loss":0}],"is_beta":false,"boss_relics":[{"not_picked":["SacredBark","SlaversCollar"],"picked":"Tiny House"}],"items_purged_floors":[2,21],"is_endless":false,"potions_floor_spawned":[7,13,24],"killed_by":"3 Cultists","ascension_level":3}}