{"host":"vlqejv0notyktumz","time":1610930208,"event":{"mods":["AchievementEnabler","BaseMod","Colored Map","Colored Powertips","Downfall","Googly Eyes","Minty Spire (QoL Compilation)","StSLib"],"gold_per_floor":[119,119,136,136,86,86,115,115,195,45,55,55,68,88,88,185,185,199,199,199,124,137,137,172,172,172,172,172],"floor_reached":27,"language":"ENG","playtime":615,"items_purged":["Strike_B"],"score":321,"play_id":"42b8e08e-b847-4874-8b3a-e557a1eb8e9e","local_time":"20210117183648","is_ascension_mode":true,"campfire_choices":[{"floor":6,"key":"REST"},{"floor":15,"key":"REST"},{"data":"Zap","floor":23,"key":"SMITH"},{"data":"Leap","floor":25,"key":"SMITH"}],"circlet_count":0,"master_deck":["Strike_B+1","Strike_B","Defend_B","Defend_B","Defend_B","Zap+1","Dualcast","Coolheaded","Conserve Battery","Conserve Battery","Seek","Zap+1","FTL","Zap+1","Leap","Redo","Sweeping Beam","Lockon","Leap+1"],"relics":["Cracked Core","InkBottle","Pantograph","Eternal Feather","DollysMirror","Busted Crown","Bottled Lightning","Dream Catcher"],"acts_visited":["Exordium","TheCity"],"potions_floor_usage":[7,16,27],"damage_taken":[{"damage":0,"enemies":"Small Slimes","floor":1,"turns":3},{"damage":2,"enemies":"2 Louse","floor":3,"turns":2},{"damage":38,"enemies":"Gremlin Nob","floor":7,"turns":4},{"damage":0,"enemies":"Cultist","floor":11,"turns":3},{"damage":13,"enemies":"3 Louse","floor":13,"turns":4},{"damage":4,"enemies":"Gremlin Gang","floor":14,"turns":4},{"damage":28,"enemies":"Slime Boss","floor":16,"turns":12},{"damage":10,"enemies":"Shell Parasite","floor":18,"turns":5},{"damage":0,"enemies":"3 Byrds","floor":22,"turns":4},{"damage":62,"enemies":"Slavers","floor":24,"turns":6},{"damage":16,"enemies":"Book of Stabbing","floor":27,"turns":3}],"seed_played":"-166313762347483155","potions_obtained":[{"floor":3,"key":"LiquidBronze"},{"floor":14,"key":"hexamod:SoulburnPotion"},{"floor":16,"key":"SpeedPotion"}],"is_trial":false,"path_per_floor":["M","?","M","?","?","R","E","?","T","$","M","$","M","M","R","B",null,"M","?","?","$","M","R","E","R","T","E"],"character_chosen":"DEFECT","items_purchased":["DollysMirror"],"campfire_rested":2,"item_purchase_floors":[10],"current_hp_per_floor":[68,56,54,39,39,61,23,23,23,23,23,23,10,6,37,34,65,55,55,55,55,55,64,2,11,11,0,0],"gold":172,"neow_bonus":"TRANSFORM_CARD","is_daily":false,"chose_seed":false,"campfire_upgraded":2,"win_rate":0.0,"timestamp":1610930208,"path_taken":["M","?","M","?","?","R","E","?","T","$","M","$","M","M","R","BOSS","M","?","?","$","M","R","E","R","T","E"],"items_purchased_type":["Relic"],"build_version":"2020-12-22","purchased_purges":1,"victory":false,"max_hp_per_floor":[75,75,75,75,75,75,75,75,75,75,75,75,75,75,75,75,75,75,75,75,75,75,75,75,75,75,75,75],"card_choices":[{"not_picked":["Stack","Cold Snap"],"picked":"Conserve Battery","floor":1},{"not_picked":["Beam Cell","Barrage"],"picked":"Conserve Battery","floor":3},{"not_picked":["Stack","Rip and Tear"],"picked":"Seek","floor":7},{"not_picked":["Compile Driver","Stack","Rip and Tear"],"picked":"SKIP","floor":11},{"not_picked":["Recycle","Cold Snap"],"picked":"Leap","floor":13},{"not_picked":["Sweeping Beam","Gash"],"picked":"Redo","floor":14},{"not_picked":[],"picked":"Sweeping Beam","floor":18},{"not_picked":["Streamline"],"picked":"SKIP","floor":22},{"not_picked":["Leap"],"picked":"SKIP","floor":24},{"not_picked":[],"picked":"Leap","floor":24}],"player_experience":356720,"relics_obtained":[{"floor":7,"key":"Pantograph"},{"floor":9,"key":"Eternal Feather"},{"floor":24,"key":"Bottled Lightning"},{"floor":26,"key":"Dream Catcher"}],"event_choices":[{"damage_healed":0,"gold_gain":0,"player_choice":"Success","damage_taken":12,"relics_obtained":["InkBottle"],"max_hp_gain":0,"max_hp_loss":0,"event_name":"Scrap Ooze","floor":2,"gold_loss":0},{"damage_healed":0,"gold_gain":0,"player_choice":"Entered Light","damage_taken":15,"max_hp_gain":0,"max_hp_loss":0,"event_name":"Shining Light","floor":4,"gold_loss":0,"cards_upgraded":["Strike_B","Zap"]},{"cards_removed":["Strike_B"],"damage_healed":0,"gold_gain":0,"player_choice":"Card Removal","damage_taken":0,"max_hp_gain":0,"max_hp_loss":0,"event_name":"The Cleric","floor":5,"gold_loss":50},{"damage_healed":0,"gold_gain":0,"player_choice":"2 cards matched","damage_taken":0,"max_hp_gain":0,"max_hp_loss":0,"event_name":"Match and Keep!","floor":8,"gold_loss":0,"cards_obtained":["Zap","FTL"]},{"damage_healed":0,"gold_gain":0,"player_choice":"Read","damage_taken":0,"max_hp_gain":0,"max_hp_loss":0,"event_name":"The Library","floor":19,"gold_loss":0,"cards_obtained":["Lockon"]},{"damage_healed":0,"gold_gain":0,"player_choice":"Ignored","damage_taken":0,"max_hp_gain":0,"max_hp_loss":0,"event_name":"N\u0027loth","floor":20,"gold_loss":0}],"is_beta":false,"boss_relics":[{"not_picked":["Snecko Eye","Fusion Hammer"],"picked":"Busted Crown"}],"items_purged_floors":[21],"is_endless":false,"potions_floor_spawned":[3,14,16],"killed_by":"Book of Stabbing","ascension_level":8}}