{"host":"7qoz5gmva6til3yp","time":1610993543,"event":{"mods":["AchievementEnabler","BaseMod","Minty Spire (QoL Compilation)","StSLib","SuperFastMode"],"gold_per_floor":[113,124,74,92,92,92,103,27,27,27,40,40,40,40,40,138,138,153,167,67,80,4,4,17,17,65,65,65,80,111,130,130,225,275,295,345,355,355,365,393,319,319,319,354,159,187,9,9,9,9],"floor_reached":51,"language":"KOR","playtime":1897,"items_purged":["Strike_B","Strike_B","Strike_B","Defend_B","Auto Shields+1"],"score":1055,"play_id":"eb476164-476d-4ac5-8728-4c2fe4277716","local_time":"20210119031223","is_ascension_mode":true,"campfire_choices":[{"data":"Zap","floor":6.0,"key":"SMITH"},{"data":"Dualcast","floor":10.0,"key":"SMITH"},{"data":"Defragment","floor":12.0,"key":"SMITH"},{"data":"Loop","floor":15.0,"key":"SMITH"},{"data":"Blizzard","floor":23.0,"key":"SMITH"},{"data":"Glacier","floor":25.0,"key":"SMITH"},{"data":"Cold Snap","floor":27.0,"key":"SMITH"},{"data":"FTL","floor":32.0,"key":"SMITH"},{"floor":42.0,"key":"REST"},{"data":"Buffer","floor":49,"key":"SMITH"}],"circlet_count":0,"master_deck":["Zap+1","Dualcast+1","Coolheaded","Sweeping Beam","Defragment+1","Loop+1","Glacier+1","Electrodynamics","Compile Driver","Cold Snap+1","Blizzard+1","FTL+1","Core Surge","Turbo","Buffer+1","Blizzard+1","Capacitor","Chill","Reboot"],"relics":["Cracked Core","Smiling Mask","Mercury Hourglass","White Beast Statue","Empty Cage","Lee\u0027s Waffle","Lantern","Matryoshka","Tiny House","Thread and Needle","Meat on the Bone","Bag of Preparation","Oddly Smooth Stone","Darkstone Periapt","Orrery"],"acts_visited":["Exordium","TheCity","TheBeyond"],"potions_floor_usage":[50,50,50],"damage_taken":[{"damage":1.0,"enemies":"Cultist","floor":1.0,"turns":3.0},{"damage":12.0,"enemies":"2 Louse","floor":2.0,"turns":3.0},{"damage":2.0,"enemies":"Jaw Worm","floor":4.0,"turns":4.0},{"damage":10.0,"enemies":"Lots of Slimes","floor":7.0,"turns":2.0},{"damage":11.0,"enemies":"Large Slime","floor":11.0,"turns":5.0},{"damage":3.0,"enemies":"The Guardian","floor":16.0,"turns":12.0},{"damage":28.0,"enemies":"2 Thieves","floor":18.0,"turns":3.0},{"damage":1.0,"enemies":"Chosen","floor":19.0,"turns":5.0},{"damage":6.0,"enemies":"Centurion and Healer","floor":21.0,"turns":5.0},{"damage":13.0,"enemies":"Chosen and Byrds","floor":24.0,"turns":7.0},{"damage":10.0,"enemies":"Cultist and Chosen","floor":29.0,"turns":5.0},{"damage":13.0,"enemies":"Book of Stabbing","floor":30.0,"turns":6.0},{"damage":0.0,"enemies":"3 Cultists","floor":31.0,"turns":3.0},{"damage":32.0,"enemies":"Collector","floor":33.0,"turns":9.0},{"damage":6.0,"enemies":"Orb Walker","floor":35.0,"turns":4.0},{"damage":0.0,"enemies":"Mind Bloom Boss Battle","floor":36.0,"turns":9.0},{"damage":7.0,"enemies":"3 Shapes","floor":37.0,"turns":4.0},{"damage":10.0,"enemies":"Sphere and 2 Shapes","floor":39.0,"turns":6.0},{"damage":36.0,"enemies":"Nemesis","floor":40.0,"turns":9.0},{"damage":54.0,"enemies":"Reptomancer","floor":44.0,"turns":8.0},{"damage":117.0,"enemies":"Giant Head","floor":46.0,"turns":12.0},{"damage":77,"enemies":"Time Eater","floor":50,"turns":12}],"seed_played":"5105670393639349834","potions_obtained":[{"floor":1.0,"key":"AttackPotion"},{"floor":4.0,"key":"Energy Potion"},{"floor":11.0,"key":"SpeedPotion"},{"floor":16.0,"key":"AttackPotion"},{"floor":19.0,"key":"EssenceOfDarkness"},{"floor":28.0,"key":"PotionOfCapacity"},{"floor":33.0,"key":"EssenceOfSteel"},{"floor":34.0,"key":"DistilledChaos"},{"floor":35.0,"key":"BlessingOfTheForge"},{"floor":39.0,"key":"LiquidBronze"},{"floor":40.0,"key":"Explosive Potion"},{"floor":46.0,"key":"PotionOfCapacity"}],"is_trial":false,"path_per_floor":["M","M","$","M","?","R","M","$","T","R","M","R","?","T","R","B",null,"M","M","$","M","$","R","M","R","T","R","?","M","E","M","R","B",null,"M","?","M","?","M","E","$","R","T","E","$","E","$","?","R","B",null],"character_chosen":"DEFECT","items_purchased":["Loop","Lee\u0027s Waffle","Blizzard","Turbo","Buffer","Capacitor","Orrery"],"campfire_rested":1,"item_purchase_floors":[8,20,22,41,45,47,47],"current_hp_per_floor":[67,55,55,53,53,53,43,43,43,43,32,32,25,25,25,22,62,34,33,82,76,76,76,63,63,63,63,63,53,40,40,40,8,69,63,63,56,56,46,10,10,34,34,41,41,54,54,54,54,39],"gold":9,"neow_bonus":"RANDOM_COMMON_RELIC","is_daily":false,"chose_seed":false,"campfire_upgraded":9,"win_rate":0.0,"timestamp":1610993543,"path_taken":["M","M","$","?","?","R","M","?","T","R","M","R","?","?","R","BOSS","M","M","$","M","$","R","?","R","T","R","?","M","E","?","R","BOSS","M","?","M","?","M","E","$","R","T","E","$","E","$","?","R","BOSS"],"items_purchased_type":["Card","Relic","Card","Card","Card","Card","Relic"],"build_version":"2020-12-22","purchased_purges":5,"victory":true,"max_hp_per_floor":[75,75,75,75,75,75,75,75,75,75,75,75,75,75,75,75,75,75,75,82,82,82,82,82,82,82,82,82,82,82,82,82,82,87,87,87,87,83,83,83,83,83,83,83,83,83,83,83,83,83],"card_choices":[{"not_picked":["Force Field","Hello World"],"picked":"Coolheaded","floor":1.0},{"not_picked":["Hologram","Steam"],"picked":"Sweeping Beam","floor":2.0},{"not_picked":["Stack","Gash"],"picked":"Defragment","floor":4.0},{"not_picked":["Hologram","Reinforced Body"],"picked":"Auto Shields","floor":7.0},{"not_picked":["Chill","Coolheaded"],"picked":"Glacier","floor":11.0},{"not_picked":["Reboot","All For One"],"picked":"Electrodynamics","floor":16.0},{"not_picked":["Stack+1","White Noise","Sweeping Beam"],"picked":"SKIP","floor":18.0},{"not_picked":["Melter","Beam Cell"],"picked":"Compile Driver","floor":19.0},{"not_picked":["Ball Lightning","Sweeping Beam+1"],"picked":"Cold Snap","floor":21.0},{"not_picked":["Storm","Ball Lightning"],"picked":"FTL","floor":24.0},{"not_picked":["Gash","Rainbow","Lockon"],"picked":"SKIP","floor":29.0},{"not_picked":["Rebound","Undo","Heatsinks"],"picked":"SKIP","floor":30.0},{"not_picked":["Rebound","Beam Cell+1","Leap"],"picked":"SKIP","floor":31.0},{"not_picked":["Rainbow","Meteor Strike"],"picked":"Core Surge","floor":33.0},{"not_picked":["Scrape+1","Steam+1","Stack+1"],"picked":"SKIP","floor":35.0},{"not_picked":["All For One","Steam+1","Coolheaded"],"picked":"SKIP","floor":37.0},{"not_picked":["Hello World+1","Sunder","Glacier"],"picked":"SKIP","floor":39.0},{"not_picked":["Hello World+1","Rebound+1","Rip and Tear+1"],"picked":"SKIP","floor":40.0},{"not_picked":["Stack+1","Ball Lightning+1","Hologram"],"picked":"SKIP","floor":44.0},{"not_picked":["Sweeping Beam","Rebound+1"],"picked":"Blizzard+1","floor":46.0},{"not_picked":["Steam","Loop"],"picked":"Chill","floor":47.0},{"not_picked":["Darkness","Streamline"],"picked":"Reboot","floor":47.0}],"player_experience":394095,"relics_obtained":[{"floor":9.0,"key":"Mercury Hourglass"},{"floor":14.0,"key":"White Beast Statue"},{"floor":26.0,"key":"Lantern"},{"floor":30.0,"key":"Matryoshka"},{"floor":36.0,"key":"Thread and Needle"},{"floor":40.0,"key":"Meat on the Bone"},{"floor":43.0,"key":"Bag of Preparation"},{"floor":43.0,"key":"Oddly Smooth Stone"},{"floor":46.0,"key":"Darkstone Periapt"}],"event_choices":[{"cards_removed":["Defend_B"],"damage_healed":0.0,"max_hp_gain":0.0,"max_hp_loss":0.0,"gold_gain":0.0,"event_name":"Purifier","player_choice":"Purged","floor":5.0,"gold_loss":0.0,"damage_taken":0.0},{"cards_removed":["Strike_B"],"damage_healed":0.0,"max_hp_gain":0.0,"max_hp_loss":0.0,"gold_gain":0.0,"event_name":"Golden Wing","player_choice":"Card Removal","floor":13.0,"gold_loss":0.0,"damage_taken":7.0},{"damage_healed":0.0,"max_hp_gain":0.0,"max_hp_loss":0.0,"gold_gain":0.0,"event_name":"Lab","player_choice":"Got Potions","floor":28.0,"gold_loss":0.0,"damage_taken":0.0},{"damage_healed":0.0,"max_hp_gain":0.0,"max_hp_loss":0.0,"gold_gain":0.0,"event_name":"MindBloom","player_choice":"Fight","floor":36.0,"gold_loss":0.0,"damage_taken":0.0},{"damage_healed":0.0,"max_hp_gain":0.0,"max_hp_loss":4.0,"gold_gain":0.0,"event_name":"Winding Halls","player_choice":"Max HP","floor":38.0,"gold_loss":0.0,"damage_taken":0.0},{"damage_healed":0,"gold_gain":0,"player_choice":"Ignored","damage_taken":0,"max_hp_gain":0,"max_hp_loss":0,"event_name":"Transmorgrifier","floor":48,"gold_loss":0}],"is_beta":false,"boss_relics":[{"not_picked":["Busted Crown","Black Star"],"picked":"Empty Cage"},{"not_picked":["Calling Bell","SlaversCollar"],"picked":"Tiny House"}],"items_purged_floors":[3,20,41,45,47],"is_endless":false,"potions_floor_spawned":[1,4,11,16,18,19,21,24,29,30,31,33,35,36,37,39,40,44,46],"ascension_level":9}}