{"host":"8lvnnmfamkc2d31d","time":1610959685,"event":{"mods":["2.2 Compatiblity","Act Like it!","Arknights The Spire","BaseMod","Colored Map","Minty Spire (QoL Compilation)","Relic Stats","StSLib"],"gold_per_floor":[112,131,131,141,152,179,197,197,197,208,227,256,256,276,276,373,373,389,389,404,414,414,414,414,431,454,465,492,492,123,49,49,154,154,168,188,188,198,208,208,223,223,223,223,243,243,253,269,269,269],"floor_reached":51,"language":"ENG","playtime":4990,"items_purged":[],"score":687,"play_id":"f2c0e390-81ed-4964-9684-75437cce977e","local_time":"20210118024805","is_ascension_mode":false,"campfire_choices":[{"data":"ats:Revitalization","floor":8.0,"key":"SMITH"},{"data":"ats:Thorns","floor":13.0,"key":"SMITH"},{"data":"ats:Childhood Dance","floor":15.0,"key":"SMITH"},{"data":"ats:Soul Rend","floor":23.0,"key":"SMITH"},{"data":"ats:Encircling Forest","floor":29.0,"key":"SMITH"},{"data":"ats:Thorns","floor":32.0,"key":"SMITH"},{"data":"Discovery","floor":40,"key":"SMITH"},{"data":"Madness","floor":42,"key":"SMITH"},{"data":"ats:Healing Strengthening","floor":46,"key":"SMITH"},{"data":"ats:Healing Drone","floor":49,"key":"SMITH"}],"circlet_count":0,"master_deck":["ats:Armor Crushing Shot","ats:Emotion Absorption","ats:Revitalization+1","ats:Childhood Dance+1","ats:Hammer On","ats:Curse Doll","ats:Ignite","ats:Healing Drone","ats:Ignite+1","ats:Shell Defense","ats:Thorns+1","ats:Hammer On+1","ats:Disruption Kick+1","ats:Red Shift+1","ats:Nebulous Foxfire","ats:Assault Order","ats:Shell Defense","ats:Shell Defense","ats:Sunburst+1","ats:Soul Rend+1","ats:Encircling Forest+1","ats:Chain Hook+1","ats:Healing Drone+1","J.A.X.","ats:Apocalypse+1","ats:Calcification","ats:Thorns+1","ats:Shell Defense","Discovery+1","ats:Wolf Pack+1","ats:Revitalization","ats:Shell Defense+1","Madness+1","Madness","ats:Spore Proliferation","ats:Part Time Job+1","ats:Defend Order","ats:Healing Strengthening+1","ats:Apocalypse","ats:Composite Medical Shells+1"],"relics":["ats:Sanity","NeowsBlessing","Gremlin Horn","ats:Originium","Lantern","Molten Egg 2","Thread and Needle","Pandora\u0027s Box","Strawberry","Blue Candle","Membership Card","ats:Military Tradition","PreservedInsect","Coffee Dripper","Pocketwatch","Oddly Smooth Stone"],"acts_visited":["Exordium","TheCity","TheBeyond"],"potions_floor_usage":[38,50,50],"damage_taken":[{"damage":0.0,"enemies":"Cultist","floor":1.0,"turns":1.0},{"damage":0.0,"enemies":"2 Louse","floor":2.0,"turns":1.0},{"damage":0.0,"enemies":"Small Slimes","floor":4.0,"turns":1.0},{"damage":22.0,"enemies":"Blue Slaver","floor":5.0,"turns":7.0},{"damage":21.0,"enemies":"Gremlin Nob","floor":6.0,"turns":4.0},{"damage":23.0,"enemies":"Exordium Thugs","floor":7.0,"turns":5.0},{"damage":15.0,"enemies":"Large Slime","floor":10.0,"turns":10.0},{"damage":11.0,"enemies":"Looter","floor":11.0,"turns":4.0},{"damage":31.0,"enemies":"3 Sentries","floor":12.0,"turns":13.0},{"damage":0.0,"enemies":"3 Louse","floor":14.0,"turns":4.0},{"damage":54.0,"enemies":"Hexaghost","floor":16.0,"turns":11.0},{"damage":0.0,"enemies":"3 Byrds","floor":18.0,"turns":6.0},{"damage":58.0,"enemies":"Chosen","floor":20.0,"turns":9.0},{"damage":20.0,"enemies":"Sentry and Sphere","floor":21.0,"turns":5.0},{"damage":37.0,"enemies":"Centurion and Healer","floor":25.0,"turns":10.0},{"damage":29.0,"enemies":"Snecko","floor":27.0,"turns":7.0},{"damage":82.0,"enemies":"Gremlin Leader","floor":28.0,"turns":9.0},{"damage":40.0,"enemies":"Champ","floor":33.0,"turns":18.0},{"damage":88,"enemies":"3 Darklings","floor":35,"turns":6},{"damage":12,"enemies":"Orb Walker","floor":36,"turns":6},{"damage":52,"enemies":"Writhing Mass","floor":38,"turns":8},{"damage":53,"enemies":"3 Darklings","floor":39,"turns":7},{"damage":59,"enemies":"Spire Growth","floor":41,"turns":7},{"damage":15,"enemies":"Sphere and 2 Shapes","floor":45,"turns":5},{"damage":23,"enemies":"Jaw Worm Horde","floor":47,"turns":7},{"damage":41,"enemies":"3 Darklings","floor":48,"turns":9},{"damage":114,"enemies":"Time Eater","floor":50,"turns":12}],"seed_played":"4677759080161939725","potions_obtained":[{"floor":1.0,"key":"LiquidMemories"},{"floor":2.0,"key":"Ancient Potion"},{"floor":7.0,"key":"FairyPotion"},{"floor":12.0,"key":"Weak Potion"},{"floor":20.0,"key":"Energy Potion"},{"floor":21.0,"key":"ColorlessPotion"},{"floor":28.0,"key":"Block Potion"},{"floor":35,"key":"EssenceOfSteel"},{"floor":36,"key":"AttackPotion"},{"floor":39,"key":"BlessingOfTheForge"}],"is_trial":false,"path_per_floor":["M","M","T","M","M","E","M","R","T","M","M","E","R","M","R","B",null,"M","?","M","M","?","R","?","M","T","M","E","R","$","$","R","B",null,"M","M","?","M","M","R","M","R","T","T","M","R","M","M","R","B",null],"character_chosen":"DOCTOR_CLASS","items_purchased":["Membership Card","ats:Military Tradition","ats:Thorns","ats:Shell Defense","Discovery","PreservedInsect"],"campfire_rested":0,"item_purchase_floors":[30,30,30,30,30,31],"current_hp_per_floor":[72,72,72,72,56,35,15,15,15,42,37,50,50,63,63,51,72,72,72,27,29,29,29,29,72,79,79,79,79,79,79,79,72,79,40,70,60,69,79,79,50,50,50,50,72,72,79,79,79,72],"gold":269,"neow_bonus":"THREE_ENEMY_KILL","is_daily":false,"chose_seed":false,"campfire_upgraded":10,"win_rate":0.0,"timestamp":1610959685,"path_taken":["M","M","?","M","M","E","M","R","T","M","M","E","R","?","R","BOSS","M","?","M","M","?","R","?","M","T","M","E","R","?","$","R","BOSS","M","M","?","M","M","R","M","R","T","?","M","R","M","M","R","BOSS"],"items_purchased_type":["Relic","Relic","Card","Card","Card","Relic"],"build_version":"2020-12-22","purchased_purges":0,"victory":true,"max_hp_per_floor":[72,72,72,72,72,72,72,72,72,72,72,72,72,72,72,72,72,72,72,72,72,72,72,72,72,79,79,79,79,79,79,79,79,79,79,79,79,79,79,79,79,79,79,79,79,79,79,79,79,79],"relic_stats":{"Gremlin Horn":[28,28],"counters":[27,190],"Blue Candle":[0],"Pandora\u0027s Box":["ats:Red Shift","ats:Nebulous Foxfire","ats:Rapid Magazine","ats:Assault Order","ats:Shell Defense","ats:Shell Defense","ats:Sunburst","ats:Soul Rend"],"PreservedInsect":0,"obtain_stats":[{"Lantern":6,"NeowsBlessing":0,"Gremlin Horn":3,"Blue Candle":28,"Oddly Smooth Stone":44,"Thread and Needle":12,"PreservedInsect":31,"ats:Originium":6,"Strawberry":26,"Molten Egg 2":9,"Pandora\u0027s Box":17,"Coffee Dripper":34,"ats:Sanity":0,"Membership Card":30,"ats:Military Tradition":30,"Pocketwatch":43},{"Lantern":5,"NeowsBlessing":0,"Gremlin Horn":2,"Blue Candle":17,"Oddly Smooth Stone":23,"Thread and Needle":9,"PreservedInsect":17,"ats:Originium":5,"Strawberry":15,"Molten Egg 2":6,"Pandora\u0027s Box":11,"Coffee Dripper":18,"ats:Sanity":0,"Membership Card":17,"ats:Military Tradition":17,"Pocketwatch":23},{"Lantern":14,"NeowsBlessing":0,"Gremlin Horn":2,"Blue Candle":105,"Oddly Smooth Stone":157,"Thread and Needle":45,"PreservedInsect":105,"ats:Originium":14,"Strawberry":89,"Molten Egg 2":19,"Pandora\u0027s Box":60,"Coffee Dripper":123,"ats:Sanity":0,"Membership Card":105,"ats:Military Tradition":105,"Pocketwatch":157}],"Pocketwatch":[12]},"card_choices":[{"not_picked":["ats:Spore Proliferation","ats:Ignite"],"picked":"ats:Revitalization","floor":1.0},{"not_picked":["ats:Cat Scratch","ats:Curse Doll"],"picked":"ats:Childhood Dance","floor":2.0},{"not_picked":["ats:Steam Pump","ats:Curse Doll"],"picked":"ats:Hammer On","floor":4.0},{"not_picked":["ats:Flame Of Heaven","ats:Cat Scratch"],"picked":"ats:Curse Doll","floor":5.0},{"not_picked":["ats:Ambush","ats:Encircling Forest"],"picked":"ats:Ignite","floor":6.0},{"not_picked":["ats:Cat Scratch","ats:Shadow Raid"],"picked":"ats:Healing Drone","floor":7.0},{"not_picked":["ats:Curse Doll","ats:Childhood Dance"],"picked":"ats:Ignite+1","floor":10.0},{"not_picked":["ats:Sword Rain+1","ats:Consecutive Shot Auto+1"],"picked":"ats:Shell Defense","floor":11.0},{"not_picked":["ats:Thermite Blade+1","ats:Hammer On+1"],"picked":"ats:Thorns","floor":12.0},{"not_picked":["ats:Beaten Up","ats:Poison Spread+1"],"picked":"ats:Hammer On+1","floor":14.0},{"not_picked":["ats:True Silver Slash+1","ats:Ambush"],"picked":"ats:Disruption Kick+1","floor":16.0},{"not_picked":["ats:Charging Defense","ats:Demon Strength"],"picked":"ats:Encircling Forest","floor":18.0},{"not_picked":["ats:Childhood Dance","ats:Flexible Camouflage"],"picked":"ats:Chain Hook+1","floor":20.0},{"not_picked":["ats:Assault Order","ats:Hammer On+1"],"picked":"ats:Healing Drone","floor":21.0},{"not_picked":["ats:Powerful Strike+1","ats:Leaping Hammer+1"],"picked":"ats:Apocalypse+1","floor":25.0},{"not_picked":["ats:Powerful Strike+1","ats:Flexible Camouflage+1","ats:Magnetic Hammer+1"],"picked":"SKIP","floor":27.0},{"not_picked":["ats:Curse Doll+1","ats:Ignite+1"],"picked":"ats:Calcification","floor":28.0},{"not_picked":["ats:Fractured Body","ats:Durian"],"picked":"ats:Wolf Pack+1","floor":33.0},{"not_picked":["ats:Explosion Area Strengthen+1","ats:Poison Spread+1"],"picked":"ats:Revitalization","floor":35},{"not_picked":["ats:Directed Diagnosis+1","ats:Automatic Cover"],"picked":"ats:Shell Defense+1","floor":36},{"not_picked":["ats:Explosion Area Strengthen+1","ats:Poison Spread+1"],"picked":"ats:Spore Proliferation","floor":38},{"not_picked":["ats:Revitalization+1","ats:Consecutive Shot Auto+1"],"picked":"ats:Part Time Job+1","floor":39},{"not_picked":["ats:Leaping Hammer+1","ats:Soul Absorption"],"picked":"ats:Defend Order","floor":41},{"not_picked":["ats:Assault Order+1","ats:Very Hot Blade+1"],"picked":"ats:Healing Strengthening","floor":45},{"not_picked":["ats:Very Hot Blade+1","ats:Flexible Camouflage"],"picked":"ats:Apocalypse","floor":47},{"not_picked":["ats:Rapid Magazine","ats:Ambush"],"picked":"ats:Composite Medical Shells+1","floor":48}],"player_experience":432608,"relics_obtained":[{"floor":3.0,"key":"Gremlin Horn"},{"floor":6.0,"key":"ats:Originium"},{"floor":6.0,"key":"Lantern"},{"floor":9.0,"key":"Molten Egg 2"},{"floor":12.0,"key":"ats:Originium"},{"floor":12.0,"key":"Thread and Needle"},{"floor":26.0,"key":"Strawberry"},{"floor":28.0,"key":"ats:Originium"},{"floor":28.0,"key":"Blue Candle"},{"floor":43,"key":"Pocketwatch"},{"floor":44,"key":"Oddly Smooth Stone"}],"event_choices":[{"damage_healed":0.0,"max_hp_gain":0.0,"max_hp_loss":0.0,"gold_gain":0.0,"event_name":"Vampires","player_choice":"Ignored","floor":19.0,"gold_loss":0.0,"damage_taken":0.0},{"cards_removed":["ats:Rapid Magazine"],"damage_healed":0.0,"max_hp_gain":0.0,"max_hp_loss":0.0,"gold_gain":0.0,"event_name":"Back to Basics","player_choice":"Elegance","floor":22.0,"gold_loss":0.0,"damage_taken":0.0},{"damage_healed":0.0,"max_hp_gain":0.0,"max_hp_loss":0.0,"gold_gain":0.0,"event_name":"Drug Dealer","player_choice":"Obtain J.A.X.","floor":24.0,"gold_loss":0.0,"damage_taken":0.0,"cards_obtained":["J.A.X."]},{"damage_healed":0,"gold_gain":0,"player_choice":"Embrace Madness","damage_taken":10,"max_hp_gain":0,"max_hp_loss":0,"event_name":"Winding Halls","floor":37,"gold_loss":0,"cards_obtained":["Madness","Madness"]}],"is_beta":false,"boss_relics":[{"not_picked":["SlaversCollar","Calling Bell"],"picked":"Pandora\u0027s Box"},{"not_picked":["SacredBark","Empty Cage"],"picked":"Coffee Dripper"}],"items_purged_floors":[],"is_endless":false,"potions_floor_spawned":[1,2,7,12,20,21,28,35,36,39],"ascension_level":0}}