{"host":"mai03x2ekbjy4059","time":1610944097,"event":{"mods":["2.2 Compatiblity","BaseMod","DeckTracker","Keyboard Shortcuts","Minty Spire (QoL Compilation)","Permanent Neow","Quick Restart","SuperFastMode","everything is the same but u backflip on backflip"],"gold_per_floor":[112,62,14,89,264,264,298,310,310,327,345,375,388,416,416,416,416],"floor_reached":16,"language":"KOR","playtime":503,"items_purged":[],"score":152,"play_id":"90c2e6e8-6f31-47c2-8a6c-e12ff0ce8ce3","local_time":"20210118132817","is_ascension_mode":true,"campfire_choices":[{"data":"Neutralize","floor":6.0,"key":"SMITH"},{"data":"Terror","floor":15,"key":"SMITH"}],"circlet_count":0,"master_deck":["Strike_G","Strike_G","Strike_G","Strike_G","Strike_G","Defend_G","Defend_G","Defend_G","Defend_G","Defend_G","Survivor","Neutralize+1","Flying Knee","Slice","Doubt","Terror+1","Concentrate"],"relics":["Ring of the Snake","Ice Cream","Oddly Smooth Stone","FossilizedHelix","Bottled Lightning","Gremlin Horn"],"acts_visited":["Exordium"],"potions_floor_usage":[],"damage_taken":[{"damage":0.0,"enemies":"Small Slimes","floor":1.0,"turns":5.0},{"damage":25.0,"enemies":"Lagavulin","floor":7.0,"turns":9.0},{"damage":0.0,"enemies":"Jaw Worm","floor":8.0,"turns":4.0},{"damage":0.0,"enemies":"2 Louse","floor":10.0,"turns":3.0},{"damage":0.0,"enemies":"Blue Slaver","floor":11.0,"turns":4.0},{"damage":0.0,"enemies":"Gremlin Nob","floor":12.0,"turns":4.0},{"damage":4.0,"enemies":"Large Slime","floor":13.0,"turns":7.0},{"damage":18,"enemies":"3 Sentries","floor":14,"turns":12},{"damage":6,"enemies":"Slime Boss","floor":16,"turns":8}],"seed_played":"-3609949450269160393","potions_obtained":[{"floor":1.0,"key":"CunningPotion"},{"floor":7.0,"key":"Strength Potion"},{"floor":10.0,"key":"AttackPotion"},{"floor":11.0,"key":"Energy Potion"}],"is_trial":false,"path_per_floor":["M","?","$","?","?","R","E","M","T","M","M","E","M","E","R","B"],"character_chosen":"THE_SILENT","items_purchased":["Slice"],"campfire_rested":0,"item_purchase_floors":[3],"current_hp_per_floor":[70,70,70,59,59,59,34,34,34,34,34,34,30,12,12,6,6],"gold":416,"neow_bonus":"ONE_RARE_RELIC","is_daily":false,"chose_seed":false,"campfire_upgraded":2,"win_rate":0.0,"timestamp":1610944097,"path_taken":["M","?","$","?","?","R","E","M","T","M","M","E","?","E","R","BOSS"],"items_purchased_type":["Card"],"build_version":"2020-12-22","purchased_purges":0,"victory":false,"max_hp_per_floor":[70,70,70,70,70,70,70,70,70,70,70,70,70,70,70,70,70],"card_choices":[{"not_picked":["Sucker Punch","Distraction"],"picked":"Flying Knee","floor":1.0},{"not_picked":["Quick Slash","Calculated Gamble","Sucker Punch"],"picked":"SKIP","floor":7.0},{"not_picked":["Slice","Sucker Punch"],"picked":"Terror","floor":8.0},{"not_picked":["Dagger Throw","Underhanded Strike"],"picked":"Concentrate","floor":10.0},{"not_picked":["Cloak And Dagger","Reflex","Setup"],"picked":"SKIP","floor":11.0},{"not_picked":["Sucker Punch","Prepared","Deadly Poison"],"picked":"SKIP","floor":12.0},{"not_picked":["PiercingWail","Deadly Poison","Bouncing Flask"],"picked":"SKIP","floor":13.0},{"not_picked":["Flechettes","Burst","Terror"],"picked":"SKIP","floor":14}],"player_experience":1079748,"relics_obtained":[{"floor":7.0,"key":"Oddly Smooth Stone"},{"floor":9.0,"key":"FossilizedHelix"},{"floor":12.0,"key":"Bottled Lightning"},{"floor":14,"key":"Gremlin Horn"}],"event_choices":[{"cards_removed":["Shame"],"damage_healed":0.0,"max_hp_gain":0.0,"max_hp_loss":0.0,"gold_gain":0.0,"event_name":"The Cleric","player_choice":"Card Removal","floor":2.0,"gold_loss":50.0,"damage_taken":0.0},{"damage_healed":0.0,"max_hp_gain":0.0,"max_hp_loss":0.0,"gold_gain":75.0,"event_name":"World of Goop","player_choice":"Gather Gold","floor":4.0,"gold_loss":0.0,"damage_taken":11.0},{"damage_healed":0.0,"max_hp_gain":0.0,"max_hp_loss":0.0,"gold_gain":175.0,"event_name":"Liars Game","player_choice":"AGREE","floor":5.0,"gold_loss":0.0,"damage_taken":0.0,"cards_obtained":["Doubt"]}],"is_beta":false,"boss_relics":[],"items_purged_floors":[],"is_endless":false,"potions_floor_spawned":[1,7,10,11],"killed_by":"Slime Boss","ascension_level":1}}