{"host":"h4qgcirtxz6qax9j","time":1610973322,"event":{"mods":["AchievementEnabler","BaseMod","Colored Powertips","Hermit","Minty Spire (QoL Compilation)","StSLib","SuperFastMode","The Servant 0.9.4"],"gold_per_floor":[114,133,133,108,108,108,139,139,166,166,184,108,123,146,146,265,265,284,284,42,42,60,60,85,116,168,168,181,194,194,214,214,214,214],"floor_reached":33,"language":"KOR","playtime":1026,"items_purged":[],"score":280,"play_id":"0924d37d-fbe8-4b14-b459-8cf54fcb565a","local_time":"20210118213522","is_ascension_mode":true,"campfire_choices":[{"floor":6,"key":"REST"},{"floor":8,"key":"REST"},{"floor":10,"key":"REST"},{"floor":15,"key":"REST"},{"data":"InstantArmor","floor":23,"key":"SMITH"},{"data":"MurderousAura","floor":27,"key":"SMITH"},{"floor":32,"key":"REST"}],"circlet_count":0,"master_deck":["Strike_S+1","Strike_S+1","Strike_S+1","Strike_S+1","Defend_S+1","Defend_S+1","Defend_S+1","Defend_S+1","KidneyShot+1","Exchange","Starlight","ShatteredReality+1","MurderousAura+1","BottledTime","SurpressingFire","InstantArmor+1","Rearm","KillingDoll+1","BottledTime+1","KillingDoll","ShatteredReality","Rearm","Ricochet"],"relics":["Uniform","Golden Idol","War Paint","Boot","Happy Flower","Bottled Tornado","Sundial","Whetstone"],"acts_visited":["Exordium","TheCity"],"potions_floor_usage":[25,33],"damage_taken":[{"damage":0,"enemies":"Small Slimes","floor":1,"turns":3},{"damage":5,"enemies":"2 Louse","floor":2,"turns":3},{"damage":26,"enemies":"Gremlin Nob","floor":7,"turns":5},{"damage":0,"enemies":"Jaw Worm","floor":11,"turns":3},{"damage":8,"enemies":"Looter","floor":13,"turns":3},{"damage":9,"enemies":"Lots of Slimes","floor":14,"turns":6},{"damage":27,"enemies":"Hexaghost","floor":16,"turns":8},{"damage":2,"enemies":"Spheric Guardian","floor":18,"turns":6},{"damage":0,"enemies":"Shell Parasite","floor":22,"turns":4},{"damage":0,"enemies":"3 Cultists","floor":24,"turns":6},{"damage":30,"enemies":"Slavers","floor":25,"turns":7},{"damage":1,"enemies":"Centurion and Healer","floor":28,"turns":5},{"damage":0,"enemies":"Sentry and Sphere","floor":29,"turns":4},{"damage":0,"enemies":"Cultist and Chosen","floor":31,"turns":5},{"damage":55,"enemies":"Collector","floor":33,"turns":9}],"seed_played":"-1007245895733884940","potions_obtained":[{"floor":1,"key":"PowerPotion"},{"floor":7,"key":"SpeedPotion"},{"floor":14,"key":"LiquidBronze"},{"floor":16,"key":"ColorlessPotion"},{"floor":28,"key":"Explosive Potion"}],"is_trial":false,"path_per_floor":["M","M","?","$","?","R","E","R","T","R","M","$","M","M","R","B",null,"M","?","$","?","M","R","M","E","T","R","M","M","?","M","R","B"],"character_chosen":"THE_SERVANT","items_purchased":["ShatteredReality","SurpressingFire","Bottled Tornado"],"campfire_rested":5,"item_purchase_floors":[4,12,20],"current_hp_per_floor":[65,60,44,44,32,51,25,44,44,63,63,63,55,46,65,38,65,63,63,63,63,63,63,63,33,33,33,32,32,32,32,51,0,0],"gold":214,"neow_bonus":"UPGRADE_CARD","is_daily":false,"chose_seed":false,"campfire_upgraded":2,"win_rate":0.0,"timestamp":1610973322,"path_taken":["M","M","?","$","?","R","E","R","T","R","M","$","M","M","R","BOSS","M","?","$","?","M","R","M","E","T","R","?","M","?","M","R","BOSS"],"items_purchased_type":["Card","Card","Relic"],"build_version":"2020-12-22","purchased_purges":0,"victory":false,"max_hp_per_floor":[65,65,65,65,65,65,65,65,65,65,65,65,65,65,65,65,65,65,65,65,65,65,65,65,65,65,65,65,65,65,65,65,65,65],"card_choices":[{"not_picked":["Advance","Spin"],"picked":"Starlight","floor":1},{"not_picked":["Defy","MoonPhase","Unruled"],"picked":"SKIP","floor":2},{"not_picked":["RealityMarble","WasteNot"],"picked":"MurderousAura","floor":7},{"not_picked":["Potential","Replace"],"picked":"BottledTime","floor":11},{"not_picked":["BottledTime","DoubleEdge"],"picked":"InstantArmor","floor":13},{"not_picked":["Defy","Manipulate"],"picked":"Rearm","floor":14},{"not_picked":["Sunlight","Solidify"],"picked":"KillingDoll","floor":16},{"not_picked":["TimeWarp+1","Unruled"],"picked":"BottledTime+1","floor":18},{"not_picked":["ReturningBlade","Alleviate+1"],"picked":"ShatteredReality","floor":22},{"not_picked":["FastForward","Sabotage"],"picked":"Rearm","floor":24},{"not_picked":["Duplication","Sabotage","Defy+1"],"picked":"SKIP","floor":25},{"not_picked":["Potential","Spin"],"picked":"Ricochet","floor":28},{"not_picked":["Potential+1","Unruled","Rewind"],"picked":"SKIP","floor":29},{"not_picked":["Potential","Spin","Alleviate"],"picked":"SKIP","floor":31}],"player_experience":56125,"relics_obtained":[{"floor":7,"key":"Boot"},{"floor":9,"key":"Happy Flower"},{"floor":25,"key":"Sundial"},{"floor":26,"key":"Whetstone"}],"event_choices":[{"damage_healed":0,"gold_gain":0,"player_choice":"Take Damage","damage_taken":16,"relics_obtained":["Golden Idol"],"max_hp_gain":0,"max_hp_loss":0,"event_name":"Golden Idol","floor":3,"gold_loss":0},{"damage_healed":0,"gold_gain":0,"player_choice":"Success","damage_taken":12,"relics_obtained":["War Paint"],"max_hp_gain":0,"max_hp_loss":0,"event_name":"Scrap Ooze","floor":5,"gold_loss":0},{"damage_healed":0,"gold_gain":0,"player_choice":"Simplicity","damage_taken":0,"max_hp_gain":0,"max_hp_loss":0,"event_name":"Back to Basics","floor":19,"gold_loss":0,"cards_upgraded":["Strike_S","Strike_S","Strike_S","Strike_S","Defend_S","Defend_S"]},{"damage_healed":0,"gold_gain":0,"player_choice":"Copied","damage_taken":0,"max_hp_gain":0,"max_hp_loss":0,"event_name":"Duplicator","floor":21,"gold_loss":0,"cards_obtained":["KillingDoll"]},{"damage_healed":0,"gold_gain":0,"player_choice":"Bought 0 Potions","damage_taken":0,"max_hp_gain":0,"max_hp_loss":0,"event_name":"The Woman in Blue","floor":30,"gold_loss":0}],"is_beta":false,"boss_relics":[{"not_picked":["Busted Crown","Astrolabe","Pandora\u0027s Box"]}],"items_purged_floors":[],"is_endless":false,"potions_floor_spawned":[1,7,14,16,18,22,28],"killed_by":"Collector","ascension_level":1}}