{"host":"y76x98twjnyyxs83","time":1610991475,"event":{"mods":["BaseMod","Colored Powertips","Minty Spire (QoL Compilation)","Permanent Neow","Quick Restart","Rare Cards Sparkle","Relic Stats","StSLib"],"gold_per_floor":[111,111,128,138,138,138,173,173,219,219,30,41,41,71,71,150,150,165,165,165,165],"floor_reached":20,"language":"ENG","playtime":698,"items_purged":["Strike_B"],"score":333,"play_id":"3696ebfc-9371-4331-9cca-c50017642859","local_time":"20210119013755","is_ascension_mode":true,"campfire_choices":[{"data":"Go for the Eyes","floor":6,"key":"SMITH"},{"floor":8,"key":"REST"},{"data":"Streamline","floor":10,"key":"SMITH"},{"data":"Zap","floor":13,"key":"SMITH"},{"data":"Capacitor","floor":15,"key":"SMITH"}],"circlet_count":0,"master_deck":["AscendersBane","Strike_B","Strike_B","Strike_B","Defend_B","Defend_B","Defend_B","Zap+1","Dualcast","Conserve Battery","Streamline+1","Go for the Eyes+1","Coolheaded","Capacitor+1","Barrage","Consume","Multi-Cast","Ghostly","Ghostly","Ghostly"],"relics":["Runic Pyramid","Smiling Mask","Potion Belt","Blood Vial","Inserter"],"acts_visited":["Exordium","TheCity"],"potions_floor_usage":[16,18],"damage_taken":[{"damage":7,"enemies":"Jaw Worm","floor":1,"turns":4},{"damage":1,"enemies":"Small Slimes","floor":3,"turns":4},{"damage":2,"enemies":"2 Louse","floor":4,"turns":3},{"damage":31,"enemies":"3 Sentries","floor":7,"turns":9},{"damage":6,"enemies":"Large Slime","floor":12,"turns":7},{"damage":1,"enemies":"Lagavulin","floor":14,"turns":6},{"damage":12,"enemies":"Slime Boss","floor":16,"turns":9},{"damage":37,"enemies":"2 Thieves","floor":18,"turns":4},{"damage":27,"enemies":"Chosen","floor":20,"turns":5}],"seed_played":"9172810617196524485","potions_obtained":[{"floor":1,"key":"FocusPotion"},{"floor":3,"key":"PotionOfCapacity"},{"floor":12,"key":"CultistPotion"}],"is_trial":false,"path_per_floor":["M","?","M","M","?","R","E","R","T","R","$","M","R","E","R","B",null,"M","?","M"],"character_chosen":"DEFECT","items_purchased":["Capacitor","PowerPotion"],"campfire_rested":1,"item_purchase_floors":[11,11],"current_hp_per_floor":[57,50,49,47,47,47,16,37,37,37,37,31,31,30,30,20,58,23,23,0,0],"gold":165,"neow_bonus":"BOSS_RELIC","is_daily":false,"chose_seed":false,"campfire_upgraded":4,"win_rate":0.0,"timestamp":1610991475,"path_taken":["M","?","M","M","?","R","E","R","T","R","$","M","R","E","R","BOSS","M","?","M"],"items_purchased_type":["Card","Potion"],"build_version":"2020-12-22","purchased_purges":1,"victory":false,"max_hp_per_floor":[71,71,71,71,71,71,71,71,71,71,71,71,71,71,71,71,71,71,35,35,35],"relic_stats":{"Blood Vial":6,"Inserter":[4],"counters":[9,51],"Smiling Mask":25,"obtain_stats":[{"Potion Belt":9,"Blood Vial":14,"Inserter":17,"Cracked Core":0,"Smiling Mask":7,"Runic Pyramid":0},{"Potion Belt":4,"Blood Vial":6,"Inserter":7,"Cracked Core":0,"Smiling Mask":4,"Runic Pyramid":0},{"Potion Belt":20,"Blood Vial":33,"Inserter":42,"Cracked Core":0,"Smiling Mask":20,"Runic Pyramid":0}]},"card_choices":[{"not_picked":["Sweeping Beam","White Noise"],"picked":"Conserve Battery","floor":1},{"not_picked":["Beam Cell","Leap"],"picked":"Streamline","floor":3},{"not_picked":["Barrage","Hologram"],"picked":"Go for the Eyes","floor":4},{"not_picked":["Double Energy","White Noise"],"picked":"Coolheaded","floor":7},{"not_picked":["Sweeping Beam","Seek"],"picked":"Barrage","floor":12},{"not_picked":["Ball Lightning","Darkness"],"picked":"Consume","floor":14},{"not_picked":["Seek","Reboot"],"picked":"Multi-Cast","floor":16},{"not_picked":["Sweeping Beam+1","Compile Driver","Beam Cell"],"picked":"SKIP","floor":18}],"player_experience":1158992,"relics_obtained":[{"floor":7,"key":"Smiling Mask"},{"floor":9,"key":"Potion Belt"},{"floor":14,"key":"Blood Vial"}],"event_choices":[{"cards_removed":["Defend_B"],"damage_healed":0,"gold_gain":0,"player_choice":"Card Removal","damage_taken":7,"max_hp_gain":0,"max_hp_loss":0,"event_name":"Golden Wing","floor":2,"gold_loss":0},{"damage_healed":0,"gold_gain":0,"player_choice":"Ignored","damage_taken":0,"max_hp_gain":0,"max_hp_loss":0,"event_name":"Liars Game","floor":5,"gold_loss":0},{"damage_healed":0,"gold_gain":0,"player_choice":"Became a Ghost","damage_taken":0,"max_hp_gain":0,"max_hp_loss":36,"event_name":"Ghosts","floor":19,"gold_loss":0,"cards_obtained":["Ghostly","Ghostly","Ghostly"]}],"is_beta":false,"boss_relics":[{"not_picked":["Runic Dome","Sozu"],"picked":"Inserter"}],"items_purged_floors":[11],"is_endless":false,"potions_floor_spawned":[1,3,12],"killed_by":"Chosen","ascension_level":17}}