{"host":"k9m1r4kqf7qgss6a","time":1610949948,"event":{"mods":["Abigail Mod","Act Like it!","Aspiration","Bard","BaseMod","Challenge The Spire","Colored Map","Colored Powertips","Conspire","FutureSeer","Highlight Path","Hubris","HumanHunterMod(π÷ŒÔ…±»Àmod)","Hunter ¡‘»À","Marisa£®ÏF”Í°°ƒß¿Ì…≥£©","Minty Spire (QoL Compilation)","MostiFishMod","Pale of the Ancients","Reimu£®≤©¿ˆ¡È√Œ£©","Relic Stats","Remilia£®¿Ÿ√◊¿Ú—«£©","Replay The Spire","RumiaBox-¬∂√◊Ê´µƒ…Ò√ÿ∫–◊”","Shop Mod","StSLib","TestMod","The Administrix","The Animator","The Bladedancer","The Bug Knight","The Construct","The Cursed","The Death Knight","The Gatherer","The Poker Player","The Runesmith","The Servant 0.9.4","Waifu the Spire","Youmu£®ªÍ∆«—˝√Œ£©","Yuyuko","[GremlinLeader]The Maniac","vexMod","°æπ¶ƒ‹Mod°øªÏ„Á÷Æª∑–ﬁ∏¥≤π∂°"],"gold_per_floor":[113,129,50,68,102,102,148,148,148,181,281,310,322,333,333,333,333],"floor_reached":16,"language":"ZHS","playtime":1527,"items_purged":[],"score":122,"play_id":"2b38fee9-daec-4d08-bfd7-00bd234bcbf0","local_time":"20210118140548","is_ascension_mode":false,"campfire_choices":[{"floor":6,"key":"RECALL"},{"data":"testmod-DisillusionmentEcho","floor":8,"key":"SMITH"},{"data":"BloodyCatastrophe","floor":15,"key":"SMITH"}],"circlet_count":0,"master_deck":["Strike_RM","Strike_RM","Strike_RM+1","Defend_RM","Defend_RM","Defend_RM","Defend_RM","RedMoon","ScarletShoot+1","testmod-DisillusionmentEcho+1","ScarletNetherworld","DevilSight","Septette","TwelveNightmare","UltimateOffering","ReincarnationDial","BloodyCatastrophe+1","ScarletDream"],"relics":["ScarletHat","testmod-TestBox","DaveBox","testmod-SaigiyounoYou","hubris:CrystalStatue","Whetstone","Replay:WaspNest"],"acts_visited":["Exordium"],"potions_floor_usage":[16,16],"damage_taken":[{"damage":0,"enemies":"conspire:RoseBush","floor":1,"turns":4},{"damage":0,"enemies":"Cultist","floor":2,"turns":6},{"damage":1,"enemies":"2 Louse","floor":4,"turns":10},{"damage":8,"enemies":"Looter","floor":5,"turns":5},{"damage":34,"enemies":"3 Sentries","floor":7,"turns":16},{"damage":4,"enemies":"HollowMod:MossKnight","floor":10,"turns":11},{"damage":44,"enemies":"Lagavulin","floor":12,"turns":7},{"damage":10,"enemies":"3 Louse","floor":13,"turns":4},{"damage":16,"enemies":"2 Fungi Beasts","floor":14,"turns":4},{"damage":105,"enemies":"Slime Boss","floor":16,"turns":14}],"seed_played":"-6271374144391093334","potions_obtained":[{"floor":2,"key":"Reflective Coating"},{"floor":7,"key":"ColorlessPotion"},{"floor":12,"key":"GrandPatriotsElixir:ReiMu"}],"is_trial":false,"path_per_floor":["M","M","$","M","M","R","E","R","T","E","?","E","M","M","R","B"],"character_chosen":"REMILIA","items_purchased":["DevilSight"],"campfire_rested":0,"item_purchase_floors":[3],"current_hp_per_floor":[63,74,74,75,74,74,65,65,65,75,75,44,47,40,40,0,0],"gold":333,"neow_bonus":"RANDOM_COLORLESS_2","is_daily":false,"chose_seed":false,"campfire_upgraded":2,"win_rate":0.0,"timestamp":1610949948,"path_taken":["M","M","$","M","M","R","E","R","T","E","?","E","M","?","R","BOSS"],"items_purchased_type":["Card"],"build_version":"2020-12-22","purchased_purges":0,"victory":false,"max_hp_per_floor":[75,75,75,75,75,75,75,75,75,75,75,75,75,75,75,75,75],"relic_stats":{"counters":[10,81],"Whetstone":["Strike_RM","ScarletShoot"],"obtain_stats":[{"testmod-TestBox":0,"hubris:CrystalStatue":7,"DaveBox":0,"Replay:WaspNest":12,"Whetstone":10,"testmod-SaigiyounoYou":0,"ScarletHat":0},{"testmod-TestBox":0,"hubris:CrystalStatue":5,"DaveBox":0,"Replay:WaspNest":7,"Whetstone":6,"testmod-SaigiyounoYou":0,"ScarletHat":0},{"testmod-TestBox":0,"hubris:CrystalStatue":41,"DaveBox":0,"Replay:WaspNest":59,"Whetstone":52,"testmod-SaigiyounoYou":0,"ScarletHat":0}]},"card_choices":[{"not_picked":["testmod-Recap","MostiFishMod:BrokenBlackCloak"],"picked":"testmod-DisillusionmentEcho","floor":0},{"not_picked":["ScarletDevil","FavorOfDestiny"],"picked":"MastersStateliness","floor":1},{"not_picked":["RedRainbow","BombardNight"],"picked":"ScarletNetherworld","floor":2},{"not_picked":["Stigmanizer","FavorOfDestiny"],"picked":"Septette","floor":4},{"not_picked":["BloodHunter","DevilSight"],"picked":"TwelveNightmare","floor":5},{"not_picked":["BloodHunter","Maim"],"picked":"UltimateOffering","floor":7},{"not_picked":["BloodyTrap","DevilSight"],"picked":"ReincarnationDial","floor":10},{"not_picked":["NightLord","FavorOfDestiny"],"picked":"BloodyCatastrophe","floor":12},{"not_picked":["ScarletImprint","FavorOfDestiny","ScarletDevil"],"picked":"SKIP","floor":13},{"not_picked":["AfternoonTea","UnstableMagic"],"picked":"ScarletDream","floor":14}],"player_experience":853206,"relics_obtained":[{"floor":7,"key":"hubris:CrystalStatue"},{"floor":10,"key":"Whetstone"},{"floor":12,"key":"Replay:WaspNest"}],"event_choices":[{"damage_healed":0,"gold_gain":100,"player_choice":"Pray","damage_taken":0,"max_hp_gain":0,"max_hp_loss":0,"event_name":"Golden Shrine","floor":11,"gold_loss":0}],"is_beta":false,"boss_relics":[],"items_purged_floors":[],"is_endless":false,"potions_floor_spawned":[2,7,12,13,14],"killed_by":"Slime Boss","ascension_level":0}}