{"host":"l60rmjjsfi0fipmi","time":1610997891,"event":{"mods":["BaseMod","Colored Map","DeckTracker","Highlight Path","Minty Spire (QoL Compilation)","StSLib","The Cursed","The Servant 0.9.4"],"gold_per_floor":[114,114,127,28,28,28,61,61,61,79,79,54,54,54,54,151,151,162,174,184,184,84,84,104,104,104,104,120,120,35,134,134,134,134],"floor_reached":33,"language":"ENG","playtime":1458,"items_purged":["Strike_P","Strike_P"],"score":277,"play_id":"71ac8622-505e-45e6-8db8-7f2bd22c83ce","local_time":"20210118142451","is_ascension_mode":true,"campfire_choices":[{"data":"FollowUp","floor":6,"key":"SMITH"},{"data":"FearNoEvil","floor":8,"key":"SMITH"},{"data":"Crescendo","floor":11,"key":"SMITH"},{"data":"FlurryOfBlows","floor":13,"key":"SMITH"},{"floor":15,"key":"REST"},{"floor":23,"key":"REST"},{"data":"Wallop","floor":25,"key":"SMITH"},{"floor":29,"key":"REST"},{"floor":32,"key":"REST"}],"circlet_count":0,"master_deck":["Strike_P","Strike_P","Defend_P+1","Defend_P","Defend_P","Eruption+1","Vigilance+1","Protect+1","FollowUp+1","FearNoEvil+1","Crescendo+1","FlurryOfBlows+1","Establishment","Meditate","Wallop+1","FlurryOfBlows+1","Decay"],"relics":["PureWater","War Paint","Blood Vial","StoneCalendar","Sozu","Bottled Tornado","Mercury Hourglass"],"acts_visited":["Exordium","TheCity"],"potions_floor_usage":[19,20],"damage_taken":[{"damage":0,"enemies":"Small Slimes","floor":1,"turns":2},{"damage":0,"enemies":"Jaw Worm","floor":3,"turns":3},{"damage":21,"enemies":"Lagavulin","floor":7,"turns":7},{"damage":0,"enemies":"2 Louse","floor":10,"turns":2},{"damage":4,"enemies":"The Guardian","floor":16,"turns":8},{"damage":0,"enemies":"Shell Parasite","floor":18,"turns":3},{"damage":34,"enemies":"2 Thieves","floor":19,"turns":4},{"damage":28,"enemies":"Snecko","floor":20,"turns":5},{"damage":12,"enemies":"Shelled Parasite and Fungi","floor":24,"turns":5},{"damage":18,"enemies":"Snake Plant","floor":28,"turns":3},{"damage":60,"enemies":"Champ","floor":33,"turns":13}],"seed_played":"4928741348544676286","potions_obtained":[{"floor":1,"key":"Regen Potion"},{"floor":10,"key":"SneckoOil"}],"is_trial":false,"path_per_floor":["M","?","M","$","?","R","E","R","T","M","R","$","R","?","R","B",null,"M","M","M","?","$","R","M","R","T","?","M","R","?","?","R","B"],"character_chosen":"WATCHER","items_purchased":["FollowUp","FlurryOfBlows"],"campfire_rested":4,"item_purchase_floors":[4,12],"current_hp_per_floor":[72,60,60,60,60,60,39,39,39,41,41,41,41,46,67,65,72,72,38,17,17,17,38,28,28,28,28,12,33,33,33,54,0,0],"gold":134,"neow_bonus":"UPGRADE_CARD","is_daily":false,"chose_seed":false,"campfire_upgraded":5,"win_rate":0.0,"timestamp":1610997891,"path_taken":["M","?","M","$","?","R","E","R","T","M","R","?","R","?","R","BOSS","M","M","M","?","$","R","M","R","T","?","M","R","?","?","R","BOSS"],"items_purchased_type":["Card","Card"],"build_version":"2020-12-22","purchased_purges":2,"victory":false,"max_hp_per_floor":[72,72,72,72,72,72,72,72,72,72,72,72,72,72,72,72,72,72,72,72,72,72,72,72,72,72,72,72,72,72,72,72,72,72],"card_choices":[{"not_picked":["Crescendo","Prostrate"],"picked":"Protect","floor":1},{"not_picked":["Pray","EmptyFist"],"picked":"FlurryOfBlows","floor":3},{"not_picked":["MasterReality","FollowUp"],"picked":"FearNoEvil","floor":7},{"not_picked":["ReachHeaven","Worship"],"picked":"Crescendo","floor":10},{"not_picked":["Devotion","Brilliance"],"picked":"Establishment","floor":16},{"not_picked":["PathToVictory","DeceiveReality"],"picked":"Meditate","floor":18},{"not_picked":["ForeignInfluence","Sanctity","SashWhip"],"picked":"SKIP","floor":19},{"not_picked":["BowlingBash","WreathOfFlame"],"picked":"Wallop","floor":20},{"not_picked":["EmptyBody","FlyingSleeves"],"picked":"FlurryOfBlows+1","floor":24},{"not_picked":["FearNoEvil+1","Evaluate","Ragnarok"],"picked":"SKIP","floor":28}],"player_experience":485545,"relics_obtained":[{"floor":7,"key":"Blood Vial"},{"floor":9,"key":"StoneCalendar"},{"floor":26,"key":"Bottled Tornado"}],"event_choices":[{"damage_healed":0,"gold_gain":0,"player_choice":"Success","damage_taken":12,"relics_obtained":["War Paint"],"max_hp_gain":0,"max_hp_loss":0,"event_name":"Scrap Ooze","floor":2,"gold_loss":0},{"damage_healed":0,"gold_gain":0,"player_choice":"Grow","damage_taken":0,"max_hp_gain":0,"max_hp_loss":0,"event_name":"Living Wall","floor":5,"gold_loss":0,"cards_upgraded":["Eruption"]},{"cards_removed":["FlurryOfBlows"],"damage_healed":5,"gold_gain":0,"player_choice":"Offered Common","damage_taken":0,"max_hp_gain":0,"max_hp_loss":0,"event_name":"Bonfire Elementals","floor":14,"gold_loss":0},{"cards_removed":["FlurryOfBlows"],"damage_healed":5,"gold_gain":0,"player_choice":"Offered Special","damage_taken":0,"max_hp_gain":0,"max_hp_loss":0,"event_name":"Bonfire Elementals","floor":14,"gold_loss":0},{"cards_removed":["Defend_P"],"damage_healed":0,"gold_gain":0,"player_choice":"Elegance","damage_taken":0,"max_hp_gain":0,"max_hp_loss":0,"event_name":"Back to Basics","floor":21,"gold_loss":0},{"damage_healed":0,"gold_gain":0,"player_choice":"Smashed Altar","damage_taken":0,"max_hp_gain":0,"max_hp_loss":0,"event_name":"Forgotten Altar","floor":27,"gold_loss":0,"cards_obtained":["Decay"]},{"damage_healed":0,"gold_gain":0,"player_choice":"Obtained Relic","damage_taken":0,"relics_obtained":["Mercury Hourglass"],"max_hp_gain":0,"max_hp_loss":0,"event_name":"Addict","floor":30,"gold_loss":85},{"damage_healed":0,"gold_gain":99,"player_choice":"Stole From Cult","damage_taken":0,"max_hp_gain":0,"max_hp_loss":0,"event_name":"Nest","floor":31,"gold_loss":0}],"is_beta":false,"boss_relics":[{"not_picked":["Ectoplasm","Tiny House"],"picked":"Sozu"}],"items_purged_floors":[4,22],"is_endless":false,"potions_floor_spawned":[1,10,19,24,28],"killed_by":"Champ","ascension_level":3}}