{"host":"2lvuisjyit3p3u01","time":1610994748,"event":{"mods":["Act Like it!","BaseMod","Bestiary","Better Synergies","CapriCore","Colored Map","Colored Powertips","Gensokyo","GifTheSpireLib","Marisa????????","Minty Spire (QoL Compilation)","Quick Restart","Remilia??????","Replay The Spire","StSLib","The Servant 0.9.4"],"gold_per_floor":[110,110,110,120,133,133,166,166,193,193,204,204,284,304,304,304,304],"floor_reached":16,"language":"ENG","playtime":477,"items_purged":[],"score":105,"play_id":"63258dcd-5554-428f-8327-17503c86e55d","local_time":"20210118203228","is_ascension_mode":true,"campfire_choices":[{"data":"Reset","floor":6,"key":"SMITH"},{"floor":10,"key":"REST"},{"data":"Unruled","floor":12,"key":"SMITH"},{"floor":15,"key":"REST"}],"circlet_count":0,"master_deck":["Strike_S","Strike_S","Strike_S","Strike_S","Defend_S","Defend_S","Defend_S","Defend_S","KidneyShot","Exchange","Spin","Gensokyo:CrescentMoonSlash","Luminosity","Reset+1","Starlight","Unruled+1","MurderousAura"],"relics":["Uniform","NeowsBlessing","Bronze Scales","PreservedInsect","Strawberry","Tiny Chest"],"acts_visited":["Gensokyo:Gensokyo"],"potions_floor_usage":[16],"damage_taken":[{"damage":0,"enemies":"Gensokyo:3_Fairies","floor":1,"turns":1},{"damage":0,"enemies":"Gensokyo:2_Kodama","floor":4,"turns":1},{"damage":0,"enemies":"Gensokyo:Gryphon","floor":5,"turns":1},{"damage":27,"enemies":"Gensokyo:Mamizou","floor":7,"turns":9},{"damage":0,"enemies":"Gensokyo:5_Fairies","floor":11,"turns":4},{"damage":11,"enemies":"Gensokyo:Gryphon_and_Rabbit","floor":14,"turns":3},{"damage":48,"enemies":"Gensokyo:Kokoro","floor":16,"turns":8}],"seed_played":"4739206981777241256","potions_obtained":[{"floor":11,"key":"SpeedPotion"},{"floor":14,"key":"Dexterity Potion"}],"is_trial":false,"path_per_floor":["M","?","?","M","M","R","E","?","T","R","M","R","?","M","R","B"],"character_chosen":"THE_SERVANT","items_purchased":[],"campfire_rested":2,"item_purchase_floors":[],"current_hp_per_floor":[65,56,43,43,43,43,16,13,13,34,34,34,34,23,44,0,0],"gold":304,"neow_bonus":"THREE_ENEMY_KILL","is_daily":false,"chose_seed":false,"campfire_upgraded":2,"win_rate":0.0,"timestamp":1610994748,"path_taken":["M","?","?","?","M","R","E","?","T","R","M","R","?","M","R","BOSS"],"items_purchased_type":[],"build_version":"2020-12-22","purchased_purges":0,"victory":false,"max_hp_per_floor":[65,65,65,65,65,65,65,72,72,72,72,72,72,72,72,72,72],"card_choices":[{"not_picked":["Defy","ShiftingGears"],"picked":"Spin","floor":1},{"not_picked":["Potential","ShatteredReality"],"picked":"Luminosity","floor":4},{"not_picked":["FastForward","Replace"],"picked":"Reset","floor":5},{"not_picked":["BottledTime","Rewind"],"picked":"Starlight","floor":7},{"not_picked":["FastForward","Shuttle"],"picked":"Unruled","floor":11},{"not_picked":["Defy","Ricochet"],"picked":"MurderousAura","floor":14}],"player_experience":219021,"relics_obtained":[{"floor":7,"key":"PreservedInsect"},{"floor":9,"key":"Tiny Chest"}],"event_choices":[],"is_beta":false,"boss_relics":[],"items_purged_floors":[],"is_endless":false,"potions_floor_spawned":[11,14],"killed_by":"Gensokyo:Kokoro","ascension_level":1}}