{"host":"paldcvh53cshz2ra","time":1610957060,"event":{"mods":["BaseMod","Downfall","Marisa????????","Minty Spire (QoL Compilation)","Quick Restart","Robot Space Explorer","StSLib","The Cursed","The Forsaken","The Servant 0.9.4","The Wild Card"],"gold_per_floor":[99,119,119,119,136,136,217,217,234,269,269,269,279,299,310,407,407,407,423,55,70,88,106,106,106,98,98,98,98,122,138,163,163,163,163],"floor_reached":33,"language":"ENG","playtime":4763,"items_purged":[],"score":251,"play_id":"ec5b2f77-0269-45dc-b5ab-621098019931","local_time":"20210118090420","is_ascension_mode":false,"campfire_choices":[{"data":"hexamod:Sear","floor":1.0,"key":"SMITH"},{"data":"hexamod:Incineration","floor":6.0,"key":"SMITH"},{"data":"hexamod:SwordOfDarkness","floor":8.0,"key":"SMITH"},{"data":"hexamod:NightmareStrike","floor":12,"key":"SMITH"},{"data":"hexamod:VolcanoVisage","floor":18,"key":"SMITH"},{"data":"hexamod:NecessarySacrifice","floor":25,"key":"SMITH"},{"data":"hexamod:RecurringNightmare","floor":27,"key":"SMITH"},{"data":"expansioncontent:QuickStudy","floor":29,"key":"SMITH"}],"circlet_count":0,"master_deck":["hexamod:Strike","hexamod:Strike","hexamod:Strike","hexamod:Strike","hexamod:Defend","hexamod:Defend","hexamod:Defend","hexamod:Defend","hexamod:Sear+1","hexamod:Float","hexamod:SwordOfDarkness+1","hexamod:Incineration+1","hexamod:NightmareStrike+1","hexamod:NightmareStrike","hexamod:ShieldOfDarkness","hexamod:Hexaguard","hexamod:FirstSeal","hexamod:VolcanoVisage+1","hexamod:SpectersWail","hexamod:Hexaguard","expansioncontent:QuickStudy+1","hexamod:PhantomFireball","hexamod:PhantomFireball","hexamod:RecurringNightmare+1","hexamod:NecessarySacrifice+1","hexamod:SecondSeal","hexamod:FirstSeal","hexamod:EmpoweredFlame","hexamod:ThermalTransfer","hexamod:Firestarter"],"relics":["hexamod:SpiritBrand","Eternal Feather","hexamod:IceCube","Cauldron","Sundial","downfall:RedIOU"],"acts_visited":["Exordium","TheCity"],"potions_floor_usage":[11,16,16,22,32,33,33,33],"damage_taken":[{"damage":0.0,"enemies":"Cultist","floor":2.0,"turns":3.0},{"damage":5.0,"enemies":"Small Slimes","floor":5.0,"turns":3.0},{"damage":0.0,"enemies":"2 Louse","floor":9.0,"turns":1.0},{"damage":6.0,"enemies":"Lagavulin","floor":10.0,"turns":5.0},{"damage":0,"enemies":"downfall:FleeingMerchant","floor":11,"turns":2},{"damage":7,"enemies":"2 Fungi Beasts","floor":13,"turns":3},{"damage":2,"enemies":"Blue Slaver","floor":14,"turns":3},{"damage":0,"enemies":"Exordium Wildlife","floor":15,"turns":3},{"damage":19,"enemies":"WA_ARCHETYPE_RETAIN","floor":16,"turns":7},{"damage":11,"enemies":"Spheric Guardian","floor":19,"turns":4},{"damage":0,"enemies":"downfall:FleeingMerchant","floor":20,"turns":4},{"damage":0,"enemies":"3 Byrds","floor":21,"turns":4},{"damage":4,"enemies":"Shelled Parasite and Fungi","floor":22,"turns":4},{"damage":0,"enemies":"Sentry and Sphere","floor":23,"turns":3},{"damage":23,"enemies":"Cultist and Chosen","floor":30,"turns":5},{"damage":32,"enemies":"Snake Plant","floor":31,"turns":4},{"damage":21,"enemies":"Shelled Parasite and Fungi","floor":32,"turns":4},{"damage":43,"enemies":"SI_MIRROR_ARCHETYPE","floor":33,"turns":7}],"seed_played":"-2249107559256395440","potions_obtained":[{"floor":2.0,"key":"SkillPotion"},{"floor":5.0,"key":"Guardian:BlockOnCardUsePotion"},{"floor":9.0,"key":"AttackPotion"},{"floor":10.0,"key":"SmokeBomb"},{"floor":20,"key":"hexamod:EctoCoolerPotion"},{"floor":20,"key":"Slimebound:ThreeZeroPotion"},{"floor":20,"key":"EssenceOfSteel"},{"floor":20,"key":"hexamod:SoulburnPotion"},{"floor":23,"key":"ColorlessPotion"},{"floor":32,"key":"GamblersBrew"}],"is_trial":false,"path_per_floor":["R","M","?","?","M","R","T","R","M","E","$","R","M","M","M","B",null,"R","M","$","M","M","M","T","R","?","R","?","R","M","M","M","B"],"character_chosen":"THE_SPIRIT","items_purchased":["expansioncontent:QuickStudy","Cauldron","hexamod:PhantomFireball"],"campfire_rested":0,"item_purchase_floors":[20,20,20],"current_hp_per_floor":[77,77,77,77,72,72,72,77,77,71,71,77,70,68,68,56,77,77,73,77,77,77,77,77,77,70,77,77,77,68,50,36,0,0,0],"gold":163,"neow_bonus":"TEN_PERCENT_HP_BONUS","is_daily":false,"chose_seed":false,"campfire_upgraded":8,"win_rate":0.0,"timestamp":1610957060,"path_taken":["R","M","?","?","M","R","T","R","M","E","$","R","M","?","M","BOSS","R","M","$","M","?","M","T","R","?","R","?","R","M","M","M","BOSS"],"items_purchased_type":["Card","Relic","Card"],"build_version":"2020-12-22","purchased_purges":0,"victory":false,"max_hp_per_floor":[77,77,77,77,77,77,77,77,77,77,77,77,77,77,77,77,77,77,77,77,77,77,77,77,77,77,77,77,77,77,77,77,77,77,77],"card_choices":[{"not_picked":["hexamod:RainOfEmbers","hexamod:HauntingEcho"],"picked":"hexamod:SwordOfDarkness","floor":2.0},{"not_picked":["hexamod:DynamicBlow","hexamod:GhostOfSpireFuture"],"picked":"hexamod:Incineration","floor":5.0},{"not_picked":["hexamod:HeatMetal","hexamod:ThirdSeal"],"picked":"hexamod:NightmareStrike","floor":9.0},{"not_picked":["hexamod:GhostShield","hexamod:DynamicBlow"],"picked":"hexamod:NightmareStrike","floor":10.0},{"not_picked":["hexamod:Rewind","hexamod:HauntingEcho"],"picked":"hexamod:ShieldOfDarkness","floor":13},{"not_picked":["hexamod:DynamicBlow","hexamod:AdvancingGuard"],"picked":"hexamod:Hexaguard","floor":14},{"not_picked":["hexamod:SixthSeal","hexamod:Firestarter"],"picked":"hexamod:FirstSeal","floor":15},{"not_picked":["hexamod:TurnItUp","hexamod:ParanormalForm"],"picked":"hexamod:VolcanoVisage","floor":16},{"not_picked":["hexamod:InspiringFlames","hexamod:SwordOfDarkness"],"picked":"hexamod:SpectersWail","floor":19},{"not_picked":["hexamod:InspiringFlames","hexamod:SkipABeat+1"],"picked":"hexamod:Hexaguard","floor":20},{"not_picked":["hexamod:ShieldOfDarkness","hexamod:SixthSeal"],"picked":"hexamod:PhantomFireball","floor":21},{"not_picked":["hexamod:SkipABeat","hexamod:RetreatToShadows"],"picked":"hexamod:RecurringNightmare","floor":22},{"not_picked":["hexamod:SpectralAdrenaline","hexamod:AdvancingGuard"],"picked":"hexamod:NecessarySacrifice","floor":23},{"not_picked":["hexamod:GhostShield","hexamod:PhantomCloak"],"picked":"hexamod:EmpoweredFlame","floor":30},{"not_picked":["hexamod:HauntingEcho","hexamod:FastForward"],"picked":"hexamod:ThermalTransfer","floor":31},{"not_picked":["hexamod:NightmareStrike","hexamod:GhostLash"],"picked":"hexamod:Firestarter","floor":32}],"player_experience":2058815,"relics_obtained":[{"floor":7.0,"key":"Eternal Feather"},{"floor":10.0,"key":"Boot"},{"floor":24,"key":"Sundial"}],"event_choices":[],"is_beta":false,"boss_relics":[{"not_picked":["Busted Crown","Cursed Key"],"picked":"hexamod:IceCube"}],"items_purged_floors":[],"is_endless":false,"potions_floor_spawned":[2,5,9,10,23,30,31,32],"killed_by":"SI_MIRROR_ARCHETYPE","ascension_level":0}}