{"host":"7rmsgc3rayi00cdt","time":1610961135,"event":{"mods":["BaseMod","Minty Spire (QoL Compilation)"],"gold_per_floor":[115,130,130,141,159,159,222,222,246,263,274,424,160,190,190,264,264,277,277,306,266,266],"floor_reached":21,"language":"ENG","playtime":715,"items_purged":["Doubt"],"score":331,"play_id":"b98e4b23-5d34-4d33-9095-925a0009d4a1","local_time":"20210118091215","is_ascension_mode":true,"campfire_choices":[{"floor":6,"key":"REST"},{"data":"Zap","floor":8,"key":"SMITH"},{"floor":15,"key":"REST"}],"circlet_count":0,"master_deck":["AscendersBane","Strike_B","Strike_B","Strike_B","Defend_B","Defend_B","Defend_B","Defend_B","Zap+1","Dualcast","Beam Cell","Coolheaded","Gash","FTL","Rebound","Gash","Panache","Static Discharge","Seek","Gash","Writhe"],"relics":["Cracked Core","Oddly Smooth Stone","Ancient Tea Set","Letter Opener","SlaversCollar","Girya","Red Mask"],"acts_visited":["Exordium","TheCity"],"potions_floor_usage":[7,16,20,21],"damage_taken":[{"damage":1,"enemies":"Cultist","floor":1,"turns":3},{"damage":2,"enemies":"Jaw Worm","floor":2,"turns":3},{"damage":0,"enemies":"Small Slimes","floor":4,"turns":3},{"damage":10,"enemies":"2 Fungi Beasts","floor":5,"turns":3},{"damage":24,"enemies":"3 Sentries","floor":7,"turns":8},{"damage":0,"enemies":"Looter","floor":10,"turns":2},{"damage":8,"enemies":"Exordium Wildlife","floor":11,"turns":3},{"damage":22,"enemies":"Lagavulin","floor":14,"turns":5},{"damage":17,"enemies":"Slime Boss","floor":16,"turns":6},{"damage":40,"enemies":"Shell Parasite","floor":18,"turns":5},{"damage":51,"enemies":"Masked Bandits","floor":20,"turns":4},{"damage":8,"enemies":"2 Thieves","floor":21,"turns":1}],"seed_played":"4083377626707779367","potions_obtained":[{"floor":2,"key":"FairyPotion"},{"floor":4,"key":"Fire Potion"},{"floor":14,"key":"ColorlessPotion"},{"floor":16,"key":"LiquidBronze"},{"floor":20,"key":"Explosive Potion"}],"is_trial":false,"path_per_floor":["M","M","?","M","M","R","?","R","T","M","M","?","$","E","R","B",null,"M","?","?","M"],"character_chosen":"DEFECT","items_purchased":["Panache"],"campfire_rested":2,"item_purchase_floors":[13],"current_hp_per_floor":[70,68,61,61,51,74,50,50,50,50,42,42,42,20,43,26,65,25,25,3,0,0],"gold":266,"neow_bonus":"TEN_PERCENT_HP_BONUS","is_daily":false,"chose_seed":false,"campfire_upgraded":1,"win_rate":0.0,"timestamp":1610961135,"path_taken":["M","?","?","M","M","R","?","R","T","M","M","?","$","E","R","BOSS","M","?","?","M"],"items_purchased_type":["Card"],"build_version":"2020-12-22","purchased_purges":1,"victory":false,"max_hp_per_floor":[78,78,78,78,78,78,78,78,78,78,78,78,78,78,78,78,78,78,78,78,78,78],"card_choices":[{"not_picked":["Stack","Conserve Battery","Rip and Tear"],"picked":"SKIP","floor":1},{"not_picked":["Storm","Self Repair"],"picked":"Beam Cell","floor":2},{"not_picked":["Stack","Steam"],"picked":"Coolheaded","floor":4},{"not_picked":["Leap","Coolheaded"],"picked":"Gash","floor":5},{"not_picked":["Loop","Undo"],"picked":"FTL","floor":7},{"not_picked":["Ball Lightning","Compile Driver"],"picked":"Rebound","floor":10},{"not_picked":["Barrage","Doom and Gloom"],"picked":"Gash","floor":11},{"not_picked":["Stack","Blizzard"],"picked":"Static Discharge","floor":14},{"not_picked":["Hyperbeam","Machine Learning"],"picked":"Seek","floor":16},{"not_picked":["Aggregate","Streamline"],"picked":"Gash","floor":18}],"player_experience":773899,"relics_obtained":[{"floor":9,"key":"Ancient Tea Set"},{"floor":14,"key":"Letter Opener"},{"floor":20,"key":"Red Mask"}],"event_choices":[{"cards_removed":["Strike_B"],"damage_healed":0,"gold_gain":0,"player_choice":"Card Removal","damage_taken":7,"max_hp_gain":0,"max_hp_loss":0,"event_name":"Golden Wing","floor":3,"gold_loss":0},{"damage_healed":0,"gold_gain":0,"player_choice":"Searched \u00272\u0027 times","damage_taken":0,"relics_obtained":["Oddly Smooth Stone"],"max_hp_gain":0,"max_hp_loss":0,"event_name":"Dead Adventurer","floor":7,"gold_loss":0},{"damage_healed":0,"gold_gain":150,"player_choice":"AGREE","damage_taken":0,"max_hp_gain":0,"max_hp_loss":0,"event_name":"Liars Game","floor":12,"gold_loss":0,"cards_obtained":["Doubt"]},{"damage_healed":0,"gold_gain":0,"player_choice":"Opened","damage_taken":0,"relics_obtained":["Girya"],"max_hp_gain":0,"max_hp_loss":0,"event_name":"The Mausoleum","floor":19,"gold_loss":0,"cards_obtained":["Writhe"]},{"damage_healed":0,"gold_gain":0,"player_choice":"Fought Bandits","damage_taken":0,"max_hp_gain":0,"max_hp_loss":0,"event_name":"Masked Bandits","floor":20,"gold_loss":0}],"is_beta":false,"boss_relics":[{"not_picked":["Calling Bell","Empty Cage"],"picked":"SlaversCollar"}],"items_purged_floors":[13],"is_endless":false,"potions_floor_spawned":[2,4,14,16,20],"killed_by":"2 Thieves","ascension_level":17}}