{"host":"farxtl2u8hmkbdo2","time":1610932055,"event":{"mods":["A Magickal Journey","BaseMod","Challenge The Spire","Colored Map","Colored Powertips","Current Relic Mod","Energized Spire","Gremlin Mod","Hubris","Mimic Mod","Minty Spire (QoL Compilation)","Quick Restart","READ ME - Guardian Mod","READ ME - Snecko Mod","StSLib","The Bladedancer","The Bug Knight","The Disciple","The Elementalist","The Factory","The Necromancer","The Runesmith"],"gold_per_floor":[118,135,135,147,164,164,196,271,303,319,354,354,366,382,382,478,478,497,497,8,25,25,25,25,58,137,167,14,30,59,71,71,169,169,185,196,246,292,21,49,49,62,62,62,62,62,77,77,77,77],"floor_reached":51,"language":"SPA","playtime":3548,"items_purged":[],"score":750,"play_id":"1c00f8aa-83bf-432c-9d88-11d75e95f269","local_time":"20210117220735","is_ascension_mode":false,"campfire_choices":[{"data":"HollowMod:DungDefenderAura","floor":6,"key":"SMITH"},{"data":"HollowMod:HuntersJournal","floor":12,"key":"SMITH"},{"data":"HollowMod:HowlingWraiths","floor":15,"key":"SMITH"},{"data":"HollowMod:SlysStrikes","floor":23,"key":"SMITH"},{"data":"HollowMod:Grubsong","floor":32,"key":"SMITH"},{"data":"HollowMod:SlysStrikes","floor":41,"key":"SMITH"},{"data":"HollowMod:DungDefenderAura","floor":46,"key":"SMITH"},{"data":"HollowMod:SoulEater","floor":49,"key":"SMITH"}],"circlet_count":0,"master_deck":["HollowMod:NailStrikeStart","HollowMod:NailStrikeStart","HollowMod:QuickDashStart","HollowMod:FocusHealStart+1","HollowMod:PogoStrike","HollowMod:DungDefenderAura+1","HollowMod:MantisMark+1","HollowMod:HowlingWraiths+1","HollowMod:LifebloodCocoon","HollowMod:PureNailStrike","HollowMod:HuntersJournal+1","HollowMod:CloakDash","HollowMod:HornetsHelp+1","HollowMod:MothsMistake","HollowMod:SoulStrike+1","HollowMod:SlysStrikes+1","HollowMod:SoulStrike+1","HollowMod:Grubsong+1","HollowMod:GreatSlash+1","HollowMod:SoulSplash+1","RitualDagger+1","HollowMod:NewLittleFool+1","HollowMod:CoiledNail+1","HollowMod:MantisMark+1","HollowMod:DashSlash+1","HollowMod:SoulSplash","HollowMod:SlysStrikes+1","HollowMod:InfectedCysts+1","HollowMod:LifebloodCocoon+1","HollowMod:SiblingsSouls+1","HollowMod:ShapeofUnn+1","HollowMod:SoulShaman+1","HollowMod:DungDefenderAura+1","HollowMod:AwokenDreamNail+1","HollowMod:HuntersJournal+1","HollowMod:SoulEater+1"],"relics":["HollowMod:VesselMask","HollowMod:KingsBrand","Bag of Marbles","Molten Egg 2","SacredBark","TungstenRod","ClockworkSouvenir","Runesmith:AutoHammer","HollowMod:StagPassRelic","hubris:GlazedTorus","hubris:EmptyBottle","Red Mask","Astrolabe","Dead Branch","Centennial Puzzle","hubris:ToyBattleship","Ice Cream"],"acts_visited":["Exordium","TheCity","TheBeyond"],"potions_floor_usage":[7,7,7,25,29,33,38,40,40,50,50,50,50,50,50,50],"damage_taken":[{"damage":0,"enemies":"Small Slimes","floor":1,"turns":3},{"damage":0,"enemies":"2 Louse","floor":2,"turns":2},{"damage":2,"enemies":"Jaw Worm","floor":4,"turns":4},{"damage":12,"enemies":"Exordium Thugs","floor":5,"turns":6},{"damage":8,"enemies":"Lagavulin","floor":7,"turns":6},{"damage":3,"enemies":"Looter","floor":9,"turns":7},{"damage":0,"enemies":"Looter","floor":10,"turns":3},{"damage":41,"enemies":"Gremlin Nob","floor":11,"turns":5},{"damage":0,"enemies":"Exordium Wildlife","floor":13,"turns":4},{"damage":0,"enemies":"3 Louse","floor":14,"turns":2},{"damage":16,"enemies":"HollowMod:FalseKnight","floor":16,"turns":9},{"damage":0,"enemies":"Chosen","floor":18,"turns":3},{"damage":12,"enemies":"3 Byrds","floor":21,"turns":4},{"damage":11,"enemies":"Book of Stabbing","floor":25,"turns":4},{"damage":14,"enemies":"HollowMod:Nosk","floor":27,"turns":5},{"damage":6,"enemies":"Centurion and Healer","floor":29,"turns":3},{"damage":0,"enemies":"Masked Bandits","floor":30,"turns":3},{"damage":6,"enemies":"3 Cultists","floor":31,"turns":4},{"damage":26,"enemies":"Automaton","floor":33,"turns":7},{"damage":15,"enemies":"3 Darklings","floor":35,"turns":3},{"damage":2,"enemies":"Orb Walker","floor":36,"turns":2},{"damage":17,"enemies":"2 Orb Walkers","floor":38,"turns":4},{"damage":1,"enemies":"Reptomancer","floor":40,"turns":4},{"damage":0,"enemies":"3 Darklings","floor":42,"turns":4},{"damage":8,"enemies":"4 Shapes","floor":47,"turns":2},{"damage":28,"enemies":"hubris:GrandSnecko","floor":50,"turns":6}],"seed_played":"-7668705836270220298","potions_obtained":[{"floor":1,"key":"AttackPotion"},{"floor":4,"key":"BlessingOfTheForge"},{"floor":5,"key":"Fruit Juice"},{"floor":21,"key":"AttackPotion"},{"floor":27,"key":"Block Potion"},{"floor":31,"key":"LiquidBronze"},{"floor":36,"key":"SneckoOil"},{"floor":38,"key":"EntropicBrew"}],"is_trial":false,"path_per_floor":["M","M","?","M","M","R","E","?","MIM","M","E","R","M","M","R","B",null,"M","?","$","M","?","R","?","E","T","E","$","M","?","M","R","B",null,"M","M","?","?","$","E","R","M","T","?","?","R","M","?","R","B",null],"character_chosen":"THE_BUGKNIGHT","items_purchased":["TungstenRod","ClockworkSouvenir","HollowMod:GreatSlash+1","hubris:EmptyBottle","Centennial Puzzle","HollowMod:DungDefenderAura","Block Potion"],"campfire_rested":0,"item_purchase_floors":[20,20,20,28,39,39,39],"current_hp_per_floor":[75,75,75,73,61,61,68,57,64,64,23,23,23,23,23,13,80,80,80,80,78,64,64,59,48,48,40,40,40,40,40,40,20,85,76,74,74,63,63,68,68,68,68,68,68,68,60,85,85,57],"gold":77,"neow_bonus":"UPGRADE_CARD","is_daily":false,"chose_seed":false,"campfire_upgraded":8,"win_rate":0.0,"timestamp":1610932055,"path_taken":["M","M","?","M","M","R","E","?","MIM","M","E","R","M","M","R","BOSS","M","?","?","?","?","R","?","E","T","E","$","M","?","M","R","BOSS","M","M","?","?","?","E","R","M","T","?","?","R","?","?","R","BOSS"],"items_purchased_type":["Relic","Relic","Card","Relic","Relic","Card","Potion"],"build_version":"2020-12-22","purchased_purges":0,"victory":true,"max_hp_per_floor":[75,75,75,75,75,75,80,80,80,80,80,80,80,80,80,80,80,80,80,80,80,85,85,85,85,85,85,85,85,85,85,85,85,85,85,85,85,85,85,85,85,85,85,85,85,85,85,85,85,85],"card_choices":[{"not_picked":["HollowMod:HowlingWraiths","HollowMod:SoulStrike"],"picked":"HollowMod:DungDefenderAura","floor":1},{"not_picked":["HollowMod:InfectedAttack","HollowMod:ShapeofUnn"],"picked":"HollowMod:MantisMark","floor":2},{"not_picked":["HollowMod:HeavyBlow","HollowMod:NewJinnsSoul"],"picked":"HollowMod:HowlingWraiths","floor":4},{"not_picked":["HollowMod:InfectedAttack","HollowMod:SharpenedNail"],"picked":"HollowMod:LifebloodCocoon","floor":5},{"not_picked":["HollowMod:SoulEater","HollowMod:LifebloodCocoon"],"picked":"HollowMod:PureNailStrike","floor":7},{"not_picked":["HollowMod:DashSlash","HollowMod:NewLittleFool"],"picked":"HollowMod:HuntersJournal","floor":9},{"not_picked":["HollowMod:LifebloodCocoon","HollowMod:ChannelNail"],"picked":"HollowMod:CloakDash","floor":10},{"not_picked":["HollowMod:ShadowDash","HollowMod:LifebloodCocoon"],"picked":"HollowMod:HornetsHelp+1","floor":11},{"not_picked":["HollowMod:CornifersMapStart","HollowMod:InfectedCysts+1"],"picked":"HollowMod:MothsMistake","floor":13},{"not_picked":["HollowMod:SharpenedShadows","HollowMod:GoodIntentions"],"picked":"HollowMod:SoulStrike+1","floor":14},{"not_picked":["HollowMod:ElderbugsWisdom","HollowMod:Hiveblood"],"picked":"HollowMod:SlysStrikes","floor":16},{"not_picked":["HollowMod:SiblingsShadow","HollowMod:DoubleDash"],"picked":"HollowMod:SoulStrike+1","floor":18},{"not_picked":["HollowMod:DescendingDark+1","HollowMod:DoubleDash"],"picked":"HollowMod:SoulSplash+1","floor":21},{"not_picked":["HollowMod:InfectedCysts+1","HollowMod:VengefulVoid+1"],"picked":"HollowMod:NewLittleFool+1","floor":25},{"not_picked":["HollowMod:InfectionAssault+1","HollowMod:ChannelNail"],"picked":"HollowMod:CoiledNail+1","floor":27},{"not_picked":["HollowMod:SoulEater","HollowMod:WraithStrike+1"],"picked":"HollowMod:MantisMark+1","floor":29},{"not_picked":["HollowMod:InfectedAttack+1","HollowMod:SoulShaman"],"picked":"HollowMod:DashSlash+1","floor":30},{"not_picked":["HollowMod:VengefulVoid+1","HollowMod:DescendingDark+1"],"picked":"HollowMod:SoulSplash","floor":31},{"not_picked":["HollowMod:LifebloodCore","HollowMod:SoulMaster"],"picked":"HollowMod:SlysStrikes","floor":33},{"not_picked":["HollowMod:GoodIntentions","HollowMod:SiblingsShadow"],"picked":"HollowMod:SiblingsSouls+1","floor":35},{"not_picked":["HollowMod:SiblingsShadow","HollowMod:BlackTendrils+1"],"picked":"HollowMod:ShapeofUnn+1","floor":36},{"not_picked":["HollowMod:DoubleDash","HollowMod:ShadowDash"],"picked":"HollowMod:SoulShaman","floor":38},{"not_picked":["HollowMod:MonarchWings","HollowMod:InfectedCysts+1"],"picked":"HollowMod:AwokenDreamNail+1","floor":40},{"not_picked":["HollowMod:BaldurShell+1","HollowMod:SoulVessel+1"],"picked":"HollowMod:HuntersJournal+1","floor":42},{"not_picked":["HollowMod:AbyssShriek+1","HollowMod:FallenFury+1"],"picked":"HollowMod:SoulEater","floor":47}],"player_experience":1867917,"relics_obtained":[{"floor":7,"key":"HollowMod:KingsBrand"},{"floor":9,"key":"Bag of Marbles"},{"floor":11,"key":"Molten Egg 2"},{"floor":25,"key":"Runesmith:AutoHammer"},{"floor":26,"key":"HollowMod:StagPassRelic"},{"floor":27,"key":"hubris:GlazedTorus"},{"floor":30,"key":"Red Mask"},{"floor":38,"key":"Dead Branch"},{"floor":40,"key":"hubris:ToyBattleship"},{"floor":43,"key":"Ice Cream"}],"event_choices":[{"damage_healed":0,"gold_gain":0,"player_choice":"Grow","damage_taken":0,"max_hp_gain":0,"max_hp_loss":0,"event_name":"Living Wall","floor":3,"gold_loss":0,"cards_upgraded":["HollowMod:MantisMark"]},{"damage_healed":0,"gold_gain":75,"player_choice":"Gather Gold","damage_taken":11,"max_hp_gain":0,"max_hp_loss":0,"event_name":"World of Goop","floor":8,"gold_loss":0},{"damage_healed":0,"gold_gain":0,"cards_transformed":["HollowMod:QuickDashStart"],"player_choice":"Transformed","damage_taken":0,"max_hp_gain":0,"max_hp_loss":0,"event_name":"Transmorgrifier","floor":19,"gold_loss":0,"cards_obtained":["HollowMod:Grubsong"]},{"damage_healed":0,"gold_gain":0,"player_choice":"Shed Blood","damage_taken":20,"max_hp_gain":5,"max_hp_loss":0,"event_name":"Forgotten Altar","floor":22,"gold_loss":0},{"damage_healed":0,"gold_gain":0,"player_choice":"Joined the Cult","damage_taken":6,"max_hp_gain":0,"max_hp_loss":0,"event_name":"Nest","floor":24,"gold_loss":0,"cards_obtained":["RitualDagger"]},{"damage_healed":0,"gold_gain":0,"player_choice":"Fought Bandits","damage_taken":0,"max_hp_gain":0,"max_hp_loss":0,"event_name":"Masked Bandits","floor":30,"gold_loss":0},{"damage_healed":0,"gold_gain":0,"player_choice":"Fight","damage_taken":0,"max_hp_gain":0,"max_hp_loss":0,"event_name":"Mysterious Sphere","floor":38,"gold_loss":0},{"cards_removed":["HollowMod:InfectionAssault"],"damage_healed":25,"gold_gain":0,"player_choice":"Offered Uncommon","damage_taken":0,"max_hp_gain":0,"max_hp_loss":0,"event_name":"Bonfire Elementals","floor":48,"gold_loss":0}],"is_beta":false,"boss_relics":[{"not_picked":["hubris:BlackHole","Snecko Eye"],"picked":"SacredBark"},{"not_picked":["hubris:TerracottaHorce","Runesmith:UraniumAnvil"],"picked":"Astrolabe"}],"items_purged_floors":[],"is_endless":false,"potions_floor_spawned":[1,4,5,21,27,31,36,38],"ascension_level":0}}