{"host":"zk28mnjnpke7fsi2","time":1610930419,"event":{"mods":["A Magickal Journey","Bard","BaseMod","Better Note","FTL Soundtrack","Marked Mod","Minty Spire (QoL Compilation)","StSLib","The Juggle","The Senshi","TheHero"],"gold_per_floor":[109,59,73,73,73,89,89,16,84,99,113,125,158,177,177,280,280,294,294,25,45,57,85,85,99,145,145,58,85,97,119,131,248,260,282,5,22,22,22,22,40,40,40,67,67,78,78,110,110,110],"floor_reached":51,"language":"ENG","playtime":5048,"items_purged":[],"score":772,"play_id":"e069d0d5-4023-47d2-9023-45aa286f3a48","local_time":"20210118004019","is_ascension_mode":false,"campfire_choices":[{"data":"animeID:FatGum","floor":7,"key":"SMITH"},{"floor":15,"key":"REST"},{"data":"animeID:EraserHead","floor":24,"key":"SMITH"},{"floor":32,"key":"REST"},{"data":"animeID:SkinnyGum","floor":40,"key":"SMITH"},{"data":"animeID:Deku","floor":47,"key":"SMITH"},{"floor":49,"key":"REST"}],"circlet_count":0,"master_deck":["animeID:Deku+1","animeID:Bakugo","animeID:Smash+1","animeID:Smash+1","animeID:DefendMH+1","animeID:DefendMH+1","animeID:Kirishima","animeID:TodorokiShoto","animeID:FatGum+1","animeID:Twice","animeID:Dabi+1","animeID:DelawareSmash","animeID:Tsuyu","animeID:ShootStyle+1","animeID:Hawks+1","animeID:DetroitSmash+1","animeID:Tengai+1","animeID:TodorokiShoto+1","animeID:Kirishima+1","CrushJoints","animeID:Cementoss","animeID:DelawareSmash","animeID:Crystallize+1","animeID:FullCowl+1","animeID:EraserHead+1","animeID:Mineta+1","animeID:Kendo","animeID:Ojiro","animeID:SkinnyGum+1","animeID:Muscular","animeID:MirioTogata+1","animeID:HowitzerImpact","animeID:FullCowl+1","animeID:DelawareSmash","animeID:Uraraka","Chrysalis","Deep Breath","Doubt","animeID:FullCowl+1","animeID:MtLady+1","animeID:HowitzerImpact+1"],"relics":["animeID:HeroCostume","NeowsBlessing","Frozen Egg 2","Blue Candle","Regal Pillow","Astrolabe","Lee\u0027s Waffle","InkBottle","Ancient Tea Set","MawBank","Smiling Mask","Philosopher\u0027s Stone","Lantern","Oddly Smooth Stone","Ornamental Fan","Kunai"],"acts_visited":["Exordium","TheCity","TheBeyond"],"potions_floor_usage":[13,16,16,18,29,29,33,37,44,44,50],"damage_taken":[{"damage":0,"enemies":"2 Louse","floor":1,"turns":1},{"damage":0,"enemies":"Small Slimes","floor":3,"turns":1},{"damage":0,"enemies":"Jaw Worm","floor":6,"turns":1},{"damage":13,"enemies":"Exordium Thugs","floor":10,"turns":5},{"damage":0,"enemies":"2 Fungi Beasts","floor":11,"turns":1},{"damage":8,"enemies":"Gremlin Gang","floor":12,"turns":4},{"damage":48,"enemies":"Lagavulin","floor":13,"turns":8},{"damage":10,"enemies":"Large Slime","floor":14,"turns":5},{"damage":33,"enemies":"Slime Boss","floor":16,"turns":9},{"damage":21,"enemies":"2 Thieves","floor":18,"turns":4},{"damage":13,"enemies":"Shell Parasite","floor":21,"turns":7},{"damage":4,"enemies":"3 Cultists","floor":22,"turns":5},{"damage":4,"enemies":"Book of Stabbing","floor":23,"turns":5},{"damage":15,"enemies":"Snake Plant","floor":25,"turns":7},{"damage":54,"enemies":"Gremlin Leader","floor":29,"turns":7},{"damage":2,"enemies":"Cultist and Chosen","floor":31,"turns":8},{"damage":12,"enemies":"Champ","floor":33,"turns":11},{"damage":23,"enemies":"3 Darklings","floor":35,"turns":4},{"damage":1,"enemies":"Orb Walker","floor":37,"turns":3},{"damage":47,"enemies":"Jaw Worm Horde","floor":41,"turns":4},{"damage":14,"enemies":"Giant Head","floor":44,"turns":8},{"damage":9,"enemies":"Transient","floor":46,"turns":5},{"damage":73,"enemies":"Nemesis","floor":48,"turns":7},{"damage":33,"enemies":"Awakened One","floor":50,"turns":12}],"seed_played":"2171994170160553653","potions_obtained":[{"floor":6,"key":"SkillPotion"},{"floor":11,"key":"Swift Potion"},{"floor":12,"key":"DistilledChaos"},{"floor":16,"key":"Explosive Potion"},{"floor":21,"key":"Block Potion"},{"floor":23,"key":"Explosive Potion"},{"floor":29,"key":"EssenceOfSteel"},{"floor":33,"key":"FearPotion"},{"floor":35,"key":"LiquidMemories"},{"floor":37,"key":"SteroidPotion"},{"floor":44,"key":"Block Potion"},{"floor":48,"key":"SteroidPotion"}],"is_trial":false,"path_per_floor":["M","?","M","?","$","M","R","$","T","M","M","M","E","M","R","B",null,"M","?","$","M","M","E","R","M","T","?","$","E","T","M","R","B",null,"M","$","M","?","$","R","M","?","T","E","?","M","R","E","R","B",null],"character_chosen":"THE_HERO","items_purchased":["animeID:Twice","animeID:Cementoss","Lee\u0027s Waffle","animeID:DelawareSmash","animeID:Kendo","animeID:Ojiro","animeID:FullCowl+1","animeID:DelawareSmash","animeID:Uraraka","Lantern"],"campfire_rested":3,"item_purchase_floors":[8,20,20,20,28,28,36,36,36,36],"current_hp_per_floor":[75,75,75,68,68,68,68,68,68,69,69,72,43,44,75,62,75,56,56,82,82,80,80,80,82,82,82,82,30,30,43,82,77,82,61,61,64,59,59,59,16,82,82,78,78,73,73,6,45,70],"gold":110,"neow_bonus":"THREE_ENEMY_KILL","is_daily":false,"chose_seed":false,"campfire_upgraded":4,"win_rate":0.0,"timestamp":1610930419,"path_taken":["M","?","M","?","$","?","R","?","T","M","M","M","E","M","R","BOSS","M","?","$","M","?","E","R","M","T","?","$","E","?","M","R","BOSS","M","$","M","?","?","R","?","?","T","E","?","M","R","E","R","BOSS"],"items_purchased_type":["Card","Card","Relic","Card","Card","Card","Card","Card","Card","Relic"],"build_version":"2020-12-22","purchased_purges":0,"victory":true,"max_hp_per_floor":[75,75,75,75,75,75,75,75,75,75,75,75,75,75,75,75,75,75,75,82,82,82,82,82,82,82,82,82,82,82,82,82,82,82,82,82,82,82,82,82,82,82,82,82,82,82,82,82,82,82],"card_choices":[{"not_picked":["animeID:SkinnyGum","animeID:Thirteen"],"picked":"animeID:Kirishima","floor":1},{"not_picked":["animeID:Muscular","animeID:Hatsume"],"picked":"animeID:TodorokiShoto","floor":3},{"not_picked":["animeID:Mina","animeID:Tomura"],"picked":"animeID:FatGum","floor":6},{"not_picked":["animeID:Kurono","animeID:Thirteen"],"picked":"animeID:Dabi+1","floor":10},{"not_picked":["animeID:Kirishima","animeID:Rappa"],"picked":"animeID:DelawareSmash","floor":11},{"not_picked":["animeID:TodorokiShoto","animeID:Mina"],"picked":"animeID:Tsuyu","floor":12},{"not_picked":["animeID:Mineta","animeID:DelawareSmash"],"picked":"animeID:ShootStyle+1","floor":13},{"not_picked":["animeID:Bakugo","animeID:DetroitSmash"],"picked":"animeID:Endeavor","floor":14},{"not_picked":["animeID:AllMight+1","animeID:USA_Smash"],"picked":"animeID:Hawks+1","floor":16},{"not_picked":["animeID:Mina","animeID:Mineta"],"picked":"animeID:Kirishima+1","floor":18},{"not_picked":["animeID:Tengai","animeID:ToruHagakure"],"picked":"animeID:Crystallize+1","floor":21},{"not_picked":["animeID:Mina","animeID:PlusUltra"],"picked":"animeID:FullCowl+1","floor":22},{"not_picked":["animeID:Ojiro+1","animeID:Muscular+1"],"picked":"animeID:EraserHead","floor":23},{"not_picked":["animeID:Iida","animeID:ToruHagakure"],"picked":"animeID:Mineta+1","floor":25},{"not_picked":["animeID:Aoyama","animeID:Muscular"],"picked":"animeID:SkinnyGum","floor":29},{"not_picked":["animeID:Kaminari","animeID:Iida"],"picked":"animeID:Muscular","floor":31},{"not_picked":["animeID:USA_Smash","animeID:RedRiot+1"],"picked":"animeID:MirioTogata+1","floor":33},{"not_picked":["animeID:DetroitSmash+1","animeID:Ojiro+1"],"picked":"animeID:HowitzerImpact","floor":35},{"not_picked":["animeID:Dabi+1","animeID:Momo+1","animeID:ToruHagakure"],"picked":"SKIP","floor":37},{"not_picked":["Impatience","Sadistic Nature+1"],"picked":"Chrysalis","floor":38},{"not_picked":["Mind Blast","PanicButton"],"picked":"Deep Breath","floor":38},{"not_picked":["animeID:Mineta+1","animeID:Momo+1","animeID:TodorokiShoto"],"picked":"SKIP","floor":41},{"not_picked":["animeID:Mineta+1","animeID:Aoyama"],"picked":"animeID:FullCowl+1","floor":44},{"not_picked":["animeID:EraserHead","animeID:HowitzerImpact+1"],"picked":"animeID:MtLady+1","floor":46},{"not_picked":["animeID:Tsuyu","animeID:Muscular"],"picked":"animeID:HowitzerImpact+1","floor":48}],"player_experience":586613,"relics_obtained":[{"floor":9,"key":"Blue Candle"},{"floor":13,"key":"Regal Pillow"},{"floor":23,"key":"InkBottle"},{"floor":26,"key":"Ancient Tea Set"},{"floor":29,"key":"MawBank"},{"floor":30,"key":"Smiling Mask"},{"floor":43,"key":"Oddly Smooth Stone"},{"floor":44,"key":"Ornamental Fan"},{"floor":48,"key":"Kunai"}],"event_choices":[{"cards_removed":["animeID:DefendMH"],"damage_healed":0,"gold_gain":0,"player_choice":"Card Removal","damage_taken":0,"max_hp_gain":0,"max_hp_loss":0,"event_name":"The Cleric","floor":2,"gold_loss":50},{"damage_healed":0,"gold_gain":0,"player_choice":"Success","damage_taken":7,"relics_obtained":["Frozen Egg 2"],"max_hp_gain":0,"max_hp_loss":0,"event_name":"Scrap Ooze","floor":4,"gold_loss":0},{"damage_healed":0,"gold_gain":0,"player_choice":"Take","damage_taken":0,"max_hp_gain":0,"max_hp_loss":0,"event_name":"betterNote:BetterNote","floor":19,"gold_loss":0,"cards_obtained":["CrushJoints"]},{"damage_healed":0,"gold_gain":0,"player_choice":"Simplicity","damage_taken":0,"max_hp_gain":0,"max_hp_loss":0,"event_name":"Back to Basics","floor":27,"gold_loss":0,"cards_upgraded":["animeID:Smash","animeID:Smash","animeID:DefendMH","animeID:DefendMH"]},{"damage_healed":0,"gold_gain":0,"player_choice":"Memory 2","damage_taken":5,"max_hp_gain":0,"max_hp_loss":0,"event_name":"SensoryStone","floor":38,"gold_loss":0},{"damage_healed":66,"gold_gain":0,"player_choice":"Heal","damage_taken":0,"max_hp_gain":0,"max_hp_loss":0,"event_name":"MindBloom","floor":42,"gold_loss":0,"cards_obtained":["Doubt"]},{"cards_removed":["animeID:Endeavor"],"damage_healed":0,"gold_gain":0,"player_choice":"Purged","damage_taken":0,"max_hp_gain":0,"max_hp_loss":0,"event_name":"Purifier","floor":45,"gold_loss":0}],"is_beta":false,"boss_relics":[{"not_picked":["Fusion Hammer","Sozu"],"picked":"Astrolabe"},{"not_picked":["Pandora\u0027s Box","Tiny House"],"picked":"Philosopher\u0027s Stone"}],"items_purged_floors":[],"is_endless":false,"potions_floor_spawned":[6,11,12,16,21,23,29,33,35,37,44,48],"ascension_level":0}}