{"host":"Alvar","time":1610986381,"event":{"mods":["AchievementEnabler","BaseMod","Minty Spire (QoL Compilation)","StSLib"],"gold_per_floor":[363,376,376,393,393,24,58,58,58,88,88,107,127,147,147,223,223,223,223,223,173,173,173,173,173,173],"floor_reached":25,"language":"ENG","playtime":792,"items_purged":[],"score":466,"play_id":"84a34b04-28dd-4af7-8ae7-643f745fa24f","local_time":"20210118231301","is_ascension_mode":true,"campfire_choices":[{"data":"Apotheosis","floor":8.0,"key":"SMITH"},{"floor":11.0,"key":"REST"},{"data":"Shockwave","floor":15.0,"key":"SMITH"},{"data":"Spot Weakness","floor":23,"key":"SMITH"}],"circlet_count":0,"master_deck":["AscendersBane","Strike_R","Strike_R","Strike_R","Strike_R","Strike_R","Defend_R","Defend_R","Defend_R","Defend_R","Bash+1","Shockwave+1","Blood for Blood","Rampage","Apotheosis+1","Headbutt","Spot Weakness+1","Pummel","Reaper","Fiend Fire","Thunderclap"],"relics":["Burning Blood","Letter Opener","Sling","Potion Belt","Pear","Shuriken","Ectoplasm","Oddly Smooth Stone"],"acts_visited":["Exordium","TheCity"],"potions_floor_usage":[19,24,24],"damage_taken":[{"damage":10.0,"enemies":"2 Louse","floor":1.0,"turns":3.0},{"damage":11.0,"enemies":"Small Slimes","floor":2.0,"turns":5.0},{"damage":1.0,"enemies":"Cultist","floor":4.0,"turns":3.0},{"damage":15.0,"enemies":"Lagavulin","floor":7.0,"turns":6.0},{"damage":31.0,"enemies":"Gremlin Nob","floor":10.0,"turns":4.0},{"damage":3.0,"enemies":"Looter","floor":12.0,"turns":3.0},{"damage":22.0,"enemies":"Exordium Thugs","floor":13.0,"turns":5.0},{"damage":26.0,"enemies":"3 Louse","floor":14.0,"turns":3.0},{"damage":28.0,"enemies":"Slime Boss","floor":16.0,"turns":7.0},{"damage":19,"enemies":"Chosen","floor":18,"turns":6},{"damage":10,"enemies":"Shell Parasite","floor":19,"turns":4},{"damage":44,"enemies":"3 Cultists","floor":22,"turns":5},{"damage":22,"enemies":"Book of Stabbing","floor":24,"turns":5},{"damage":49,"enemies":"Shelled Parasite and Fungi","floor":25,"turns":3}],"seed_played":"-743405646350917104","potions_obtained":[{"floor":1.0,"key":"Ancient Potion"},{"floor":2.0,"key":"FearPotion"},{"floor":12.0,"key":"SpeedPotion"},{"floor":16.0,"key":"Block Potion"},{"floor":22,"key":"PowerPotion"}],"is_trial":false,"path_per_floor":["M","M","?","M","?","$","E","R","T","E","R","M","M","M","R","B",null,"M","M","?","?","M","R","E","M"],"character_chosen":"IRONCLAD","items_purchased":["Sling","Apotheosis"],"campfire_rested":1,"item_purchase_floors":[6,6],"current_hp_per_floor":[64,59,59,64,64,64,55,55,65,40,63,66,50,30,30,8,61,58,62,62,62,55,55,39,0,0],"gold":173,"neow_bonus":"TWO_FIFTY_GOLD","is_daily":false,"chose_seed":false,"campfire_upgraded":3,"win_rate":0.0,"timestamp":1610986381,"path_taken":["M","M","?","M","?","$","E","R","T","E","R","M","?","M","R","BOSS","M","M","?","?","?","R","E","M"],"items_purchased_type":["Relic","Card"],"build_version":"2020-12-18","purchased_purges":0,"victory":false,"max_hp_per_floor":[68,68,68,68,68,68,68,68,78,78,78,78,78,78,78,78,78,78,78,78,78,78,78,78,78,78],"card_choices":[{"not_picked":["Perfected Strike","Warcry"],"picked":"Shockwave","floor":1.0},{"not_picked":["Wild Strike","Flex"],"picked":"Blood for Blood","floor":2.0},{"not_picked":["Iron Wave","Ghostly Armor"],"picked":"Rampage","floor":4.0},{"not_picked":["Intimidate","Heavy Blade"],"picked":"Headbutt","floor":7.0},{"not_picked":["Havoc","Warcry","Power Through"],"picked":"SKIP","floor":10.0},{"not_picked":["Pommel Strike","Clash"],"picked":"Spot Weakness","floor":12.0},{"not_picked":["Wild Strike","Warcry"],"picked":"Pummel","floor":13.0},{"not_picked":["Perfected Strike","Flex"],"picked":"Reaper","floor":14.0},{"not_picked":["Berserk","Limit Break"],"picked":"Fiend Fire","floor":16.0},{"not_picked":["Spot Weakness","Blood for Blood+1","Armaments+1"],"picked":"SKIP","floor":18},{"not_picked":["Anger","Twin Strike","Uppercut"],"picked":"SKIP","floor":19},{"not_picked":["Anger","Twin Strike","Uppercut"],"picked":"SKIP","floor":19},{"not_picked":["Warcry","Hemokinesis","Reckless Charge"],"picked":"SKIP","floor":22},{"not_picked":["Flex","Inflame"],"picked":"Thunderclap","floor":24}],"player_experience":771917,"relics_obtained":[{"floor":7.0,"key":"Potion Belt"},{"floor":9.0,"key":"Pear"},{"floor":10.0,"key":"Shuriken"},{"floor":24,"key":"Oddly Smooth Stone"}],"event_choices":[{"damage_healed":0.0,"max_hp_gain":0.0,"max_hp_loss":0.0,"gold_gain":0.0,"event_name":"Living Wall","player_choice":"Grow","floor":3.0,"gold_loss":0.0,"damage_taken":0.0,"cards_upgraded":["Bash"]},{"damage_healed":0.0,"max_hp_gain":0.0,"max_hp_loss":0.0,"gold_gain":0.0,"event_name":"WeMeetAgain","player_choice":"Gave Potion","floor":5.0,"gold_loss":0.0,"damage_taken":0.0,"relics_obtained":["Letter Opener"]},{"damage_healed":0,"gold_gain":0,"player_choice":"Ignored","damage_taken":0,"max_hp_gain":0,"max_hp_loss":0,"event_name":"Ghosts","floor":20,"gold_loss":0},{"damage_healed":0,"gold_gain":0,"player_choice":"Bet on Owner","damage_taken":0,"max_hp_gain":0,"max_hp_loss":0,"event_name":"The Joust","floor":21,"gold_loss":50}],"is_beta":true,"boss_relics":[{"not_picked":["Black Star","Busted Crown"],"picked":"Ectoplasm"}],"items_purged_floors":[],"is_endless":false,"potions_floor_spawned":[1,2,12,16,22],"killed_by":"Shelled Parasite and Fungi","ascension_level":20}}