{"host":"7wagoesq7cf4lu47","time":1610977351,"event":{"mods":["BaseMod","Downfall","Googly Eyes","Minty Spire (QoL Compilation)","StSLib"],"gold_per_floor":[99,109,109,128,139,139,164,183,203,238,238,338,338,400,415,415,415,415],"floor_reached":16,"language":"ZHS","playtime":962,"items_purged":[],"score":104,"play_id":"32b15262-21e0-48bf-8df6-234a2a6d8414","local_time":"20210118214231","is_ascension_mode":false,"campfire_choices":[{"data":"Slimebound:CorrosiveSpit","floor":1.0,"key":"SMITH"},{"data":"Slimebound:SamplingLick","floor":11,"key":"SMITH"},{"data":"Slimebound:SamplingLick","floor":13,"key":"SMITH"}],"circlet_count":0,"master_deck":["Slimebound:Strike_Slimebound","Slimebound:Strike_Slimebound","Slimebound:Strike_Slimebound","Slimebound:Tackle","Slimebound:Defend_Slimebound","Slimebound:Defend_Slimebound","Slimebound:Defend_Slimebound","Slimebound:Defend_Slimebound","Slimebound:Split","Slimebound:CorrosiveSpit+1","Slimebound:SamplingLick+1","Slimebound:Gluttony+1","Slimebound:SamplingLick+1","Slimebound:LivingWall","Slimebound:ViciousTackle","Slimebound:SpikyOuterGoop"],"relics":["Slimebound:AbsorbEndCombat","Happy Flower","Toy Ornithopter","Regal Pillow","downfall:CloakOfManyFaces","CultistMask","FaceOfCleric","NlothsMask","GremlinMask","SsserpentHead"],"acts_visited":["Exordium"],"potions_floor_usage":[10,16],"damage_taken":[{"damage":1.0,"enemies":"Jaw Worm","floor":2.0,"turns":3.0},{"damage":0.0,"enemies":"Small Slimes","floor":4.0,"turns":3.0},{"damage":5.0,"enemies":"Cultist","floor":5.0,"turns":4.0},{"damage":12,"enemies":"2 Fungi Beasts","floor":8,"turns":4},{"damage":7,"enemies":"Lots of Slimes","floor":9,"turns":3},{"damage":3,"enemies":"Lagavulin","floor":10,"turns":7},{"damage":20,"enemies":"downfall:FaceTrader","floor":12,"turns":11},{"damage":0,"enemies":"Blue Slaver","floor":14,"turns":3},{"damage":14,"enemies":"Exordium Wildlife","floor":15,"turns":7},{"damage":69,"enemies":"IC_STATUS_ARCHETYPE","floor":16,"turns":13}],"seed_played":"-4186113718288914268","potions_obtained":[{"floor":4.0,"key":"Swift Potion"},{"floor":5.0,"key":"Fire Potion"},{"floor":12,"key":"Energy Potion"},{"floor":14,"key":"BlessingOfTheForge"},{"floor":15,"key":"Block Potion"}],"is_trial":false,"path_per_floor":["R","M","?","M","M","?","T","M","M","E","R","?","R","M","M","B"],"character_chosen":"SLIMEBOUND","items_purchased":[],"campfire_rested":0,"item_purchase_floors":[],"current_hp_per_floor":[65,65,65,65,61,61,61,53,50,59,59,47,47,49,38,0,0,0],"gold":415,"neow_bonus":"RANDOM_COMMON_RELIC","is_daily":false,"chose_seed":false,"campfire_upgraded":3,"win_rate":0.0,"timestamp":1610977351,"path_taken":["R","M","?","M","M","?","T","?","M","E","R","?","R","?","M","BOSS"],"items_purchased_type":[],"build_version":"2020-12-22","purchased_purges":0,"victory":false,"max_hp_per_floor":[65,65,65,65,65,65,65,65,65,65,65,65,65,66,67,67,67,67],"card_choices":[{"not_picked":["Slimebound:Replication","Slimebound:Dissolve"],"picked":"Slimebound:SamplingLick","floor":2.0},{"not_picked":["Slimebound:GoopTackle","Slimebound:FormOfPuddle"],"picked":"Slimebound:Gluttony","floor":4.0},{"not_picked":["Slimebound:LeechingTouch","Slimebound:RollThrough","Slimebound:LeechEnergy"],"picked":"SKIP","floor":5.0},{"not_picked":["Slimebound:SplitAcid","Slimebound:LeechingTouch"],"picked":"Slimebound:SamplingLick","floor":8},{"not_picked":["Slimebound:OneTwoCombo","Slimebound:SplitAcid"],"picked":"Slimebound:LivingWall","floor":9},{"not_picked":["Slimebound:GoopSpray","Slimebound:SlimeSpikes"],"picked":"Slimebound:ViciousTackle","floor":10},{"not_picked":["Slimebound:SplitBruiser","Slimebound:ComboTackle"],"picked":"Slimebound:SpikyOuterGoop","floor":12},{"not_picked":["Slimebound:SplitMire","Slimebound:GoopSpray","Slimebound:Equalize"],"picked":"SKIP","floor":14},{"not_picked":["Slimebound:SplitLeeching","Slimebound:ServeAndProtect","Slimebound:GoopTackle"],"picked":"SKIP","floor":15}],"player_experience":173537,"relics_obtained":[{"floor":7.0,"key":"Toy Ornithopter"},{"floor":10,"key":"Regal Pillow"},{"floor":12,"key":"downfall:CloakOfManyFaces"}],"event_choices":[{"damage_healed":0.0,"max_hp_gain":0.0,"max_hp_loss":0.0,"gold_gain":0.0,"event_name":"Accursed Blacksmith","player_choice":"Forge","floor":6.0,"gold_loss":0.0,"damage_taken":0.0,"cards_upgraded":["Slimebound:Gluttony"]}],"is_beta":false,"boss_relics":[],"items_purged_floors":[],"is_endless":false,"potions_floor_spawned":[4,5,12,14,15],"killed_by":"IC_STATUS_ARCHETYPE","ascension_level":0}}