{"host":"msa0wxqjs3jv1k3j","time":1610973498,"event":{"mods":["AchievementEnabler","BaseMod","BetterRewards","Colored Map","Highlight Path","KOR Keyword Fix","Keyboard Shortcuts","Minty Spire (QoL Compilation)","Quick Restart","SuperFastMode","everything is the same but u backflip on backflip"],"gold_per_floor":[111,124,137,137,156,189,199,213,239,255,255,155,155,166,166,263,263,282,282,381,306,306,306,306,326,326,101,101,115,128,143,143,245,245,265,280,298,30,49,78,0,34,58,58,71,71,91,91,91,91,91],"floor_reached":50,"language":"KOR","playtime":2092,"items_purged":["Strike_G","Defend_G","Choke"],"score":558,"play_id":"30a8817f-079b-400d-8d39-6e868309775d","local_time":"20210118213818","is_ascension_mode":false,"campfire_choices":[{"data":"After Image","floor":11,"key":"SMITH"},{"floor":15,"key":"REST"},{"data":"Blade Dance","floor":23,"key":"SMITH"},{"data":"PiercingWail","floor":28,"key":"SMITH"},{"data":"Blade Dance","floor":32,"key":"SMITH"},{"floor":44,"key":"REST"},{"floor":46,"key":"REST"},{"floor":49,"key":"REST"}],"circlet_count":0,"master_deck":["Survivor","Neutralize","After Image+1","Outmaneuver","Slice+1","Quick Slash","Flying Knee","Concentrate","Backflip+1","Well Laid Plans+1","Blade Dance+1","Unload+1","Masterful Stab+1","Finisher+1","PiercingWail+1","Infinite Blades","Blade Dance+1","Phantasmal Killer","Acrobatics","Finisher","Backflip+1","Poisoned Stab","Distraction+1"],"relics":["Ring of the Snake","Ice Cream","Bronze Scales","Toolbox","Gremlin Horn","Centennial Puzzle","SlaversCollar","Boot","Ninja Scroll","TheAbacus","Pandora\u0027s Box","Vajra","Whetstone","Red Mask","Art of War","War Paint"],"acts_visited":["Exordium","TheCity","TheBeyond"],"potions_floor_usage":[16,16,16,16,42,42,42,47,50,50],"damage_taken":[{"damage":0,"enemies":"2 Louse","floor":1,"turns":3},{"damage":2,"enemies":"Cultist","floor":2,"turns":3},{"damage":0,"enemies":"Small Slimes","floor":3,"turns":3},{"damage":16,"enemies":"3 Louse","floor":5,"turns":2},{"damage":18,"enemies":"Lagavulin","floor":6,"turns":7},{"damage":0,"enemies":"2 Fungi Beasts","floor":7,"turns":3},{"damage":0,"enemies":"Large Slime","floor":8,"turns":4},{"damage":1,"enemies":"Red Slaver","floor":10,"turns":2},{"damage":15,"enemies":"Lots of Slimes","floor":14,"turns":3},{"damage":0,"enemies":"Slime Boss","floor":16,"turns":7},{"damage":9,"enemies":"Chosen","floor":18,"turns":4},{"damage":0,"enemies":"3 Byrds","floor":25,"turns":3},{"damage":0,"enemies":"Cultist and Chosen","floor":29,"turns":4},{"damage":5,"enemies":"Snecko","floor":30,"turns":4},{"damage":0,"enemies":"Snake Plant","floor":31,"turns":3},{"damage":17,"enemies":"Collector","floor":33,"turns":8},{"damage":4,"enemies":"3 Shapes","floor":35,"turns":1},{"damage":9,"enemies":"Orb Walker","floor":36,"turns":3},{"damage":6,"enemies":"Sphere and 2 Shapes","floor":37,"turns":3},{"damage":7,"enemies":"3 Darklings","floor":39,"turns":4},{"damage":12,"enemies":"Reptomancer","floor":40,"turns":3},{"damage":25,"enemies":"Nemesis","floor":42,"turns":3},{"damage":6,"enemies":"Writhing Mass","floor":45,"turns":4},{"damage":24,"enemies":"Spire Growth","floor":47,"turns":4},{"damage":75,"enemies":"Time Eater","floor":50,"turns":8}],"seed_played":"586726649457912535","potions_obtained":[{"floor":6,"key":"CultistPotion"},{"floor":7,"key":"EntropicBrew"},{"floor":10,"key":"Energy Potion"},{"floor":18,"key":"Regen Potion"},{"floor":25,"key":"Block Potion"},{"floor":35,"key":"EntropicBrew"},{"floor":47,"key":"AttackPotion"}],"is_trial":false,"path_per_floor":["M","M","M","?","M","E","M","M","T","M","R","$","?","M","R","B",null,"M","?","?","?","?","R","?","M","T","$","R","M","M","M","R","B",null,"M","M","M","$","M","E","?","E","T","R","M","R","M","$","R","B"],"character_chosen":"THE_SILENT","items_purchased":["After Image","Outmaneuver","Bronze Scales","Toolbox","Slice","Infinite Blades","TheAbacus","Vajra"],"campfire_rested":4,"item_purchase_floors":[0,0,0,0,0,27,27,38],"current_hp_per_floor":[70,68,68,68,52,34,34,34,34,33,33,33,19,4,25,25,70,61,61,61,61,61,61,61,61,61,61,61,61,56,56,56,39,70,66,57,51,51,44,32,32,7,7,28,22,43,19,19,40,0,0],"gold":91,"neow_bonus":"","is_daily":false,"chose_seed":false,"campfire_upgraded":4,"win_rate":0.0,"timestamp":1610973498,"path_taken":["M","M","M","?","?","E","M","?","T","?","R","?","?","M","R","BOSS","M","?","?","?","?","R","?","M","T","$","R","?","M","M","R","BOSS","M","M","?","$","M","E","?","E","T","R","M","R","M","$","R","BOSS"],"items_purchased_type":["Card","Card","Relic","Relic","Card","Card","Relic","Relic"],"build_version":"2020-12-22","purchased_purges":3,"victory":false,"max_hp_per_floor":[70,70,70,70,70,70,70,70,70,70,70,70,70,70,70,70,70,70,70,70,70,70,70,70,70,70,70,70,70,70,70,70,70,70,70,70,70,70,70,70,70,70,70,70,70,70,70,70,70,70,70],"card_choices":[{"not_picked":["Prepared","Deflect"],"picked":"Quick Slash","floor":1},{"not_picked":["Quick Slash","Outmaneuver"],"picked":"Flying Knee","floor":2},{"not_picked":["Slice","Quick Slash","Underhanded Strike"],"picked":"SKIP","floor":3},{"not_picked":["Calculated Gamble","Slice","Prepared"],"picked":"SKIP","floor":5},{"not_picked":["Noxious Fumes","Reflex"],"picked":"Backflip","floor":6},{"not_picked":["Bane","Envenom"],"picked":"Well Laid Plans","floor":7},{"not_picked":["Quick Slash","Deflect"],"picked":"Blade Dance","floor":8},{"not_picked":["Deflect","Quick Slash","Dodge and Roll"],"picked":"SKIP","floor":10},{"not_picked":["Slice","Bane","Deflect"],"picked":"SKIP","floor":14},{"not_picked":["Glass Knife","Doppelganger"],"picked":"Unload","floor":16},{"not_picked":["Dagger Spray","Leg Sweep"],"picked":"Masterful Stab+1","floor":18},{"not_picked":["Choke","Outmaneuver"],"picked":"PiercingWail","floor":25},{"not_picked":["Reflex","Dagger Throw","Flying Knee"],"picked":"SKIP","floor":29},{"not_picked":["Tactician","Expertise","Deadly Poison+1"],"picked":"SKIP","floor":30},{"not_picked":["Crippling Poison","Dagger Throw"],"picked":"Blade Dance","floor":31},{"not_picked":["Dagger Spray+1","Prepared+1","All Out Attack"],"picked":"SKIP","floor":35},{"not_picked":["Terror","Footwork","Flying Knee"],"picked":"SKIP","floor":36},{"not_picked":["Dagger Spray","Prepared","Setup"],"picked":"SKIP","floor":37},{"not_picked":["Acrobatics+1","Sucker Punch+1","Backflip"],"picked":"SKIP","floor":39},{"not_picked":["Outmaneuver","Blur+1","Tactician+1"],"picked":"SKIP","floor":40},{"not_picked":["Bane+1","Blur+1","Blade Dance"],"picked":"SKIP","floor":42},{"not_picked":["Escape Plan+1","Sucker Punch+1","Night Terror"],"picked":"SKIP","floor":45},{"not_picked":["Poisoned Stab","Setup+1"],"picked":"Distraction+1","floor":47}],"player_experience":127895,"relics_obtained":[{"floor":6,"key":"Gremlin Horn"},{"floor":9,"key":"Centennial Puzzle"},{"floor":26,"key":"Ninja Scroll"},{"floor":40,"key":"Whetstone"},{"floor":42,"key":"Art of War"},{"floor":43,"key":"War Paint"}],"event_choices":[{"damage_healed":0,"gold_gain":0,"cards_transformed":["Defend_G"],"player_choice":"Transformed","damage_taken":0,"max_hp_gain":0,"max_hp_loss":0,"event_name":"Transmorgrifier","floor":4,"gold_loss":0,"cards_obtained":["Concentrate"]},{"damage_healed":0,"gold_gain":0,"player_choice":"Entered Light","damage_taken":14,"max_hp_gain":0,"max_hp_loss":0,"event_name":"Shining Light","floor":13,"gold_loss":0,"cards_upgraded":["Well Laid Plans","Slice"]},{"damage_healed":0,"gold_gain":0,"player_choice":"Opened","damage_taken":0,"relics_obtained":["Boot"],"max_hp_gain":0,"max_hp_loss":0,"event_name":"The Mausoleum","floor":19,"gold_loss":0,"cards_obtained":["Writhe"]},{"damage_healed":0,"gold_gain":99,"player_choice":"Stole From Cult","damage_taken":0,"max_hp_gain":0,"max_hp_loss":0,"event_name":"Nest","floor":20,"gold_loss":0},{"cards_removed":["Writhe"],"damage_healed":0,"gold_gain":0,"player_choice":"Gave Gold","damage_taken":0,"max_hp_gain":0,"max_hp_loss":0,"event_name":"Beggar","floor":21,"gold_loss":75},{"damage_healed":0,"gold_gain":0,"player_choice":"Ignored","damage_taken":0,"max_hp_gain":0,"max_hp_loss":0,"event_name":"Ghosts","floor":22,"gold_loss":0},{"damage_healed":0,"gold_gain":0,"cards_transformed":["Strike_G"],"player_choice":"Transformed","damage_taken":0,"max_hp_gain":0,"max_hp_loss":0,"event_name":"Transmorgrifier","floor":24,"gold_loss":0,"cards_obtained":["Finisher"]},{"damage_healed":0,"gold_gain":0,"player_choice":"Paid","damage_taken":0,"relics_obtained":["Red Mask"],"max_hp_gain":0,"max_hp_loss":0,"event_name":"Tomb of Lord Red Mask","floor":41,"gold_loss":78}],"is_beta":false,"boss_relics":[{"not_picked":["Empty Cage","Tiny House"],"picked":"SlaversCollar"},{"not_picked":["HoveringKite","Cursed Key"],"picked":"Pandora\u0027s Box"}],"items_purged_floors":[0,12,38],"is_endless":false,"potions_floor_spawned":[6,7,10,18,25,33,35,37,39,47],"killed_by":"Time Eater","ascension_level":0}}