{"host":"9kesdg97wkrx2bva","time":1610956638,"event":{"mods":["AchievementEnabler","BaseMod","Colored Map","GifTheSpireLib","Infinite Spire","Minty Spire (QoL Compilation)","Replay The Spire","StSLib"],"gold_per_floor":[12,12,32,51,64,102,123,123,123,147,72,72,72,87,87,177,177,200,221,68,68,68,68],"floor_reached":22,"language":"ENG","playtime":542,"items_purged":["Strike_B","Overencumbered"],"score":440,"play_id":"69d62a78-25f0-4260-9210-d01afbfb6752","local_time":"20210118015718","is_ascension_mode":true,"campfire_choices":[{"floor":8,"key":"REST"}],"circlet_count":0,"master_deck":["AscendersBane","Strike_B","Strike_B","Strike_B","Defend_B","Defend_B","Defend_B","Defend_B","Zap","Dualcast","Core Surge","Go for the Eyes","Beam Cell","Beam Cell","Scrape","BootSequence","Biased Cognition","Sweeping Beam","Ball Lightning+1","Rebound","Storm","Echo Form","Clumsy","Injury","Gash","Gash","Gash"],"relics":["Cracked Core","Golden Idol","Prayer Wheel","Mango","Replay:Ancient Bell","Replay:Mystery Machine","Quantum Egg","Replay:Arrowhead"],"acts_visited":["Exordium","TheCity"],"potions_floor_usage":[7,16,16,16,16,16,16,16,16,18,22],"damage_taken":[{"damage":0,"enemies":"Small Slimes","floor":1,"turns":2},{"damage":12,"enemies":"Jaw Worm","floor":3,"turns":2},{"damage":0,"enemies":"Cultist","floor":4,"turns":3},{"damage":9,"enemies":"Looter","floor":5,"turns":3},{"damage":25,"enemies":"Lagavulin","floor":6,"turns":5},{"damage":7,"enemies":"Exordium Thugs","floor":7,"turns":4},{"damage":0,"enemies":"Blue Slaver","floor":10,"turns":3},{"damage":8,"enemies":"Exordium Wildlife","floor":14,"turns":3},{"damage":0,"enemies":"Slime Boss","floor":16,"turns":6},{"damage":33,"enemies":"Shell Parasite","floor":18,"turns":6},{"damage":31,"enemies":"2 Thieves","floor":19,"turns":4},{"damage":14,"enemies":"Shelled Parasite and Fungi","floor":22,"turns":1}],"seed_played":"-6822372751420087865","potions_obtained":[{"floor":4,"key":"infinitespire:BlackPotion"},{"floor":10,"key":"ColorlessPotion"},{"floor":12,"key":"FearPotion"},{"floor":12,"key":"Toxic Potion"},{"floor":19,"key":"AttackPotion"}],"is_trial":false,"path_per_floor":["M","?","M","M","M","E","M","R","T","M","$","?","$","M","R_BF","B",null,"M","M","$","?","M"],"character_chosen":"DEFECT","items_purchased":["Gash"],"campfire_rested":1,"item_purchase_floors":[20],"current_hp_per_floor":[64,64,52,52,43,18,11,30,44,44,44,44,44,36,59,59,73,40,9,9,9,0,0],"gold":68,"neow_bonus":"THREE_RARE_CARDS","is_daily":false,"chose_seed":false,"campfire_upgraded":0,"win_rate":0.0,"timestamp":1610956638,"path_taken":["M","?","M","M","M","E","M","R","T","M","$","?","$","?","R_BF","BOSS","M","M","$","?","M"],"items_purchased_type":["Card"],"build_version":"2020-12-22","purchased_purges":2,"victory":false,"max_hp_per_floor":[71,64,64,64,64,64,64,64,78,78,78,78,78,78,78,78,78,78,78,78,78,78,78],"card_choices":[{"not_picked":["Fission","Thunder Strike"],"picked":"Core Surge","floor":0},{"not_picked":["Genetic Algorithm","Steam"],"picked":"Go for the Eyes","floor":1},{"not_picked":["Hologram","Undo"],"picked":"Beam Cell","floor":3},{"not_picked":["ReplayTheSpireMod:GoodbyeWorld","Chaos"],"picked":"Beam Cell","floor":4},{"not_picked":["Steam Power","Coolheaded"],"picked":"Scrape","floor":5},{"not_picked":["Capacitor","Stack"],"picked":"BootSequence","floor":6},{"not_picked":["Auto Shields","BasicCrystalCard"],"picked":"Biased Cognition","floor":7},{"not_picked":["ReplaySort","BasicCrystalCard"],"picked":"Sweeping Beam","floor":7},{"not_picked":["Hologram","Skim"],"picked":"Ball Lightning","floor":10},{"not_picked":["Blizzard","BasicCrystalCard","Cold Snap"],"picked":"SKIP","floor":10},{"not_picked":["Coolheaded","BasicCrystalCard"],"picked":"Rebound","floor":14},{"not_picked":["Barrage","Force Field"],"picked":"Storm","floor":14},{"not_picked":["ReplayRNGCard","Machine Learning"],"picked":"Echo Form","floor":16},{"not_picked":["Parasite","Sickly"],"picked":"Clumsy","floor":17},{"not_picked":["AbeCurse","ReplayTheSpireMod:Faulty Equipment"],"picked":"Injury","floor":17},{"not_picked":["Normality","Decay"],"picked":"Overencumbered","floor":17},{"not_picked":["Thunder Strike","Doom and Gloom"],"picked":"Gash","floor":18},{"not_picked":["FIFO Queue","Barrage","Leap"],"picked":"SKIP","floor":18},{"not_picked":["Auto Shields","Lockon"],"picked":"Gash","floor":19},{"not_picked":["Turbo","Beam Cell","Stack"],"picked":"SKIP","floor":19}],"player_experience":940450,"relics_obtained":[{"floor":6,"key":"Prayer Wheel"},{"floor":9,"key":"Mango"}],"event_choices":[{"damage_healed":0,"gold_gain":0,"player_choice":"Lose Max HP","damage_taken":0,"relics_obtained":["Golden Idol"],"max_hp_gain":0,"max_hp_loss":7,"event_name":"Golden Idol","floor":2,"gold_loss":0},{"damage_healed":0,"gold_gain":0,"player_choice":"Got Potions","damage_taken":0,"max_hp_gain":0,"max_hp_loss":0,"event_name":"Lab","floor":12,"gold_loss":0}],"is_beta":false,"boss_relics":[{"not_picked":["FrozenCore","Cursed Key"],"picked":"Replay:Ancient Bell"},{"not_picked":["Lantern","Bronze Scales"],"picked":"Replay:Mystery Machine"},{"not_picked":["InkBottle","Pantograph"],"picked":"Quantum Egg"},{"not_picked":["Du-Vu Doll","FossilizedHelix"],"picked":"Replay:Arrowhead"}],"items_purged_floors":[11,20],"is_endless":false,"potions_floor_spawned":[4,10,19],"killed_by":"Shelled Parasite and Fungi","ascension_level":17}}