{"host":"wg33yb1rgt3nbe17","time":1610985621,"event":{"mods":["AchievementEnabler","BaseMod","Colored Map","Downfall","Minty Spire (QoL Compilation)","Permanent Neow","Relic Stats","StSLib"],"gold_per_floor":[99,113,128,39,49,67,118,151,151,169,12,12,26,11,27,27,27],"floor_reached":16,"language":"ENG","playtime":857,"items_purged":[],"score":104,"play_id":"15f28acc-b3ee-4ccc-817d-884dd39c8190","local_time":"20210118110021","is_ascension_mode":false,"campfire_choices":[{"data":"bronze:Replicate","floor":1,"key":"SMITH"},{"data":"bronze:Optimize","floor":9,"key":"SMITH"},{"floor":12,"key":"REST"}],"circlet_count":0,"master_deck":["bronze:Strike","bronze:Strike","bronze:Strike","bronze:Defend","bronze:Defend","bronze:Defend","bronze:Replicate+1","bronze:Goto","bronze:ItsAFeature","bronze:WildBeam","bronze:ChosenStrike","bronze:MaxOutput","bronze:DelayedGuard","bronze:ForLoop","bronze:Optimize+1","bronze:OilSpill","bronze:ChildClass","bronze:SpaghettiCode","bronze:Turbo","bronze:SpaghettiCode","bronze:Turbo"],"relics":["bronze:BronzeCore","Anchor","Happy Flower"],"acts_visited":["Exordium"],"potions_floor_usage":[8,11,16,16],"damage_taken":[{"damage":0,"enemies":"Cultist","floor":2,"turns":3},{"damage":6,"enemies":"2 Louse","floor":3,"turns":2},{"damage":10,"enemies":"downfall:FleeingMerchant","floor":4,"turns":4},{"damage":0,"enemies":"Small Slimes","floor":5,"turns":2},{"damage":7,"enemies":"Large Slime","floor":6,"turns":4},{"damage":5,"enemies":"3 Sentries","floor":8,"turns":6},{"damage":0,"enemies":"3 Louse","floor":10,"turns":5},{"damage":0,"enemies":"downfall:FleeingMerchant","floor":11,"turns":4},{"damage":0,"enemies":"2 Fungi Beasts","floor":13,"turns":2},{"damage":13,"enemies":"downfall:FleeingMerchant","floor":14,"turns":4},{"damage":2,"enemies":"Blue Slaver","floor":15,"turns":2},{"damage":36,"enemies":"IC_STATUS_ARCHETYPE","floor":16,"turns":4}],"seed_played":"9151814093351794797","potions_obtained":[{"floor":5,"key":"PowerPotion"},{"floor":6,"key":"Strength Potion"},{"floor":13,"key":"ColorlessPotion"},{"floor":15,"key":"sneckomod:MuddlingPotion"}],"is_trial":false,"path_per_floor":["R","M","M","$","M","M","T","E","R","M","$","R","M","$","M","B"],"character_chosen":"THE_AUTOMATON","items_purchased":["bronze:MaxOutput","bronze:SpaghettiCode"],"campfire_rested":1,"item_purchase_floors":[4,11],"current_hp_per_floor":[49,49,43,33,33,26,26,21,21,21,21,42,42,29,27,0,0],"gold":27,"neow_bonus":"REMOVE_TWO","is_daily":false,"chose_seed":false,"campfire_upgraded":2,"win_rate":0.0,"timestamp":1610985621,"path_taken":["R","M","M","$","M","?","T","E","R","M","?","R","M","?","M","BOSS"],"items_purchased_type":["Card","Card"],"build_version":"2020-12-22","purchased_purges":0,"victory":false,"max_hp_per_floor":[70,70,70,70,70,70,70,70,70,70,70,70,70,70,70,70,70],"relic_stats":{"Happy Flower":[7],"counters":[12,42],"obtain_stats":[{"Anchor":7,"bronze:BronzeCore":0,"Happy Flower":8},{"Anchor":5,"bronze:BronzeCore":0,"Happy Flower":6},{"Anchor":15,"bronze:BronzeCore":0,"Happy Flower":21}]},"card_choices":[{"not_picked":["bronze:OilSpill","bronze:BugBarrage"],"picked":"bronze:ItsAFeature","floor":2},{"not_picked":["bronze:Iterate","bronze:WhirlingStrike"],"picked":"bronze:WildBeam","floor":3},{"not_picked":["bronze:WildBeam","bronze:BuggyMess"],"picked":"bronze:ChosenStrike","floor":4},{"not_picked":["bronze:CutThrough","bronze:FollowUp"],"picked":"bronze:DelayedGuard","floor":5},{"not_picked":["bronze:MaxOutput","bronze:Invalidate"],"picked":"bronze:ForLoop","floor":6},{"not_picked":["bronze:Backtrace","bronze:WhirlingStrike"],"picked":"bronze:Optimize","floor":8},{"not_picked":["bronze:Deprecate","bronze:FineTuning"],"picked":"bronze:OilSpill","floor":10},{"not_picked":["bronze:Frontload","bronze:BuggyMess"],"picked":"bronze:ChildClass","floor":11},{"not_picked":["bronze:OilSpill","bronze:Return"],"picked":"bronze:Turbo","floor":13},{"not_picked":["bronze:ClassDefault","bronze:Overheat"],"picked":"bronze:SpaghettiCode","floor":14},{"not_picked":["bronze:DarkDash","bronze:ChosenStrike"],"picked":"bronze:Turbo","floor":15}],"player_experience":639590,"relics_obtained":[{"floor":7,"key":"Anchor"},{"floor":8,"key":"Happy Flower"}],"event_choices":[],"is_beta":false,"boss_relics":[],"items_purged_floors":[],"is_endless":false,"potions_floor_spawned":[5,6,13,15],"killed_by":"IC_STATUS_ARCHETYPE","ascension_level":0}}