{"host":"rl5ku05escnl5kxo","time":1610928345,"event":{"mods":["Act Like it!","BaseMod","Minty Spire (QoL Compilation)","StSLib","The Bug Knight"],"gold_per_floor":[119,135,135,152,170,170,20,20,46,46,20,20,20,33,33,134,134,152,152,152],"floor_reached":19,"language":"ENG","playtime":1233,"items_purged":[],"score":157,"play_id":"ca280808-d471-482f-9247-70554955f610","local_time":"20210117160545","is_ascension_mode":false,"campfire_choices":[{"data":"HollowMod:PerfectDash","floor":6,"key":"SMITH"},{"data":"HollowMod:PerfectDash","floor":8,"key":"SMITH"},{"data":"HollowMod:FocusHealStart","floor":13,"key":"SMITH"},{"data":"HollowMod:HowlingWraiths","floor":15,"key":"SMITH"}],"circlet_count":0,"master_deck":["HollowMod:NailStrikeStart","HollowMod:NailStrikeStart","HollowMod:NailStrikeStart","HollowMod:QuickDashStart","HollowMod:QuickDashStart","HollowMod:QuickDashStart","HollowMod:FocusHealStart+1","HollowMod:PogoStrike","HollowMod:PerfectDash+1","HollowMod:SoulSplash","HollowMod:PerfectDash+1","HollowMod:HowlingWraiths+1","HollowMod:ElderbugsWisdom","HollowMod:HowlingWraiths"],"relics":["HollowMod:VesselMask","HollowMod:StagPassRelic","Akabeko","Empty Cage"],"acts_visited":["Exordium","TheCity"],"potions_floor_usage":[],"damage_taken":[{"damage":7,"enemies":"Small Slimes","floor":1,"turns":4},{"damage":0,"enemies":"2 Louse","floor":2,"turns":3},{"damage":9,"enemies":"Jaw Worm","floor":4,"turns":4},{"damage":19,"enemies":"Gremlin Gang","floor":5,"turns":5},{"damage":5,"enemies":"Exordium Thugs","floor":14,"turns":4},{"damage":33,"enemies":"Slime Boss","floor":16,"turns":8},{"damage":65,"enemies":"Shell Parasite","floor":18,"turns":10},{"damage":35,"enemies":"Spheric Guardian","floor":19,"turns":5}],"seed_played":"-6075539872994763827","potions_obtained":[{"floor":2,"key":"SteroidPotion"},{"floor":14,"key":"Strength Potion"},{"floor":18,"key":"PowerPotion"}],"is_trial":false,"path_per_floor":["M","M","$","M","M","R","?","R","T","?","$","?","R","M","R","B",null,"M","M"],"character_chosen":"THE_BUGKNIGHT","items_purchased":["HollowMod:DescendingDark"],"campfire_rested":0,"item_purchase_floors":[11],"current_hp_per_floor":[81,82,82,76,63,63,63,63,63,63,63,63,63,68,68,45,82,23,0,0],"gold":152,"neow_bonus":"TEN_PERCENT_HP_BONUS","is_daily":false,"chose_seed":false,"campfire_upgraded":4,"win_rate":0.0,"timestamp":1610928345,"path_taken":["M","M","$","M","M","R","?","R","T","?","$","?","R","M","R","BOSS","M","M"],"items_purchased_type":["Card"],"build_version":"2020-12-22","purchased_purges":0,"victory":false,"max_hp_per_floor":[82,82,82,82,82,82,82,82,82,82,82,82,82,82,82,82,82,82,82,82],"card_choices":[{"not_picked":["HollowMod:DashSlash","HollowMod:HuntersJournal"],"picked":"HollowMod:PerfectDash","floor":1},{"not_picked":["HollowMod:SoulShaman","HollowMod:ChannelNail"],"picked":"HollowMod:SoulSplash","floor":2},{"not_picked":["HollowMod:TaintedHusks","HollowMod:MantisMark","HollowMod:NewGlowingWomb"],"picked":"SKIP","floor":4},{"not_picked":["HollowMod:DungDefenderAura","HollowMod:InfectedAttack"],"picked":"HollowMod:PerfectDash","floor":5},{"not_picked":["HollowMod:CycloneSlash","HollowMod:SharpenedNail"],"picked":"HollowMod:HowlingWraiths","floor":14},{"not_picked":["HollowMod:Hiveblood","HollowMod:WhiteLadysBlessing"],"picked":"HollowMod:ElderbugsWisdom","floor":16},{"not_picked":["HollowMod:HeavyBlow","HollowMod:MonomonsArchive+1"],"picked":"HollowMod:HowlingWraiths","floor":18}],"player_experience":449121,"relics_obtained":[{"floor":9,"key":"Akabeko"}],"event_choices":[{"damage_healed":0,"gold_gain":0,"player_choice":"Ignored","damage_taken":0,"max_hp_gain":0,"max_hp_loss":0,"event_name":"Shining Light","floor":10,"gold_loss":0}],"is_beta":false,"boss_relics":[{"not_picked":["Astrolabe","Ectoplasm"],"picked":"Empty Cage"}],"items_purged_floors":[],"is_endless":false,"potions_floor_spawned":[2,14,18],"killed_by":"Spheric Guardian","ascension_level":0}}