{"host":"2858q7tg2p392m8d","time":1610941366,"event":{"mods":["BaseMod","Colored Map","DeckTracker","Friendly Minions","Minty Spire (QoL Compilation)","Permanent Neow","StSLib","everything is the same but u backflip on backflip","slay the spire mod where everything is the same but ironclad has a cowboy hat"],"gold_per_floor":[114,114,114,127,141,141,156,156,156,156,189,202,49,72,72,193,193,206,226,244,343,343,343,387,387,414,414,196,196,196,196,196,315,315,328,344,91,154,175,209,230,261,286,10,31,31,56,69,69,69,69,69,69,102,102,102],"floor_reached":55,"language":"ENG","playtime":2566,"items_purged":["Strike_R","Strike_R+1","Defend_R+1"],"score":772,"play_id":"0905782a-dcdd-4de9-ac67-0a3700a546a5","local_time":"20210118001246","is_ascension_mode":false,"campfire_choices":[{"data":"Bash","floor":6,"key":"SMITH"},{"floor":10,"key":"RECALL"},{"data":"Feed","floor":15,"key":"SMITH"},{"data":"Demon Form","floor":23,"key":"SMITH"},{"data":"Battle Trance","floor":25,"key":"SMITH"},{"data":"Shrug It Off","floor":27,"key":"SMITH"},{"data":"Defend_R","floor":29,"key":"SMITH"},{"data":"Strike_R","floor":32,"key":"SMITH"},{"floor":46,"key":"REST"},{"data":"Feed+1","floor":49,"key":"PURGE"},{"data":"Reaper","floor":52,"key":"SMITH"}],"circlet_count":0,"master_deck":["Strike_R+1","Strike_R+1","Strike_R+1","Defend_R+1","Defend_R+1","Defend_R+1","Bash+1","Shrug It Off+1","Battle Trance+1","Demon Form+1","Reaper+1","Heavy Blade+1","Heavy Blade+1"],"relics":["Burning Blood","Golden Idol","Sundial","Sozu","Whetstone","Centennial Puzzle","War Paint","Bottled Tornado","SlaversCollar","Blood Vial","Unceasing Top","Peace Pipe","Bag of Marbles","Boot","TheAbacus","Happy Flower"],"acts_visited":["Exordium","TheCity","TheBeyond","TheEnding"],"potions_floor_usage":[11,16,16,16],"damage_taken":[{"damage":1,"enemies":"Small Slimes","floor":1,"turns":4},{"damage":2,"enemies":"2 Louse","floor":4,"turns":3},{"damage":1,"enemies":"Jaw Worm","floor":5,"turns":4},{"damage":5,"enemies":"Exordium Thugs","floor":7,"turns":5},{"damage":16,"enemies":"3 Sentries","floor":11,"turns":7},{"damage":0,"enemies":"Blue Slaver","floor":12,"turns":4},{"damage":9,"enemies":"3 Louse","floor":14,"turns":4},{"damage":41,"enemies":"The Guardian","floor":16,"turns":15},{"damage":4,"enemies":"Chosen","floor":18,"turns":4},{"damage":25,"enemies":"2 Thieves","floor":19,"turns":4},{"damage":10,"enemies":"Chosen and Byrds","floor":20,"turns":6},{"damage":34,"enemies":"Gremlin Leader","floor":24,"turns":5},{"damage":17,"enemies":"Champ","floor":33,"turns":8},{"damage":7,"enemies":"3 Shapes","floor":35,"turns":6},{"damage":19,"enemies":"Orb Walker","floor":36,"turns":4},{"damage":0,"enemies":"Mind Bloom Boss Battle","floor":38,"turns":6},{"damage":18,"enemies":"Writhing Mass","floor":39,"turns":6},{"damage":66,"enemies":"Reptomancer","floor":40,"turns":8},{"damage":34,"enemies":"Jaw Worm Horde","floor":41,"turns":4},{"damage":14,"enemies":"Nemesis","floor":42,"turns":5},{"damage":5,"enemies":"Spire Growth","floor":45,"turns":4},{"damage":19,"enemies":"Transient","floor":47,"turns":5},{"damage":2,"enemies":"Maw","floor":48,"turns":6},{"damage":43,"enemies":"Time Eater","floor":50,"turns":6},{"damage":72,"enemies":"Shield and Spear","floor":54,"turns":6},{"damage":107,"enemies":"The Heart","floor":55,"turns":6}],"seed_played":"-7743828482903398590","potions_obtained":[{"floor":4,"key":"EssenceOfSteel"},{"floor":7,"key":"Explosive Potion"},{"floor":11,"key":"BloodPotion"},{"floor":12,"key":"LiquidBronze"}],"is_trial":false,"path_per_floor":["M","?","?","M","M","R","M","?","T","R","E","M","$","M","R","B",null,"M","M","M","?","?","R","E","R","T","R","$","R","T","?","R","B",null,"M","M","$","?","M","E","M","E","T","$","M","R","M","M","R","B",null,"R","$","E","B"],"character_chosen":"IRONCLAD","items_purchased":["Feed","War Paint","Blood Vial","TheAbacus"],"campfire_rested":1,"item_purchase_floors":[13,28,37,44],"current_hp_per_floor":[80,85,68,72,77,77,78,57,57,57,47,53,53,53,53,39,92,92,77,77,77,100,100,72,72,72,72,72,72,72,72,72,65,104,107,98,98,116,108,62,54,48,48,48,55,93,92,122,122,111,128,128,128,86,0,0],"gold":102,"neow_bonus":"THREE_CARDS","is_daily":false,"chose_seed":false,"campfire_upgraded":8,"win_rate":0.0,"timestamp":1610941366,"path_taken":["M","?","?","M","M","R","M","?","T","R","E","M","?","?","R","BOSS","M","M","M","?","?","R","E","R","T","R","?","R","?","?","R","BOSS","M","M","$","?","M","E","M","E","T","$","M","R","M","M","R","BOSS","R","$","E","BOSS"],"items_purchased_type":["Card","Relic","Relic","Relic"],"build_version":"2020-12-22","purchased_purges":3,"victory":false,"max_hp_per_floor":[80,85,85,85,85,85,85,85,85,85,85,85,85,88,88,92,92,92,96,100,100,100,100,100,100,100,100,100,100,100,100,100,104,104,108,112,112,116,120,120,124,124,124,124,128,128,128,128,128,128,128,128,128,128,128,128],"card_choices":[{"not_picked":["Twin Strike","Iron Wave"],"picked":"Shrug It Off","floor":0},{"not_picked":["Flex","Twin Strike","Pommel Strike"],"picked":"SKIP","floor":1},{"not_picked":["Sentinel","Rampage"],"picked":"Battle Trance","floor":4},{"not_picked":["Havoc","Dropkick","Ghostly Armor"],"picked":"SKIP","floor":5},{"not_picked":["Anger","Fire Breathing","Twin Strike"],"picked":"SKIP","floor":7},{"not_picked":["Bloodletting","Rampage","Fire Breathing"],"picked":"SKIP","floor":11},{"not_picked":["Whirlwind","Spot Weakness","Pommel Strike"],"picked":"SKIP","floor":12},{"not_picked":["Shrug It Off","Anger","Flex"],"picked":"SKIP","floor":14},{"not_picked":["Juggernaut","Feed"],"picked":"Demon Form","floor":16},{"not_picked":["Havoc","Iron Wave","Second Wind"],"picked":"SKIP","floor":18},{"not_picked":["Perfected Strike","Thunderclap+1","Clothesline"],"picked":"SKIP","floor":19},{"not_picked":["Battle Trance","Feel No Pain","Havoc"],"picked":"SKIP","floor":20},{"not_picked":["Flex","Sever Soul","Clothesline"],"picked":"SKIP","floor":24},{"not_picked":["Impervious","Barricade"],"picked":"Reaper","floor":33},{"not_picked":["Shrug It Off","Spot Weakness+1","Pommel Strike"],"picked":"SKIP","floor":35},{"not_picked":["Wild Strike","Headbutt+1","Body Slam"],"picked":"SKIP","floor":36},{"not_picked":["Cleave+1","Headbutt+1","Pummel"],"picked":"SKIP","floor":39},{"not_picked":["Clothesline","Body Slam"],"picked":"Heavy Blade+1","floor":40},{"not_picked":["True Grit+1","Clash+1","Iron Wave"],"picked":"SKIP","floor":41},{"not_picked":["Feel No Pain+1","Clash+1","Wild Strike"],"picked":"SKIP","floor":42},{"not_picked":["Pommel Strike+1","Entrench+1","Havoc"],"picked":"SKIP","floor":45},{"not_picked":["Immolate","Body Slam+1","Cleave"],"picked":"SKIP","floor":47},{"not_picked":["Armaments+1","Warcry+1"],"picked":"Heavy Blade+1","floor":48},{"not_picked":["Twin Strike+1","Disarm","Cleave"],"picked":"SKIP","floor":54}],"player_experience":204773,"relics_obtained":[{"floor":11,"key":"Sundial"},{"floor":24,"key":"Whetstone"},{"floor":26,"key":"Centennial Puzzle"},{"floor":30,"key":"Bottled Tornado"},{"floor":38,"key":"Unceasing Top"},{"floor":40,"key":"Peace Pipe"},{"floor":42,"key":"Bag of Marbles"},{"floor":43,"key":"Boot"},{"floor":54,"key":"Happy Flower"}],"event_choices":[{"damage_healed":0,"gold_gain":0,"player_choice":"Donut","damage_taken":0,"max_hp_gain":5,"max_hp_loss":0,"event_name":"Big Fish","floor":2,"gold_loss":0},{"damage_healed":0,"gold_gain":0,"player_choice":"Entered Light","damage_taken":17,"max_hp_gain":0,"max_hp_loss":0,"event_name":"Shining Light","floor":3,"gold_loss":0,"cards_upgraded":["Defend_R","Strike_R"]},{"damage_healed":0,"gold_gain":0,"player_choice":"Take Damage","damage_taken":21,"relics_obtained":["Golden Idol"],"max_hp_gain":0,"max_hp_loss":0,"event_name":"Golden Idol","floor":8,"gold_loss":0},{"damage_healed":0,"gold_gain":99,"player_choice":"Stole From Cult","damage_taken":0,"max_hp_gain":0,"max_hp_loss":0,"event_name":"Nest","floor":21,"gold_loss":0},{"damage_healed":33,"gold_gain":0,"player_choice":"Heal","damage_taken":0,"max_hp_gain":0,"max_hp_loss":0,"event_name":"The Library","floor":22,"gold_loss":0},{"damage_healed":0,"gold_gain":0,"player_choice":"Ignored","damage_taken":0,"max_hp_gain":0,"max_hp_loss":0,"event_name":"Cursed Tome","floor":31,"gold_loss":0},{"damage_healed":0,"gold_gain":0,"player_choice":"Fight","damage_taken":0,"max_hp_gain":0,"max_hp_loss":0,"event_name":"MindBloom","floor":38,"gold_loss":0}],"is_beta":false,"boss_relics":[{"not_picked":["Fusion Hammer","Runic Cube"],"picked":"Sozu"},{"not_picked":["Snecko Eye","Runic Dome"],"picked":"SlaversCollar"}],"items_purged_floors":[28,37,44],"is_endless":false,"potions_floor_spawned":[4,7,11,12,18,19,40,41,45,47,54],"killed_by":"The Heart","ascension_level":0}}