{"host":"q0qnzbgdx8oqogg9","time":1610949956,"event":{"mods":["BaseMod","Minty Spire (QoL Compilation)","Slay-I","StSLib"],"gold_per_floor":[112,112,131,206,156,156,175,175,175,191,211,223,257,257,257,352,352,367,380,391,316,48,48,48,48,48,48,79,0,26,36,36,132,132,152,201,101,101,119,119,132,152,206,256,256,267,267,296,296,296,296],"floor_reached":50,"language":"ENG","playtime":2439,"items_purged":["Strike_R","Strike_R"],"score":764,"play_id":"82f8218a-dcb8-4ade-be10-02ba6889340d","local_time":"20210118010556","is_ascension_mode":true,"campfire_choices":[{"data":"Bash","floor":6.0,"key":"SMITH"},{"data":"Metallicize","floor":8.0,"key":"SMITH"},{"data":"True Grit","floor":15,"key":"SMITH"},{"data":"Uppercut","floor":23,"key":"SMITH"},{"floor":25,"key":"REST"},{"floor":32,"key":"REST"},{"floor":40,"key":"REST"},{"floor":49,"key":"REST"}],"circlet_count":0,"master_deck":["Strike_R","Defend_R","Defend_R","Defend_R","Bash+1","Anger","Metallicize+1","Spot Weakness","Iron Wave","True Grit+1","Uppercut+1","Offering","Carnage+1","Shrug It Off","Pommel Strike","Flame Barrier","Flash of Steel","Cleave","Whirlwind","Pommel Strike+1","Limit Break","Armaments+1","Thinking Ahead"],"relics":["Burning Blood","HornCleat","Pear","Turnip","Philosopher\u0027s Stone","Nilry\u0027s Codex","Singing Bowl","Juzu Bracelet","StoneCalendar","Fusion Hammer","Mango","Bag of Preparation","Peace Pipe","Strawberry"],"acts_visited":["Exordium","TheCity","TheBeyond"],"potions_floor_usage":[20,28,50,50,50,50],"damage_taken":[{"damage":8.0,"enemies":"Small Slimes","floor":1.0,"turns":4.0},{"damage":3.0,"enemies":"2 Louse","floor":3.0,"turns":3.0},{"damage":0.0,"enemies":"Jaw Worm","floor":7.0,"turns":4.0},{"damage":0.0,"enemies":"Large Slime","floor":10.0,"turns":3.0},{"damage":1.0,"enemies":"2 Fungi Beasts","floor":11.0,"turns":3.0},{"damage":8.0,"enemies":"Exordium Thugs","floor":12.0,"turns":4.0},{"damage":10.0,"enemies":"3 Sentries","floor":13.0,"turns":9.0},{"damage":9,"enemies":"The Guardian","floor":16,"turns":13},{"damage":31,"enemies":"3 Byrds","floor":18,"turns":6},{"damage":19,"enemies":"2 Thieves","floor":19,"turns":5},{"damage":8,"enemies":"Snake Plant","floor":20,"turns":4},{"damage":13,"enemies":"Slavers","floor":28,"turns":6},{"damage":27,"enemies":"Gremlin Leader","floor":30,"turns":5},{"damage":2,"enemies":"Centurion and Healer","floor":31,"turns":6},{"damage":72,"enemies":"Automaton","floor":33,"turns":11},{"damage":14,"enemies":"3 Darklings","floor":35,"turns":7},{"damage":41,"enemies":"2 Orb Walkers","floor":36,"turns":5},{"damage":7,"enemies":"Orb Walker","floor":39,"turns":4},{"damage":20,"enemies":"Spire Growth","floor":41,"turns":6},{"damage":1,"enemies":"Maw","floor":42,"turns":8},{"damage":0,"enemies":"Mind Bloom Boss Battle","floor":44,"turns":7},{"damage":30,"enemies":"Writhing Mass","floor":46,"turns":6},{"damage":62,"enemies":"Giant Head","floor":48,"turns":8},{"damage":101,"enemies":"Awakened One","floor":50,"turns":10}],"seed_played":"-656752678483054555","potions_obtained":[{"floor":1.0,"key":"AttackPotion"},{"floor":10.0,"key":"FairyPotion"},{"floor":12.0,"key":"Strength Potion"},{"floor":18,"key":"Weak Potion"},{"floor":31,"key":"EntropicBrew"},{"floor":33,"key":"FearPotion"}],"is_trial":false,"path_per_floor":["M","?","M","?","?","R","M","R","T","M","M","M","E","?","R","B",null,"M","M","M","?","$","R","?","R","T","?","E","$","E","M","R","B",null,"M","?","$","?","M","R","M","M","T","?","?","M","?","E","R","B"],"character_chosen":"IRONCLAD","items_purchased":["Flame Barrier","Flash of Steel","Cleave","Whirlwind"],"campfire_rested":4,"item_purchase_floors":[22,22,22,29],"current_hp_per_floor":[78,66,69,58,58,58,64,64,74,80,85,83,79,79,79,76,93,68,55,53,53,53,53,37,66,66,66,61,61,40,46,76,10,79,73,54,54,54,53,89,77,84,84,92,92,70,67,20,59,0,0],"gold":296,"neow_bonus":"TEN_PERCENT_HP_BONUS","is_daily":false,"chose_seed":false,"campfire_upgraded":4,"win_rate":0.0,"timestamp":1610949956,"path_taken":["M","?","M","?","?","R","M","R","T","M","M","M","E","?","R","BOSS","M","M","M","?","$","R","?","R","T","?","E","$","E","M","R","BOSS","M","?","$","?","M","R","M","M","T","?","?","M","?","E","R","BOSS"],"items_purchased_type":["Card","Card","Card","Card"],"build_version":"2020-12-22","purchased_purges":2,"victory":false,"max_hp_per_floor":[88,88,88,88,88,88,88,88,98,98,98,98,98,98,98,98,98,98,98,98,98,98,98,98,98,98,98,100,100,100,102,102,102,102,104,120,120,120,120,120,122,124,124,126,120,122,124,133,133,133,133],"card_choices":[{"not_picked":["Twin Strike","Clothesline"],"picked":"Anger","floor":1.0},{"not_picked":["Headbutt","Clothesline"],"picked":"Metallicize","floor":3.0},{"not_picked":["Rage","Barricade"],"picked":"Spot Weakness","floor":7.0},{"not_picked":["Combust","Heavy Blade"],"picked":"Iron Wave","floor":10.0},{"not_picked":["Combust","Carnage"],"picked":"True Grit","floor":11.0},{"not_picked":["Inflame","Warcry"],"picked":"Uppercut","floor":12.0},{"not_picked":["Rupture","Evolve","Perfected Strike"],"picked":"SKIP","floor":13.0},{"not_picked":["Impervious","Fiend Fire"],"picked":"Offering","floor":16},{"not_picked":["Wild Strike","Iron Wave"],"picked":"Carnage+1","floor":18},{"not_picked":["Body Slam","Warcry+1"],"picked":"Shrug It Off","floor":19},{"not_picked":["Double Tap","Clash"],"picked":"Pommel Strike","floor":20},{"not_picked":["Carnage","Body Slam","Seeing Red"],"picked":"Singing Bowl","floor":28},{"not_picked":["True Grit","Perfected Strike"],"picked":"Pommel Strike+1","floor":30},{"not_picked":["Sword Boomerang+1","Body Slam","Intimidate"],"picked":"Singing Bowl","floor":31},{"not_picked":["Double Tap","Corruption"],"picked":"Limit Break","floor":33},{"not_picked":["Sword Boomerang+1","Flex","Intimidate"],"picked":"Singing Bowl","floor":35},{"not_picked":["Carnage+1","Clash+1","Pommel Strike"],"picked":"Singing Bowl","floor":36},{"not_picked":["Iron Wave+1","Perfected Strike"],"picked":"Armaments+1","floor":39},{"not_picked":["Feel No Pain","Havoc+1","Thunderclap"],"picked":"Singing Bowl","floor":41},{"not_picked":["Havoc","Clothesline+1","Evolve+1"],"picked":"Singing Bowl","floor":42},{"not_picked":["Twin Strike","Flex","Rage"],"picked":"Singing Bowl","floor":44},{"not_picked":["Heavy Blade+1","Perfected Strike","Clothesline"],"picked":"Singing Bowl","floor":46},{"not_picked":["Enlightenment","Blind"],"picked":"Thinking Ahead","floor":47},{"not_picked":["Jack Of All Trades","Deep Breath","Bandage Up"],"picked":"Singing Bowl","floor":47},{"not_picked":["Body Slam+1","Seeing Red","Perfected Strike"],"picked":"Singing Bowl","floor":48}],"player_experience":229445,"relics_obtained":[{"floor":9.0,"key":"Pear"},{"floor":13.0,"key":"Turnip"},{"floor":24,"key":"Nilry\u0027s Codex"},{"floor":26,"key":"Singing Bowl"},{"floor":28,"key":"Juzu Bracelet"},{"floor":30,"key":"StoneCalendar"},{"floor":36,"key":"Mango"},{"floor":43,"key":"Bag of Preparation"},{"floor":44,"key":"Peace Pipe"},{"floor":48,"key":"Strawberry"}],"event_choices":[{"damage_healed":0.0,"max_hp_gain":0.0,"max_hp_loss":0.0,"gold_gain":0.0,"event_name":"Scrap Ooze","player_choice":"Success","floor":2.0,"gold_loss":0.0,"damage_taken":12.0,"relics_obtained":["HornCleat"]},{"damage_healed":0.0,"max_hp_gain":0.0,"max_hp_loss":0.0,"gold_gain":75.0,"event_name":"World of Goop","player_choice":"Gather Gold","floor":4.0,"gold_loss":0.0,"damage_taken":11.0},{"cards_removed":["Strike_R"],"damage_healed":0.0,"max_hp_gain":0.0,"max_hp_loss":0.0,"gold_gain":0.0,"event_name":"The Cleric","player_choice":"Card Removal","floor":5.0,"gold_loss":50.0,"damage_taken":0.0},{"damage_healed":0.0,"max_hp_gain":0.0,"max_hp_loss":0.0,"gold_gain":0.0,"event_name":"Liars Game","player_choice":"Ignored","floor":14.0,"gold_loss":0.0,"damage_taken":0.0},{"cards_removed":["Strike_R"],"damage_healed":0,"gold_gain":0,"player_choice":"Gave Gold","damage_taken":0,"max_hp_gain":0,"max_hp_loss":0,"event_name":"Beggar","floor":21,"gold_loss":75},{"damage_healed":0,"gold_gain":0,"player_choice":"Obtained Book","damage_taken":16,"max_hp_gain":0,"max_hp_loss":0,"event_name":"Cursed Tome","floor":24,"gold_loss":0},{"damage_healed":0,"gold_gain":0,"player_choice":"Ignored","damage_taken":0,"max_hp_gain":0,"max_hp_loss":0,"event_name":"The Mausoleum","floor":27,"gold_loss":0},{"damage_healed":0,"gold_gain":0,"player_choice":"Fight","damage_taken":0,"max_hp_gain":0,"max_hp_loss":0,"event_name":"Mysterious Sphere","floor":36,"gold_loss":0},{"cards_removed":["Defend_R"],"damage_healed":0,"gold_gain":0,"player_choice":"Removed Skill","damage_taken":0,"max_hp_gain":0,"max_hp_loss":0,"event_name":"Falling","floor":38,"gold_loss":0},{"damage_healed":0,"gold_gain":0,"player_choice":"Fight","damage_taken":0,"max_hp_gain":0,"max_hp_loss":0,"event_name":"MindBloom","floor":44,"gold_loss":0},{"damage_healed":0,"gold_gain":0,"player_choice":"Max HP","damage_taken":0,"max_hp_gain":0,"max_hp_loss":6,"event_name":"Winding Halls","floor":45,"gold_loss":0},{"damage_healed":0,"gold_gain":0,"player_choice":"Memory 2","damage_taken":5,"max_hp_gain":0,"max_hp_loss":0,"event_name":"SensoryStone","floor":47,"gold_loss":0}],"is_beta":false,"boss_relics":[{"not_picked":["Snecko Eye","Empty Cage"],"picked":"Philosopher\u0027s Stone"},{"not_picked":["Coffee Dripper","Black Star"],"picked":"Fusion Hammer"}],"items_purged_floors":[22,37],"is_endless":false,"potions_floor_spawned":[1,10,12,18,31,33,36,39,44,46],"killed_by":"Awakened One","ascension_level":8}}