{"host":"mykjnfgvckiyjptv","time":1610964845,"event":{"mods":["2.2 Compatiblity","Act Like it!","Aspiration","BaseMod","Better Altar","Better Third Choice","BetterRewards","Card Forge","Custom Start","Dio Mod","Energized Spire","GifTheSpireLib","Gold Saver","Halation","Hermit","Hubris","Hyrulean Relics","Jedi Mod","Minty Spire (QoL Compilation)","Pale of the Ancients","Practice Mode","Replay The Spire","Robot Space Explorer","Shade Mod","Small Relic Pack","Spicy Shops","Spikes Relics","StSLib","Stuff the Spire","vexMod"],"gold_per_floor":[1277,647,674,699,724,862,862,862,862,992,1017,1017,1017,1173,1173,1281,1281,1321,1321,1353,1213,1245,1385,1385,1411,1411,1638,1638,1638,1780,1814,1814,1955,1955,1977,1977,1221,1265,1265,1265,1325,914,939,939,992,1038,1208,511,511,553,599,644,644,197,197,285,285,233,233,305],"floor_reached":61,"language":"ENG","playtime":3711,"items_purged":[],"score":1775,"play_id":"a03f4850-4aa7-4c39-82d4-f07ef867a69a","local_time":"20210118041405","is_ascension_mode":true,"campfire_choices":[{"data":"RobotSpaceExplorer:Exploration","floor":8,"key":"SMITH"},{"floor":13,"key":"RECALL"},{"data":"RobotSpaceExplorer:Arsenal","floor":15,"key":"SMITH"},{"data":"RobotSpaceExplorer:Strike","floor":24,"key":"SMITH"},{"data":"Flash of Steel","floor":29,"key":"SMITH"},{"data":"RobotSpaceExplorer:Autoloader","floor":32,"key":"SMITH"},{"floor":40,"key":"REST"},{"data":"RobotSpaceExplorer:Explosion","floor":44,"key":"SMITH"},{"floor":49,"key":"DIG"},{"data":"RobotSpaceExplorer:Strike","floor":55,"key":"SMITH"},{"data":"RobotSpaceExplorer:Defend","floor":57,"key":"SMITH"}],"circlet_count":0,"master_deck":["RobotSpaceExplorer:Strike","RobotSpaceExplorer:Defend","RobotSpaceExplorer:Defend","RobotSpaceExplorer:Defend+2","RobotSpaceExplorer:Defend","RobotSpaceExplorer:Scan+1","RobotSpaceExplorer:MiniLasers+1","RobotSpaceExplorer:ScrapMissile+1","RobotSpaceExplorer:SlimeMissile+1","RobotSpaceExplorer:Arsenal+1","RobotSpaceExplorer:StunGrenade+1","RobotSpaceExplorer:Ammunition+1","RobotSpaceExplorer:SlimeMissile+1","RobotSpaceExplorer:PlasmaMissile+1","RobotSpaceExplorer:SlimeMissile+1","RobotSpaceExplorer:FrostMissile+1","RobotSpaceExplorer:ShockMissile+1","RobotSpaceExplorer:Ammunition+1","RobotSpaceExplorer:PlasmaMissile+1","RobotSpaceExplorer:Arsenal+1","RobotSpaceExplorer:Jetpack+1","RobotSpaceExplorer:TurboDodge+1","RobotSpaceExplorer:BigMissile+1","RobotSpaceExplorer:Reload+1","Flash of Steel+1","Finesse+1","RobotSpaceExplorer:FreezeRay+1","RobotSpaceExplorer:Autoloader+1","RobotSpaceExplorer:Explosion+1","Sadistic Nature+1","Enlightenment+1","RobotSpaceExplorer:DroneSwarm+1","Pot Of Greed+1","Pot Of Greed+1","Pot Of Greed+1"],"relics":["RobotSpaceExplorer:RoboCore","Hammer of Thor","Seething Fire","Anvil of the Gods","StuffTheSpire:TintedRock","Lantern","RobotSpaceExplorer:SlideRule","Replay:Bandana","ReplayTheSpireMod:CursedCoin","Question Card","Matryoshka","SnailShell","Ginger","Orrery","aspiration:HatOfInfinitePower","Anchor","jedi:crownofsimplicity","Meat on the Bone","Kunai","relicPack:AllForOne","StuffTheSpire:HeavyRock","Potion Belt","ChewingGum","jedi:shrinkray","hubris:CrystalStatue","aspiration:StickyExplosives_weak","Pet Ghost","Simple Rune","energizedSpire:MagnifyingGlass","OrangePellets","halation:StarCompass","halation:Thesaurus","ZombieTooth","vexMod:Dragonfruit","jedi:arcanewood","Grinning Jar","halation:Sosunser","StuffTheSpire:GrapeVine","RobotSpaceExplorer:ClockworkSextant","Happy Flower","RobotSpaceExplorer:FoglandsKnife","paleoftheancients:Timepiece","paleoftheancients:KeyRelic","Bronze Scales","CultistMask","paleoftheancients:SoulOfTheIroncluck","BargainBundle","Snack Pack"],"acts_visited":["Exordium","TheCity","TheBeyond","paleoftheancients:PaleOfTheAncients"],"potions_floor_usage":[16,16,16,16,23,33,33,50,50,51,60,60,60,60,60],"damage_taken":[{"damage":2,"enemies":"Small Slimes","floor":1,"turns":2},{"damage":0,"enemies":"Jaw Worm","floor":3,"turns":1},{"damage":0,"enemies":"Cultist","floor":4,"turns":2},{"damage":0,"enemies":"Lots of Slimes","floor":5,"turns":2},{"damage":0,"enemies":"Replay:BlueRogue","floor":6,"turns":4},{"damage":0,"enemies":"3 Sentries","floor":10,"turns":2},{"damage":0,"enemies":"Looter","floor":11,"turns":1},{"damage":0,"enemies":"Gremlin Nob","floor":14,"turns":2},{"damage":0,"enemies":"Hexaghost","floor":16,"turns":5},{"damage":0,"enemies":"2 Thieves","floor":18,"turns":1},{"damage":0,"enemies":"Chosen","floor":20,"turns":1},{"damage":0,"enemies":"3 Cultists","floor":22,"turns":4},{"damage":0,"enemies":"Book of Stabbing","floor":23,"turns":3},{"damage":0,"enemies":"Cultist and Chosen","floor":25,"turns":2},{"damage":0,"enemies":"Chosen and Byrds","floor":27,"turns":1},{"damage":0,"enemies":"Slavers","floor":30,"turns":2},{"damage":0,"enemies":"Centurion and Healer","floor":31,"turns":1},{"damage":0,"enemies":"StardustCrusaders","floor":33,"turns":5},{"damage":0,"enemies":"Orb Walker","floor":35,"turns":1},{"damage":30,"enemies":"3 Shapes","floor":38,"turns":3},{"damage":0,"enemies":"Writhing Mass","floor":41,"turns":3},{"damage":0,"enemies":"Spire Growth","floor":45,"turns":3},{"damage":0,"enemies":"Transient","floor":46,"turns":5},{"damage":0,"enemies":"R_Hoarder","floor":47,"turns":3},{"damage":8,"enemies":"Replay:Hell Engine","floor":50,"turns":5},{"damage":0,"enemies":"Replay:Hell Engine","floor":51,"turns":5},{"damage":0,"enemies":"Replay:Hell Engine","floor":52,"turns":4},{"damage":0,"enemies":"Replay:Hell Engine","floor":56,"turns":7},{"damage":6,"enemies":"paleoftheancients:N","floor":60,"turns":7}],"seed_played":"-6000168928505525084","potions_obtained":[{"floor":4,"key":"SteroidPotion"},{"floor":10,"key":"EntropicBrew"},{"floor":14,"key":"Milkshake"},{"floor":16,"key":"Milkshake"},{"floor":20,"key":"PowerPotion"},{"floor":22,"key":"jedi:StrikingPotion"},{"floor":23,"key":"LiquidBronze"},{"floor":45,"key":"Toxic Potion"}],"is_trial":false,"path_per_floor":["M","$","M","M","M","E","?","R","T","E","M","?","R","E","R","B",null,"M","?","M","$","M","E","R","M","T","M","?","R","E","M","R","B",null,"M","?","$","M","?","R","M","$","T","R","M","M","E","$","R","B","M","M","?","$","R","M","R","$","?","B",null],"character_chosen":"RobotSpaceExplorer","items_purchased":["RobotSpaceExplorer:ScrapMissile","RobotSpaceExplorer:SlimeMissile","StuffTheSpire:TintedRock","Lantern","RobotSpaceExplorer:Arsenal","RobotSpaceExplorer:StunGrenade","RobotSpaceExplorer:SlideRule","RobotSpaceExplorer:Ammunition","Replay:Bandana","ReplayTheSpireMod:CursedCoin","Question Card","Matryoshka","SnailShell","RobotSpaceExplorer:PlasmaMissile","RobotSpaceExplorer:SlimeMissile","Ginger","Orrery","jedi:shrinkray","RobotSpaceExplorer:TurboDodge","Sadistic Nature","Enlightenment","OrangePellets","halation:Thesaurus","vexMod:Dragonfruit","halation:Sosunser","StuffTheSpire:GrapeVine","RobotSpaceExplorer:ClockworkSextant","Happy Flower","Strength Potion","Strength Potion","BargainBundle","Snack Pack","Block Potion","Doom Potion","Languid Potion","Fire Potion"],"campfire_rested":1,"item_purchase_floors":[0,0,0,0,0,0,0,0,0,0,0,0,0,2,2,2,2,21,21,37,37,37,42,42,48,48,48,48,48,48,54,54,54,54,54,58],"current_hp_per_floor":[73,73,73,73,73,73,73,73,73,73,73,73,73,73,73,73,75,75,75,75,75,75,75,75,75,75,85,85,85,85,85,85,85,85,85,85,85,55,55,80,80,85,85,85,85,85,85,85,85,90,90,90,93,93,93,93,93,93,93,93],"gold":305,"neow_bonus":"","is_daily":false,"chose_seed":false,"campfire_upgraded":8,"win_rate":0.0,"timestamp":1610964845,"path_taken":["M","$","M","M","M","E","?","R","T","E","M","?","R","E","R","BOSS","M","?","?","$","?","E","R","M","T","M","?","R","E","M","R","BOSS","M","?","$","M","?","R","M","?","T","R","?","M","E","$","R","BOSS","M","M","?","$","R","M","R","$","?","BOSS"],"items_purchased_type":["Card","Card","Relic","Relic","Card","Card","Relic","Card","Relic","Relic","Relic","Relic","Relic","Card","Card","Relic","Relic","Relic","Card","Card","Card","Relic","Relic","Relic","Relic","Relic","Relic","Relic","Potion","Potion","Relic","Relic","Potion","Potion","Potion","Potion"],"build_version":"2020-12-22","purchased_purges":0,"victory":true,"max_hp_per_floor":[75,75,75,75,75,75,75,75,75,75,75,75,75,75,75,75,75,75,75,75,75,75,75,75,75,75,85,85,85,85,85,85,85,85,85,85,85,85,85,85,85,90,90,90,90,90,90,90,90,90,90,90,93,93,93,93,93,93,93,93],"card_choices":[{"not_picked":["RobotSpaceExplorer:Counterblock","RobotSpaceExplorer:GearShield","RobotSpaceExplorer:ShockKick"],"picked":"RobotSpaceExplorer:SlimeMissile","floor":1},{"not_picked":["RobotSpaceExplorer:Blitz","RobotSpaceExplorer:FreezingShield","RobotSpaceExplorer:ScrapMissile"],"picked":"RobotSpaceExplorer:FrostMissile","floor":2},{"not_picked":["RobotSpaceExplorer:GlueSpray","RobotSpaceExplorer:GearShield","RobotSpaceExplorer:Smokescreen"],"picked":"RobotSpaceExplorer:ShockMissile","floor":2},{"not_picked":["RobotSpaceExplorer:MetalStrike","RobotSpaceExplorer:Pulsar","RobotSpaceExplorer:DoubleBlock"],"picked":"RobotSpaceExplorer:Ammunition","floor":2},{"not_picked":["RobotSpaceExplorer:Ammunition","RobotSpaceExplorer:ScrapShield","RobotSpaceExplorer:Pulsar","RobotSpaceExplorer:ShockKick"],"picked":"SKIP","floor":3},{"not_picked":["RobotSpaceExplorer:MetalStrike","RobotSpaceExplorer:SurgingShield","RobotSpaceExplorer:GlueShot"],"picked":"RobotSpaceExplorer:Exploration","floor":4},{"not_picked":["RobotSpaceExplorer:SurgingShield","RobotSpaceExplorer:MakeshiftVolley","RobotSpaceExplorer:GlueSpray"],"picked":"RobotSpaceExplorer:PlasmaMissile","floor":5},{"not_picked":["RobotSpaceExplorer:StarDust","RobotSpaceExplorer:GearShield","RobotSpaceExplorer:Pulsar","RobotSpaceExplorer:FranticSearch"],"picked":"SKIP","floor":6},{"not_picked":["RobotSpaceExplorer:Wormhole","RobotSpaceExplorer:Probe","RobotSpaceExplorer:MiniDrones","RobotSpaceExplorer:ScrapShield"],"picked":"SKIP","floor":10},{"not_picked":["RobotSpaceExplorer:JunkDive","RobotSpaceExplorer:MakeshiftVolley","RobotSpaceExplorer:ScrapToss","RobotSpaceExplorer:StunGrenade"],"picked":"SKIP","floor":11},{"not_picked":["RobotSpaceExplorer:SurgingShield","RobotSpaceExplorer:LuckyStrike","RobotSpaceExplorer:Calculate"],"picked":"RobotSpaceExplorer:Arsenal","floor":14},{"not_picked":["RobotSpaceExplorer:Wormhole","RobotSpaceExplorer:Exploration","RobotSpaceExplorer:Asteroid"],"picked":"RobotSpaceExplorer:Multitool","floor":16},{"not_picked":["RobotSpaceExplorer:RigExplosive","RobotSpaceExplorer:FrostMissile+1","RobotSpaceExplorer:FranticSearch","RobotSpaceExplorer:DoubleBlock"],"picked":"SKIP","floor":18},{"not_picked":["RobotSpaceExplorer:MiniBoosters","RobotSpaceExplorer:LuckyStrike","RobotSpaceExplorer:JunkDive"],"picked":"RobotSpaceExplorer:Jetpack","floor":20},{"not_picked":["RobotSpaceExplorer:Pulsar","RobotSpaceExplorer:Smokescreen+1","RobotSpaceExplorer:Discharger+1","RobotSpaceExplorer:StunGrenade"],"picked":"SKIP","floor":22},{"not_picked":["RobotSpaceExplorer:ImprovisedAttack+1","RobotSpaceExplorer:MiniBoosters","RobotSpaceExplorer:MiniDrones"],"picked":"RobotSpaceExplorer:BigMissile+1","floor":23},{"not_picked":["RobotSpaceExplorer:SwiftStep","RobotSpaceExplorer:SlimeMissile","RobotSpaceExplorer:Counterblock"],"picked":"RobotSpaceExplorer:Reload+1","floor":25},{"not_picked":["RobotSpaceExplorer:FranticSearch","RobotSpaceExplorer:ShockKick","RobotSpaceExplorer:Electroshield+1","RobotSpaceExplorer:Discharger"],"picked":"SKIP","floor":27},{"not_picked":["RobotSpaceExplorer:StunGrenade","RobotSpaceExplorer:Counterblock","RobotSpaceExplorer:SurgingShield+1"],"picked":"RobotSpaceExplorer:FreezeRay+1","floor":30},{"not_picked":["RobotSpaceExplorer:SlimeMissile","RobotSpaceExplorer:Counterblock","RobotSpaceExplorer:GlueSpray"],"picked":"RobotSpaceExplorer:Autoloader","floor":31},{"not_picked":["RobotSpaceExplorer:BlastShield","RobotSpaceExplorer:Arsenal","RobotSpaceExplorer:Accelerator"],"picked":"RobotSpaceExplorer:Explosion","floor":33},{"not_picked":["RobotSpaceExplorer:SurgingStrike","RobotSpaceExplorer:ShovelStrike","RobotSpaceExplorer:Pulsar","RobotSpaceExplorer:ShockKick"],"picked":"SKIP","floor":35},{"not_picked":["RobotSpaceExplorer:FrostMissile","RobotSpaceExplorer:MiniBoosters+1","RobotSpaceExplorer:MetalStrike+1","RobotSpaceExplorer:Ammunition+1"],"picked":"SKIP","floor":38},{"not_picked":["RobotSpaceExplorer:ShockKick+1","RobotSpaceExplorer:ImprovisedAttack","RobotSpaceExplorer:FrostMissile+1"],"picked":"RobotSpaceExplorer:DroneSwarm","floor":41},{"not_picked":["RobotSpaceExplorer:StunGrenade","RobotSpaceExplorer:Blitz","RobotSpaceExplorer:FranticSearch","RobotSpaceExplorer:ShockKick+1"],"picked":"SKIP","floor":45},{"not_picked":["RobotSpaceExplorer:MiniDrones","RobotSpaceExplorer:Fix","RobotSpaceExplorer:FrostMissile","RobotSpaceExplorer:FreezeRay"],"picked":"SKIP","floor":46},{"not_picked":["RobotSpaceExplorer:GlueShot+1","RobotSpaceExplorer:SwiftStep","RobotSpaceExplorer:StunGrenade","RobotSpaceExplorer:Blitz+1"],"picked":"SKIP","floor":47},{"not_picked":["RobotSpaceExplorer:StunGrenade","RobotSpaceExplorer:ScrapToss","RobotSpaceExplorer:DoubleFind","RobotSpaceExplorer:BigMissile"],"picked":"SKIP","floor":51},{"not_picked":["RobotSpaceExplorer:Ammunition+1","RobotSpaceExplorer:SwiftStep+1","RobotSpaceExplorer:FrostMissile","RobotSpaceExplorer:Exploration"],"picked":"SKIP","floor":52},{"not_picked":["RobotSpaceExplorer:ShovelStrike+1","RobotSpaceExplorer:DoubleBlock","RobotSpaceExplorer:Blitz+1","RobotSpaceExplorer:SlimeMissile+1"],"picked":"SKIP","floor":56}],"player_experience":448358,"relics_obtained":[{"floor":6,"key":"aspiration:HatOfInfinitePower"},{"floor":9,"key":"jedi:crownofsimplicity"},{"floor":9,"key":"Meat on the Bone"},{"floor":10,"key":"Kunai"},{"floor":14,"key":"StuffTheSpire:HeavyRock"},{"floor":16,"key":"Potion Belt"},{"floor":23,"key":"hubris:CrystalStatue"},{"floor":26,"key":"aspiration:StickyExplosives_weak"},{"floor":30,"key":"Simple Rune"},{"floor":43,"key":"jedi:arcanewood"},{"floor":47,"key":"Grinning Jar"},{"floor":49,"key":"RobotSpaceExplorer:FoglandsKnife"},{"floor":51,"key":"paleoftheancients:SoulOfTheIroncluck"},{"floor":56,"key":"paleoftheancients:SoulOfTheShrineMaiden"}],"event_choices":[{"damage_healed":0,"gold_gain":0,"player_choice":"Ignored","damage_taken":0,"max_hp_gain":0,"max_hp_loss":0,"event_name":"Tomb of Lord Red Mask","floor":36,"gold_loss":0}],"is_beta":false,"boss_relics":[{"not_picked":["jedi:paperlyon","vexMod:MegatonBomb"],"picked":"ChewingGum"},{"not_picked":["Runic Pyramid","vexMod:BigBerry"],"picked":"energizedSpire:MagnifyingGlass"}],"items_purged_floors":[],"is_endless":false,"potions_floor_spawned":[4,10,14,16,20,22,23,45],"ascension_level":1}}