{"host":"7qqg3hyzrz6apiso","time":1610992319,"event":{"mods":["AchievementEnabler","BaseMod","Better Debug","Colored Map","Colored Powertips","KOR Keyword Fix","Keyboard Shortcuts","Minty Spire (QoL Compilation)","Permanent Neow","Quick Restart","StSLib","SuperFastMode"],"gold_per_floor":[119,119,6,31,50,84,84,159,159,159,182,182,182,26,26,26,26],"floor_reached":16,"language":"KOR","playtime":614,"items_purged":["Normality"],"score":127,"play_id":"f1c4a093-f11e-4aeb-9244-6626366bb23a","local_time":"20210119025159","is_ascension_mode":true,"campfire_choices":[{"data":"Mayhem","floor":7.0,"key":"SMITH"},{"data":"Self Repair","floor":10.0,"key":"SMITH"},{"floor":12.0,"key":"REST"},{"data":"Buffer","floor":15,"key":"SMITH"}],"circlet_count":0,"master_deck":["Strike_B","Strike_B","Strike_B","Strike_B","Defend_B","Defend_B","Defend_B","Defend_B","Zap","Dualcast","Mayhem+1","Injury","Self Repair+1","Stack","Go for the Eyes","Leap","Coolheaded","Buffer+1","Glacier","Gash","Ball Lightning"],"relics":["Cracked Core","Golden Idol","TungstenRod","Dead Branch","Orrery"],"acts_visited":["Exordium"],"potions_floor_usage":[],"damage_taken":[{"damage":3.0,"enemies":"Small Slimes","floor":1.0,"turns":4.0},{"damage":9.0,"enemies":"2 Louse","floor":4.0,"turns":4.0},{"damage":14.0,"enemies":"Jaw Worm","floor":5.0,"turns":4.0},{"damage":26.0,"enemies":"Lagavulin","floor":6.0,"turns":6.0},{"damage":18.0,"enemies":"Lots of Slimes","floor":11.0,"turns":5.0},{"damage":42,"enemies":"Hexaghost","floor":16,"turns":16}],"seed_played":"-8069604104967460303","potions_obtained":[{"floor":1.0,"key":"EssenceOfDarkness"},{"floor":4.0,"key":"FocusPotion"}],"is_trial":false,"path_per_floor":["M","?","$","M","M","E","R","?","T","R","M","R","?","$","R","B"],"character_chosen":"DEFECT","items_purchased":["Self Repair","Orrery"],"campfire_rested":1,"item_purchase_floors":[3,14],"current_hp_per_floor":[65,65,65,63,56,37,37,27,27,27,19,41,41,41,41,0,0],"gold":26,"neow_bonus":"RANDOM_COLORLESS_2","is_daily":false,"chose_seed":false,"campfire_upgraded":3,"win_rate":0.0,"timestamp":1610992319,"path_taken":["M","?","$","M","M","E","R","?","T","R","M","R","?","$","R","BOSS"],"items_purchased_type":["Card","Relic"],"build_version":"2020-12-22","purchased_purges":1,"victory":false,"max_hp_per_floor":[75,75,75,75,75,75,75,75,75,75,75,75,75,75,75,75,75],"card_choices":[{"not_picked":["Thinking Ahead","The Bomb"],"picked":"Mayhem","floor":0.0},{"not_picked":["Steam","Rebound","Heatsinks"],"picked":"SKIP","floor":1.0},{"not_picked":["Rip and Tear","Darkness"],"picked":"Stack","floor":4.0},{"not_picked":["Reinforced Body","FTL"],"picked":"Go for the Eyes","floor":5.0},{"not_picked":["Multi-Cast","Redo","Scrape"],"picked":"SKIP","floor":6.0},{"not_picked":["Compile Driver","Sweeping Beam"],"picked":"Leap","floor":11.0},{"not_picked":["Streamline","Compile Driver"],"picked":"Coolheaded","floor":14},{"not_picked":["Steam","Barrage"],"picked":"Buffer","floor":14},{"not_picked":["Machine Learning","Loop"],"picked":"Glacier","floor":14},{"not_picked":["Steam","BootSequence"],"picked":"Gash","floor":14},{"not_picked":["Cold Snap","Steam Power"],"picked":"Ball Lightning","floor":14}],"player_experience":236982,"relics_obtained":[{"floor":6.0,"key":"TungstenRod"},{"floor":9.0,"key":"Dead Branch"}],"event_choices":[{"damage_healed":0.0,"max_hp_gain":0.0,"max_hp_loss":0.0,"gold_gain":0.0,"event_name":"Golden Idol","player_choice":"Take Wound","floor":2.0,"gold_loss":0.0,"damage_taken":0.0,"relics_obtained":["Golden Idol"],"cards_obtained":["Injury"]},{"damage_healed":0.0,"max_hp_gain":0.0,"max_hp_loss":0.0,"gold_gain":75.0,"event_name":"World of Goop","player_choice":"Gather Gold","floor":8.0,"gold_loss":0.0,"damage_taken":11.0},{"damage_healed":0,"gold_gain":0,"player_choice":"Leave","damage_taken":0,"max_hp_gain":0,"max_hp_loss":0,"event_name":"FaceTrader","floor":13,"gold_loss":0}],"is_beta":false,"boss_relics":[],"items_purged_floors":[3],"is_endless":false,"potions_floor_spawned":[1,4],"killed_by":"Hexaghost","ascension_level":6}}