{"host":"9jj9tzo2iym4bpat","time":1610945341,"event":{"mods":["Act Like it!","BaseMod","CapriCore","Colored Map","Dark Map","Luminous","Minty Spire (QoL Compilation)","Permanent Neow","StSLib","Td1madao Mod","The Animator","The Immortal","The Marked","The Servant 0.9.4","Yakumo Yukari mod"],"gold_per_floor":[109,123,198,124,143,143,155,155,179,211,211,221,232,257,257,352,652,667,49,59,25,25,25,25,25,25,44,60,60,60],"floor_reached":29,"language":"ENG","playtime":931,"items_purged":[],"score":270,"play_id":"093dc1c4-9867-46ea-908b-61f2aeb84ebe","local_time":"20210117224901","is_ascension_mode":true,"campfire_choices":[{"floor":6,"key":"REST"},{"floor":11,"key":"REST"},{"floor":15,"key":"REST"},{"floor":25,"key":"REST"}],"circlet_count":0,"master_deck":["Strike_G+1","Strike_G","Strike_G","Strike_G+1","Strike_G","Defend_G","Defend_G","Defend_G","Defend_G+1","Defend_G","Survivor","Neutralize","Leg Sweep","Infinite Blades+1","Deflect","Deflect","Masterful Stab","Phantasmal Killer","Bullet Time","CurseOfTheBell","Slice","Accuracy","Cloak And Dagger","Backstab","Cloak And Dagger+1"],"relics":["Ring of the Snake","Whetstone","Strawberry","Ancient Tea Set","Pen Nib","Calling Bell","Orichalcum","Darkstone Periapt","Old Coin","Shuriken","Mercury Hourglass","Shovel"],"acts_visited":["Exordium","TheCity"],"potions_floor_usage":[16,16,27,28],"damage_taken":[{"damage":0,"enemies":"Small Slimes","floor":1,"turns":3},{"damage":0,"enemies":"Jaw Worm","floor":2,"turns":4},{"damage":2,"enemies":"2 Louse","floor":5,"turns":3},{"damage":4,"enemies":"Blue Slaver","floor":7,"turns":7},{"damage":22,"enemies":"Lagavulin","floor":10,"turns":11},{"damage":0,"enemies":"3 Louse","floor":12,"turns":2},{"damage":30,"enemies":"Exordium Thugs","floor":13,"turns":5},{"damage":15,"enemies":"The Guardian","floor":16,"turns":16},{"damage":27,"enemies":"3 Byrds","floor":18,"turns":10},{"damage":19,"enemies":"Spheric Guardian","floor":20,"turns":4},{"damage":12,"enemies":"Snake Plant","floor":27,"turns":3},{"damage":6,"enemies":"Centurion and Healer","floor":28,"turns":6},{"damage":19,"enemies":"Sentry and Sphere","floor":29,"turns":3}],"seed_played":"-7844131157127881274","potions_obtained":[{"floor":2,"key":"FearPotion"},{"floor":7,"key":"Block Potion"},{"floor":10,"key":"Energy Potion"},{"floor":20,"key":"DistilledChaos"}],"is_trial":false,"path_per_floor":["M","M","?","$","M","R","M","?","T","E","R","M","M","T","R","B",null,"M","$","M","$","?","?","?","R","T","M","M","M"],"character_chosen":"THE_SILENT","items_purchased":["Infinite Blades","Shuriken","Accuracy","Mercury Hourglass","Cloak And Dagger","Backstab"],"campfire_rested":4,"item_purchase_floors":[4,19,19,19,19,21],"current_hp_per_floor":[70,70,59,59,57,70,66,52,59,37,60,60,30,30,53,38,77,50,50,31,31,31,17,11,35,35,23,17,0,0],"gold":60,"neow_bonus":"RANDOM_COMMON_RELIC","is_daily":false,"chose_seed":false,"campfire_upgraded":0,"win_rate":0.0,"timestamp":1610945341,"path_taken":["M","M","?","$","M","R","M","?","T","E","R","M","M","?","R","BOSS","M","$","M","$","?","?","?","R","T","M","M","M"],"items_purchased_type":["Card","Relic","Card","Relic","Card","Card"],"build_version":"2020-12-22","purchased_purges":0,"victory":false,"max_hp_per_floor":[70,70,70,70,70,70,70,70,77,77,77,77,77,77,77,77,77,77,77,77,77,77,82,82,82,82,82,82,82,82],"card_choices":[{"not_picked":["Underhanded Strike","All Out Attack"],"picked":"Leg Sweep","floor":1},{"not_picked":["Prepared","Noxious Fumes","All Out Attack"],"picked":"SKIP","floor":2},{"not_picked":["Outmaneuver","Caltrops"],"picked":"Deflect","floor":5},{"not_picked":["Poisoned Stab","Dodge and Roll"],"picked":"Deflect","floor":7},{"not_picked":["Deflect","Dagger Throw"],"picked":"Masterful Stab","floor":10},{"not_picked":["Crippling Poison","Bane"],"picked":"Phantasmal Killer","floor":12},{"not_picked":["Heel Hook","Deadly Poison","Predator"],"picked":"SKIP","floor":13},{"not_picked":["Doppelganger","Die Die Die"],"picked":"Bullet Time","floor":16},{"not_picked":["Skewer","Noxious Fumes"],"picked":"Slice","floor":18},{"not_picked":["Poisoned Stab","All Out Attack","Backflip"],"picked":"SKIP","floor":20},{"not_picked":["Sucker Punch","Quick Slash"],"picked":"Cloak And Dagger+1","floor":27},{"not_picked":["PiercingWail","Deadly Poison","Bane+1"],"picked":"SKIP","floor":28}],"player_experience":275592,"relics_obtained":[{"floor":9,"key":"Strawberry"},{"floor":10,"key":"Ancient Tea Set"},{"floor":14,"key":"Pen Nib"},{"floor":17,"key":"Orichalcum"},{"floor":17,"key":"Darkstone Periapt"},{"floor":17,"key":"Old Coin"},{"floor":26,"key":"Shovel"}],"event_choices":[{"damage_healed":0,"gold_gain":75,"player_choice":"Gather Gold","damage_taken":11,"max_hp_gain":0,"max_hp_loss":0,"event_name":"World of Goop","floor":3,"gold_loss":0},{"damage_healed":0,"gold_gain":0,"player_choice":"Entered Light","damage_taken":14,"max_hp_gain":0,"max_hp_loss":0,"event_name":"Shining Light","floor":8,"gold_loss":0,"cards_upgraded":["Defend_G","Infinite Blades"]},{"damage_healed":0,"gold_gain":0,"player_choice":"Ignored","damage_taken":0,"max_hp_gain":0,"max_hp_loss":0,"event_name":"Cursed Tome","floor":22,"gold_loss":0},{"damage_healed":0,"gold_gain":0,"player_choice":"Shed Blood","damage_taken":19,"max_hp_gain":5,"max_hp_loss":0,"event_name":"Forgotten Altar","floor":23,"gold_loss":0},{"damage_healed":0,"gold_gain":0,"player_choice":"","damage_taken":6,"max_hp_gain":0,"max_hp_loss":0,"event_name":"Knowing Skull","floor":24,"potions_obtained":[],"gold_loss":0,"cards_obtained":[]}],"is_beta":false,"boss_relics":[{"not_picked":["Empty Cage","Coffee Dripper"],"picked":"Calling Bell"}],"items_purged_floors":[],"is_endless":false,"potions_floor_spawned":[2,7,10,12,20],"killed_by":"Sentry and Sphere","ascension_level":4}}