{"host":"v16t4fbv9yk4gg06","time":1610970575,"event":{"mods":["BaseMod","Bestiary","Dark Map","Fox Events","Minty Spire (QoL Compilation)","Robot Space Explorer","Spicy Shops","StSLib","Thieving Mod"],"gold_per_floor":[15,30,54,70,80,110,110,124,151,151,172,172,200,211,211,309,309,323,339,353,353,353,353,353],"floor_reached":23,"language":"ENG","playtime":1253,"items_purged":[],"score":203,"play_id":"7fa172a5-6660-48ed-b5b3-45e9dd16061b","local_time":"20210118124935","is_ascension_mode":false,"campfire_choices":[{"floor":7,"key":"REST"},{"data":"RobotSpaceExplorer:StarDust","floor":10,"key":"SMITH"},{"floor":15,"key":"REST"}],"circlet_count":0,"master_deck":["RobotSpaceExplorer:Strike","RobotSpaceExplorer:Strike","RobotSpaceExplorer:Strike","RobotSpaceExplorer:Strike","RobotSpaceExplorer:Defend","RobotSpaceExplorer:Defend","RobotSpaceExplorer:Defend","RobotSpaceExplorer:Defend","RobotSpaceExplorer:Scan","RobotSpaceExplorer:MiniLasers","RobotSpaceExplorer:ToxicBomb","RobotSpaceExplorer:StunGrenade","RobotSpaceExplorer:LaserBurst","RobotSpaceExplorer:TurboDodge","RobotSpaceExplorer:StarDust+1","RobotSpaceExplorer:Pulsar","RobotSpaceExplorer:MiniBoosters","RobotSpaceExplorer:Smokescreen","RobotSpaceExplorer:DroneSwarm","RobotSpaceExplorer:MakeshiftVolley+1"],"relics":["RobotSpaceExplorer:RoboCore","Peace Pipe","Pen Nib","Art of War","Anchor","Odd Mushroom","Smiling Mask","Black Star","Nilry\u0027s Codex","Matryoshka"],"acts_visited":["Exordium","TheCity"],"potions_floor_usage":[6,14,16,23],"damage_taken":[{"damage":0,"enemies":"Cultist","floor":1,"turns":5},{"damage":5,"enemies":"Small Slimes","floor":2,"turns":5},{"damage":1,"enemies":"Jaw Worm","floor":4,"turns":5},{"damage":18,"enemies":"Exordium Wildlife","floor":5,"turns":5},{"damage":6,"enemies":"3 Sentries","floor":6,"turns":5},{"damage":14,"enemies":"Lots of Slimes","floor":8,"turns":3},{"damage":32,"enemies":"The Mushroom Lair","floor":11,"turns":4},{"damage":20,"enemies":"Gremlin Nob","floor":13,"turns":5},{"damage":0,"enemies":"Blue Slaver","floor":14,"turns":5},{"damage":7,"enemies":"The Guardian","floor":16,"turns":8},{"damage":15,"enemies":"Spheric Guardian","floor":18,"turns":6},{"damage":7,"enemies":"Chosen","floor":19,"turns":5},{"damage":30,"enemies":"Centurion and Healer","floor":20,"turns":7},{"damage":36,"enemies":"Gremlin Leader","floor":23,"turns":8}],"seed_played":"1639349831649783693","potions_obtained":[{"floor":1,"key":"FairyPotion"},{"floor":2,"key":"Block Potion"},{"floor":5,"key":"Energy Potion"},{"floor":8,"key":"ColorlessPotion"},{"floor":19,"key":"SteroidPotion"}],"is_trial":false,"path_per_floor":["M","M","T","M","M","E","R","M","T","R","?","?","E","M","R","B",null,"M","M","M","?","T","E"],"character_chosen":"RobotSpaceExplorer","items_purchased":[],"campfire_rested":2,"item_purchase_floors":[],"current_hp_per_floor":[75,70,70,69,51,45,67,53,53,53,21,21,1,1,23,16,75,60,53,23,7,7,0,0],"gold":353,"neow_bonus":"ONE_RARE_RELIC","is_daily":false,"chose_seed":false,"campfire_upgraded":1,"win_rate":0.0,"timestamp":1610970575,"path_taken":["M","M","?","M","M","E","R","M","T","R","?","?","E","M","R","BOSS","M","M","?","?","?","E"],"items_purchased_type":[],"build_version":"2020-12-22","purchased_purges":0,"victory":false,"max_hp_per_floor":[75,75,75,75,75,75,75,75,75,75,75,75,75,75,75,75,75,75,75,75,75,75,75,75],"card_choices":[{"not_picked":["RobotSpaceExplorer:SurgingShield","RobotSpaceExplorer:FreezeRay"],"picked":"RobotSpaceExplorer:ToxicBomb","floor":1},{"not_picked":["RobotSpaceExplorer:Fix","RobotSpaceExplorer:Electropulse"],"picked":"RobotSpaceExplorer:StunGrenade","floor":2},{"not_picked":["RobotSpaceExplorer:MiniDrones","RobotSpaceExplorer:ShockKick"],"picked":"RobotSpaceExplorer:LaserBurst","floor":4},{"not_picked":["RobotSpaceExplorer:SurgingStrike","RobotSpaceExplorer:SurgingShield"],"picked":"RobotSpaceExplorer:TurboDodge","floor":5},{"not_picked":["RobotSpaceExplorer:Pulsar","RobotSpaceExplorer:FrostMissile"],"picked":"RobotSpaceExplorer:StarDust","floor":6},{"not_picked":["RobotSpaceExplorer:MiniDrones","RobotSpaceExplorer:Comet"],"picked":"RobotSpaceExplorer:Pulsar","floor":8},{"not_picked":["RobotSpaceExplorer:GlueShot","RobotSpaceExplorer:RigExplosive"],"picked":"RobotSpaceExplorer:MiniBoosters","floor":11},{"not_picked":["RobotSpaceExplorer:Probe","RobotSpaceExplorer:MetalStrike"],"picked":"RobotSpaceExplorer:Smokescreen","floor":13},{"not_picked":["RobotSpaceExplorer:ScrapToss","RobotSpaceExplorer:Ammunition","RobotSpaceExplorer:SwiftStep"],"picked":"SKIP","floor":14},{"not_picked":["RobotSpaceExplorer:Blaster","RobotSpaceExplorer:Multitool"],"picked":"RobotSpaceExplorer:DroneSwarm","floor":16},{"not_picked":["RobotSpaceExplorer:FranticSearch","RobotSpaceExplorer:FrostMissile"],"picked":"RobotSpaceExplorer:MakeshiftVolley+1","floor":18},{"not_picked":["RobotSpaceExplorer:SwiftStep","RobotSpaceExplorer:TurboDodge","RobotSpaceExplorer:ScrapMissile+1"],"picked":"SKIP","floor":19},{"not_picked":["RobotSpaceExplorer:GlueShot","RobotSpaceExplorer:ScrapMissile","RobotSpaceExplorer:Counterblock"],"picked":"SKIP","floor":20}],"player_experience":286084,"relics_obtained":[{"floor":3,"key":"Pen Nib"},{"floor":6,"key":"Art of War"},{"floor":9,"key":"Anchor"},{"floor":11,"key":"Odd Mushroom"},{"floor":13,"key":"Smiling Mask"},{"floor":21,"key":"Nilry\u0027s Codex"},{"floor":22,"key":"Matryoshka"}],"event_choices":[{"damage_healed":0,"gold_gain":0,"player_choice":"Fought Mushrooms","damage_taken":0,"max_hp_gain":0,"max_hp_loss":0,"event_name":"Mushrooms","floor":11,"gold_loss":0},{"damage_healed":0,"gold_gain":0,"player_choice":"Ignored","damage_taken":0,"max_hp_gain":0,"max_hp_loss":0,"event_name":"NoteForYourself","floor":12,"gold_loss":0},{"damage_healed":0,"gold_gain":0,"player_choice":"Obtained Book","damage_taken":16,"max_hp_gain":0,"max_hp_loss":0,"event_name":"Cursed Tome","floor":21,"gold_loss":0}],"is_beta":false,"boss_relics":[{"not_picked":["Ectoplasm","Fusion Hammer"],"picked":"Black Star"}],"items_purged_floors":[],"is_endless":false,"potions_floor_spawned":[1,2,5,8,19],"killed_by":"Gremlin Leader","ascension_level":0}}