{"host":"6749gst1gzuv21qf","time":1610937758,"event":{"mods":["BaseMod","Better Altar","Better Match","Better Note","Better Sensory Stone","Better Skull","Better Third Choice","BetterRewards","Colored Map","Colored Powertips","Downfall","Hermit","Highlight Path","Minty Spire (QoL Compilation)","Permanent Neow","Shop Mod","Spicy Shops","StSLib","The Cursed"],"gold_per_floor":[99,116,131,116,566,596,596,619,637,637,637],"floor_reached":10,"language":"ENG","playtime":631,"items_purged":[],"score":66,"play_id":"5382474b-2c25-44fb-a46e-f49308110af3","local_time":"20210117214238","is_ascension_mode":false,"campfire_choices":[{"data":"bronze:Goto","floor":1,"key":"SMITH"}],"circlet_count":0,"master_deck":["bronze:Strike","bronze:Strike","bronze:Strike","bronze:Strike","bronze:Defend","bronze:Defend","bronze:Defend","bronze:Defend","bronze:Replicate","bronze:Goto+1","bronze:Iterate","bronze:Return","bronze:ForceShield","downfall:Icky","downfall:Icky","downfall:Icky","bronze:Fortify","bronze:WhirlingStrike","bronze:Allocate"],"relics":["bronze:BronzeCore","PreservedInsect","Akabeko","Odd Mushroom"],"acts_visited":["Exordium"],"potions_floor_usage":[10,10],"damage_taken":[{"damage":5,"enemies":"Small Slimes","floor":2,"turns":3},{"damage":1,"enemies":"Cultist","floor":3,"turns":3},{"damage":0,"enemies":"downfall:FleeingMerchant","floor":4,"turns":4},{"damage":33,"enemies":"Gremlin Nob","floor":6,"turns":4},{"damage":9,"enemies":"The Mushroom Lair","floor":8,"turns":4},{"damage":11,"enemies":"Jaw Worm","floor":9,"turns":3},{"damage":15,"enemies":"Lagavulin","floor":10,"turns":5}],"seed_played":"8517469672159610674","potions_obtained":[{"floor":2,"key":"sneckomod:MuddlingPotion"},{"floor":8,"key":"SneckoOil"},{"floor":9,"key":"Strength Potion"}],"is_trial":false,"path_per_floor":["R","M","M","$","?","E","T","?","M","E"],"character_chosen":"THE_AUTOMATON","items_purchased":[],"campfire_rested":0,"item_purchase_floors":[],"current_hp_per_floor":[70,65,64,64,64,31,31,22,11,0,0],"gold":637,"neow_bonus":"RANDOM_COMMON_RELIC","is_daily":false,"chose_seed":false,"campfire_upgraded":1,"win_rate":0.0,"timestamp":1610937758,"path_taken":["R","M","M","$","?","E","T","?","M","E"],"items_purchased_type":[],"build_version":"2020-12-22","purchased_purges":0,"victory":false,"max_hp_per_floor":[70,70,70,70,70,70,70,70,70,70,70],"card_choices":[{"not_picked":["bronze:NullPointer","bronze:BitShift"],"picked":"bronze:Iterate","floor":2},{"not_picked":["bronze:Constructor","bronze:Overheat"],"picked":"bronze:Return","floor":3},{"not_picked":["bronze:Frontload","bronze:DelayedGuard"],"picked":"bronze:ForceShield","floor":4},{"not_picked":["bronze:ForLoop","bronze:OilSpill"],"picked":"bronze:Fortify","floor":6},{"not_picked":["bronze:OilSpill","bronze:FineTuning"],"picked":"bronze:WhirlingStrike","floor":8},{"not_picked":["bronze:GetLatest","bronze:CutThrough"],"picked":"bronze:Allocate","floor":9}],"player_experience":709333,"relics_obtained":[{"floor":6,"key":"Akabeko"},{"floor":8,"key":"Odd Mushroom"}],"event_choices":[{"damage_healed":0,"gold_gain":0,"player_choice":"Fought Mushrooms","damage_taken":0,"max_hp_gain":0,"max_hp_loss":0,"event_name":"Mushrooms","floor":8,"gold_loss":0}],"is_beta":false,"boss_relics":[],"items_purged_floors":[],"is_endless":false,"potions_floor_spawned":[2,8,9],"killed_by":"Lagavulin","ascension_level":0}}