{"host":"6z37w3v1wo6fteqs","time":1610950841,"event":{"mods":["AchievementEnabler","BaseMod","Minty Spire (QoL Compilation)","Relic Stats"],"gold_per_floor":[117,134,134,59,73,73,106,125,148,148,191,209,209,103,103,224,224,249,349,349,362,132,132,170,170,196,196,211,126,144,162,162,291,291,311,170,190,5,26,26,66,66,66,66,106,0,0,0,0,0],"floor_reached":51,"language":"ENG","playtime":3460,"items_purged":["Strike_R","Strike_R"],"score":756,"play_id":"edaa6632-bc30-4ed5-8132-e79af784a46e","local_time":"20210117222041","is_ascension_mode":false,"campfire_choices":[{"data":"Clothesline","floor":6,"key":"SMITH"},{"data":"Hemokinesis","floor":10,"key":"SMITH"},{"data":"Bash","floor":13,"key":"SMITH"},{"data":"Inflame","floor":15,"key":"SMITH"},{"data":"Inflame","floor":23,"key":"SMITH"},{"data":"True Grit","floor":25,"key":"SMITH"},{"data":"Sword Boomerang","floor":27,"key":"SMITH"},{"data":"Shockwave","floor":32,"key":"SMITH"},{"data":"Master of Strategy","floor":40,"key":"SMITH"},{"data":"Shrug It Off","floor":44,"key":"SMITH"},{"data":"Shrug It Off","floor":49,"key":"SMITH"}],"circlet_count":0,"master_deck":["Strike_R","Strike_R","Defend_R","Defend_R+1","Defend_R","Defend_R+1","Bash+1","Clothesline+1","Hemokinesis+1","Inflame+1","Shockwave+1","Reaper","Ghostly Armor","Sword Boomerang+1","Reaper","Sword Boomerang+1","Shrug It Off+1","Inflame+1","True Grit+1","PanicButton","Flame Barrier+1","Offering","Cleave+1","Dark Shackles","Shrug It Off+1","Battle Trance+1","Master of Strategy+1","Clothesline+1","Burning Pact+1","Impervious","Dark Shackles"],"relics":["Burning Blood","Golden Idol","Juzu Bracelet","Centennial Puzzle","War Paint","Velvet Choker","Mercury Hourglass","Toy Ornithopter","Lantern","Cursed Key","Question Card","Pear","Red Mask"],"acts_visited":["Exordium","TheCity","TheBeyond"],"potions_floor_usage":[16,16,24,50],"damage_taken":[{"damage":5,"enemies":"Jaw Worm","floor":1,"turns":5},{"damage":6,"enemies":"2 Louse","floor":2,"turns":3},{"damage":3,"enemies":"Cultist","floor":5,"turns":5},{"damage":32,"enemies":"3 Sentries","floor":7,"turns":7},{"damage":10,"enemies":"Blue Slaver","floor":8,"turns":4},{"damage":12,"enemies":"Gremlin Nob","floor":11,"turns":3},{"damage":2,"enemies":"Looter","floor":12,"turns":3},{"damage":37,"enemies":"The Guardian","floor":16,"turns":10},{"damage":23,"enemies":"2 Thieves","floor":18,"turns":4},{"damage":2,"enemies":"3 Byrds","floor":21,"turns":5},{"damage":17,"enemies":"Book of Stabbing","floor":24,"turns":6},{"damage":2,"enemies":"Centurion and Healer","floor":28,"turns":5},{"damage":0,"enemies":"Snecko","floor":30,"turns":3},{"damage":12,"enemies":"Shelled Parasite and Fungi","floor":31,"turns":4},{"damage":9,"enemies":"Champ","floor":33,"turns":9},{"damage":6,"enemies":"Orb Walker","floor":35,"turns":2},{"damage":2,"enemies":"3 Shapes","floor":37,"turns":3},{"damage":8,"enemies":"Spire Growth","floor":39,"turns":4},{"damage":4,"enemies":"Giant Head","floor":41,"turns":6},{"damage":8,"enemies":"Reptomancer","floor":45,"turns":6},{"damage":52,"enemies":"Awakened One","floor":50,"turns":16}],"seed_played":"-2227362675427613769","potions_obtained":[{"floor":2,"key":"EssenceOfSteel"},{"floor":5,"key":"DuplicationPotion"},{"floor":12,"key":"Fire Potion"},{"floor":16,"key":"SneckoOil"},{"floor":21,"key":"Fire Potion"},{"floor":30,"key":"SmokeBomb"},{"floor":31,"key":"Energy Potion"},{"floor":41,"key":"Ancient Potion"}],"is_trial":false,"path_per_floor":["M","M","?","$","M","R","E","M","T","R","E","M","R","$","R","B",null,"M","?","?","M","$","R","E","R","T","R","M","?","M","M","R","B",null,"M","$","M","$","M","R","E","?","T","R","E","?","?","?","R","B",null],"character_chosen":"IRONCLAD","items_purchased":["Ghostly Armor","Sword Boomerang","True Grit","PanicButton","Dark Shackles","Shrug It Off","Master of Strategy"],"campfire_rested":0,"item_purchase_floors":[14,14,22,22,36,36,38],"current_hp_per_floor":[80,80,60,60,63,63,37,33,33,33,27,31,31,31,31,20,80,69,69,69,80,80,80,69,69,69,69,80,80,80,79,79,76,80,80,80,80,80,80,80,80,76,76,76,86,86,86,76,76,56],"gold":0,"neow_bonus":"","is_daily":false,"chose_seed":false,"campfire_upgraded":11,"win_rate":0.0,"timestamp":1610950841,"path_taken":["M","M","?","$","M","R","E","M","T","R","E","M","R","$","R","BOSS","M","?","?","M","$","R","E","R","T","R","M","?","M","M","R","BOSS","M","$","M","$","M","R","E","?","T","R","E","?","?","?","R","BOSS"],"items_purchased_type":["Card","Card","Card","Card","Card","Card","Card"],"build_version":"2020-12-22","purchased_purges":2,"victory":true,"max_hp_per_floor":[80,80,80,80,80,80,80,80,80,80,80,80,80,80,80,80,80,80,80,80,80,80,80,80,80,80,80,80,80,80,80,80,80,80,80,80,80,80,80,80,80,76,76,76,86,86,86,86,86,86],"relic_stats":{"Centennial Puzzle":[45],"counters":[21,113],"Golden Idol":157,"Juzu Bracelet":2,"War Paint":["Defend_R","Defend_R"],"Cursed Key":0,"Question Card":4,"obtain_stats":[{"Lantern":29,"Pear":45,"Golden Idol":3,"Velvet Choker":17,"Juzu Bracelet":7,"War Paint":11,"Cursed Key":34,"Question Card":41,"Burning Blood":0,"Mercury Hourglass":24,"Centennial Puzzle":9,"Red Mask":46,"Toy Ornithopter":26},{"Lantern":12,"Pear":20,"Golden Idol":2,"Velvet Choker":8,"Juzu Bracelet":4,"War Paint":6,"Cursed Key":15,"Question Card":19,"Burning Blood":0,"Mercury Hourglass":11,"Centennial Puzzle":5,"Red Mask":20,"Toy Ornithopter":11},{"Lantern":60,"Pear":97,"Golden Idol":8,"Velvet Choker":40,"Juzu Bracelet":20,"War Paint":27,"Cursed Key":76,"Question Card":91,"Burning Blood":0,"Mercury Hourglass":55,"Centennial Puzzle":24,"Red Mask":97,"Toy Ornithopter":55}],"Burning Blood":92,"Toy Ornithopter":0,"Mercury Hourglass":[210]},"card_choices":[{"not_picked":["Cleave","Perfected Strike"],"picked":"Clothesline","floor":1},{"not_picked":["Perfected Strike","Sword Boomerang"],"picked":"Hemokinesis","floor":2},{"not_picked":["Clash","Iron Wave","Flex"],"picked":"SKIP","floor":5},{"not_picked":["Clash","Iron Wave","Flex"],"picked":"SKIP","floor":5},{"not_picked":["Dark Embrace","Pommel Strike"],"picked":"Inflame","floor":7},{"not_picked":["Cleave","Anger","Body Slam"],"picked":"SKIP","floor":8},{"not_picked":["Hemokinesis","Perfected Strike"],"picked":"Shockwave","floor":11},{"not_picked":["Pommel Strike","Intimidate"],"picked":"Reaper","floor":12},{"not_picked":["Berserk","Double Tap"],"picked":"Reaper","floor":16},{"not_picked":["Perfected Strike","Rampage"],"picked":"Sword Boomerang+1","floor":18},{"not_picked":["Flex","Twin Strike"],"picked":"Inflame","floor":21},{"not_picked":["Body Slam","Thunderclap","Iron Wave"],"picked":"SKIP","floor":24},{"not_picked":["Shockwave","Entrench"],"picked":"Flame Barrier+1","floor":28},{"not_picked":["Reckless Charge","Seeing Red+1","Bludgeon"],"picked":"SKIP","floor":30},{"not_picked":["Pommel Strike","Carnage","Warcry"],"picked":"SKIP","floor":31},{"not_picked":["Impervious","Double Tap"],"picked":"Offering","floor":33},{"not_picked":["Clash","Feel No Pain"],"picked":"Cleave+1","floor":35},{"not_picked":["True Grit","Inflame+1"],"picked":"Battle Trance+1","floor":37},{"not_picked":["Seeing Red","Iron Wave+1","Anger+1"],"picked":"SKIP","floor":39},{"not_picked":["Anger","Hemokinesis"],"picked":"Clothesline+1","floor":41},{"not_picked":["Anger+1","Shockwave","Clothesline+1"],"picked":"Burning Pact+1","floor":45},{"not_picked":["Blind","PanicButton","Forethought"],"picked":"Dark Shackles","floor":48}],"player_experience":0,"relics_obtained":[{"floor":7,"key":"Juzu Bracelet"},{"floor":9,"key":"Centennial Puzzle"},{"floor":11,"key":"War Paint"},{"floor":24,"key":"Mercury Hourglass"},{"floor":26,"key":"Toy Ornithopter"},{"floor":41,"key":"Question Card"},{"floor":45,"key":"Pear"}],"event_choices":[{"damage_healed":0,"gold_gain":0,"player_choice":"Take Damage","damage_taken":20,"relics_obtained":["Golden Idol"],"max_hp_gain":0,"max_hp_loss":0,"event_name":"Golden Idol","floor":3,"gold_loss":0},{"damage_healed":0,"gold_gain":100,"player_choice":"Pray","damage_taken":0,"max_hp_gain":0,"max_hp_loss":0,"event_name":"Golden Shrine","floor":19,"gold_loss":0},{"damage_healed":0,"gold_gain":0,"player_choice":"Read","damage_taken":0,"max_hp_gain":0,"max_hp_loss":0,"event_name":"The Library","floor":20,"gold_loss":0,"cards_obtained":["Shrug It Off"]},{"damage_healed":0,"gold_gain":0,"player_choice":"Obtained Relic","damage_taken":0,"relics_obtained":["Lantern"],"max_hp_gain":0,"max_hp_loss":0,"event_name":"Addict","floor":29,"gold_loss":85},{"damage_healed":0,"gold_gain":0,"player_choice":"Max HP","damage_taken":0,"max_hp_gain":0,"max_hp_loss":4,"event_name":"Winding Halls","floor":42,"gold_loss":0},{"damage_healed":0,"gold_gain":0,"player_choice":"Paid","damage_taken":0,"relics_obtained":["Red Mask"],"max_hp_gain":0,"max_hp_loss":0,"event_name":"Tomb of Lord Red Mask","floor":46,"gold_loss":106},{"damage_healed":0,"gold_gain":0,"cards_transformed":["Strike_R"],"player_choice":"Transformed","damage_taken":0,"max_hp_gain":0,"max_hp_loss":0,"event_name":"Transmorgrifier","floor":47,"gold_loss":0,"cards_obtained":["Impervious"]},{"damage_healed":0,"gold_gain":0,"player_choice":"Memory 3","damage_taken":10,"max_hp_gain":0,"max_hp_loss":0,"event_name":"SensoryStone","floor":48,"gold_loss":0}],"is_beta":false,"boss_relics":[{"not_picked":["SlaversCollar","Empty Cage"],"picked":"Velvet Choker"},{"not_picked":["Busted Crown","Runic Dome"],"picked":"Cursed Key"}],"items_purged_floors":[4,22],"is_endless":false,"potions_floor_spawned":[2,5,12,16,21,30,31,37,41,45],"ascension_level":0}}