{"host":"57rytaa21d5yl0hy","time":1610962017,"event":{"mods":["Act Like it!","BaseMod","Challenge The Spire","Friendly Minions","Gensokyo","KinomotoSakuraMod(木之本樱)","Kiyohime（清姬）","Lobotomy","LobotomyExtend","Minty Spire (QoL Compilation)","Replay The Spire","RumiaBox-露米娅的神秘盒子","StSLib","The Senshi","Yuri Mod"],"gold_per_floor":[115,193,213,224,235,235,235,248,322,355,355,373,373,385,385,385,385],"floor_reached":16,"language":"ZHS","playtime":496,"items_purged":[],"score":109,"play_id":"de3d6a3d-b92a-4386-a671-e51e5a17fe30","local_time":"20210118172657","is_ascension_mode":true,"campfire_choices":[{"data":"theSenshi:MoonPrincessHalation","floor":6.0,"key":"SMITH"},{"floor":11.0,"key":"REST"}],"circlet_count":0,"master_deck":["theSenshi:SailorKick","theSenshi:SailorKick","theSenshi:SailorKick","theSenshi:SailorKick","theSenshi:SailorBlock","theSenshi:SailorBlock","theSenshi:SailorBlock","theSenshi:SailorBlock","theSenshi:RoseThrow","theSenshi:MoonPrismPowerMakeUp","NakedNest","theSenshi:MoonPunch","MeatLantern","theSenshi:MoonHealingEscalation","theSenshi:MoonPrincessHalation+1","OldLady","theSenshi:MoonKick","Pot Of Greed","Pot Of Greed","Dramatic Entrance","theSenshi:StudyParty+1","DespairKnight"],"relics":["theSenshi:TransformationBroochRelic","CogitoBucket","RabbitCall","Baka","LetterFromLob","Quantum Egg","GodSword5","Grinning Jar","AspirationHeart"],"acts_visited":["Exordium"],"potions_floor_usage":[],"damage_taken":[{"damage":6.0,"enemies":"Cultist","floor":1.0,"turns":4.0},{"damage":6.0,"enemies":"2 Louse","floor":3.0,"turns":2.0},{"damage":2.0,"enemies":"Jaw Worm","floor":4.0,"turns":3.0},{"damage":6.0,"enemies":"Lots of Slimes","floor":5.0,"turns":3.0},{"damage":0.0,"enemies":"Looter","floor":8.0,"turns":3.0},{"damage":21.0,"enemies":"3 Sentries","floor":10.0,"turns":2.0},{"damage":20.0,"enemies":"Exordium Wildlife","floor":12.0,"turns":4.0},{"damage":6.0,"enemies":"Lots of Slimes","floor":14.0,"turns":3.0},{"damage":0,"enemies":"The Guardian","floor":16,"turns":1}],"seed_played":"3781853425525373341","potions_obtained":[{"floor":1.0,"key":"Milkshake"},{"floor":5.0,"key":"Flashbang"},{"floor":8.0,"key":"DuplicationPotion"}],"is_trial":false,"path_per_floor":["M","T","M","M","M","R","M","M","T","E","R","M","?","M","R","B"],"character_chosen":"THE_SENSHI","items_purchased":[],"campfire_rested":1,"item_purchase_floors":[],"current_hp_per_floor":[69,69,63,61,60,60,60,60,60,45,72,64,64,58,85,85,85],"gold":385,"neow_bonus":"","is_daily":false,"chose_seed":false,"campfire_upgraded":1,"win_rate":0.0,"timestamp":1610962017,"path_taken":["M","?","?","M","M","R","M","M","T","E","R","M","?","?","R","BOSS"],"items_purchased_type":[],"build_version":"2020-12-22","purchased_purges":0,"victory":false,"max_hp_per_floor":[75,75,75,75,75,75,75,75,75,75,75,85,85,85,85,85,85],"card_choices":[{"not_picked":["SnowQueen","Scarecrow"],"picked":"NakedNest","floor":1.0},{"not_picked":["theSenshi:SailorStarFighterAssists","theSenshi:SailorV","theSenshi:SupersonicWaves"],"picked":"SKIP","floor":1.0},{"not_picked":["theSenshi:SailorPlanetAttack","theSenshi:TallSilhouette"],"picked":"theSenshi:MoonPunch","floor":3.0},{"not_picked":["PunishingBird","WallGazer"],"picked":"MeatLantern","floor":4.0},{"not_picked":["theSenshi:InTheNickOfTime","theSenshi:Sidestep"],"picked":"theSenshi:MoonHealingEscalation","floor":4.0},{"not_picked":["theSenshi:SailorVenusAssists","theSenshi:MoonsReflection"],"picked":"theSenshi:MoonPrincessHalation","floor":5.0},{"not_picked":["Wellcheers","MHz"],"picked":"OldLady","floor":8.0},{"not_picked":["theSenshi:DramaticEntrance","theSenshi:SteeledNerves","theSenshi:FatedKiss"],"picked":"SKIP","floor":8.0},{"not_picked":["theSenshi:VenusGlamour","theSenshi:LunaWiseMentor"],"picked":"theSenshi:MoonKick","floor":10.0},{"not_picked":["theSenshi:LunaWiseMentor","theSenshi:DramaticEntrance","theSenshi:LunaSensingAllies"],"picked":"SKIP","floor":12.0},{"not_picked":["Laetitia","UniverseFragment"],"picked":"DespairKnight","floor":14.0},{"not_picked":["theSenshi:SupersonicWaves","theSenshi:EncouragingSpeech","theSenshi:MoonHealingEscalation"],"picked":"SKIP","floor":14.0}],"player_experience":300879,"relics_obtained":[{"floor":1.0,"key":"Baka"},{"floor":1.0,"key":"LetterFromLob"},{"floor":2.0,"key":"Quantum Egg"},{"floor":9.0,"key":"GodSword5"},{"floor":10.0,"key":"Grinning Jar"}],"event_choices":[{"damage_healed":0.0,"max_hp_gain":0.0,"max_hp_loss":0.0,"gold_gain":0.0,"event_name":"Match and Keep!","player_choice":"2 cards matched","floor":13.0,"gold_loss":0.0,"damage_taken":0.0,"cards_obtained":["Dramatic Entrance","theSenshi:StudyParty"]}],"is_beta":false,"boss_relics":[],"items_purged_floors":[],"is_endless":false,"potions_floor_spawned":[1,5,8],"killed_by":"The Guardian","ascension_level":1}}