{"host":"qik6c64y69p9jmph","time":1610952280,"event":{"mods":["AchievementEnabler","BaseMod","Downfall","Highlight Path","Minty Spire (QoL Compilation)","Quick Restart","StSLib","Synergy Search"],"gold_per_floor":[99,118,133,133,133,153,153,153,186,171,188,206,72,172,189,285,285,185,205,225,225,238,273,328,340,354,385,403,403,403,403],"floor_reached":29,"language":"ENG","playtime":1908,"items_purged":[],"score":319,"play_id":"38ecd43c-059a-4a24-b639-b96e3f876ec8","local_time":"20210118014440","is_ascension_mode":false,"campfire_choices":[{"data":"Guardian:AncientConstruct","floor":1,"key":"SMITH"},{"data":"Guardian:TimeSifter","floor":18,"key":"SMITH"}],"circlet_count":0,"master_deck":["Guardian:CurlUp","Guardian:TwinSlam","Guardian:AncientConstruct+1","Guardian:Planning","Guardian:ShieldSpikes","Guardian:ConstructionForm+1","Guardian:VentSteam","Guardian:SentryBeam+1","Guardian:TemporalStrike+1","Guardian:VentSteam+1","Guardian:ChargeCore","Guardian:EvasiveProtocol","Guardian:ConstructionForm","Guardian:MultiBeam+1","Guardian:Emergency","Guardian:TimeCapacitor","Guardian:Incinerate+1","Guardian:TemporalShield","Guardian:TimeSifter+1","Guardian:BodySlam+1","Writhe","Guardian:Gem_Orange"],"relics":["Pandora\u0027s Box","Molten Egg 2","Whetstone","Toy Ornithopter","Cursed Key","downfall:HeartBlessingGreen","Singing Bowl","Strawberry","Ornamental Fan"],"acts_visited":["Exordium","TheCity"],"potions_floor_usage":[12,14,16,16,16,23,25,27,27,27],"damage_taken":[{"damage":11,"enemies":"Jaw Worm","floor":2,"turns":4},{"damage":0,"enemies":"Small Slimes","floor":3,"turns":3},{"damage":0,"enemies":"Cultist","floor":5,"turns":1},{"damage":13,"enemies":"Red Slaver","floor":6,"turns":3},{"damage":0,"enemies":"Lagavulin","floor":9,"turns":7},{"damage":6,"enemies":"downfall:FleeingMerchant","floor":10,"turns":4},{"damage":0,"enemies":"3 Louse","floor":11,"turns":1},{"damage":4,"enemies":"Lots of Slimes","floor":12,"turns":2},{"damage":15,"enemies":"downfall:FleeingMerchant","floor":13,"turns":4},{"damage":0,"enemies":"downfall:LadyInBlue","floor":14,"turns":6},{"damage":0,"enemies":"Large Slime","floor":15,"turns":3},{"damage":10,"enemies":"SI_SHIV_ARCHETYPE","floor":16,"turns":6},{"damage":6,"enemies":"Chosen","floor":19,"turns":4},{"damage":12,"enemies":"Centurion and Healer","floor":20,"turns":5},{"damage":0,"enemies":"Snecko","floor":22,"turns":4},{"damage":30,"enemies":"Book of Stabbing","floor":23,"turns":5},{"damage":20,"enemies":"Shelled Parasite and Fungi","floor":25,"turns":4},{"damage":0,"enemies":"Centurion and Healer","floor":26,"turns":6},{"damage":27,"enemies":"Slavers","floor":27,"turns":5},{"damage":15,"enemies":"Chosen and Byrds","floor":28,"turns":7},{"damage":8,"enemies":"downfall:FleeingMerchant","floor":29,"turns":2}],"seed_played":"9162782627149928118","potions_obtained":[{"floor":6,"key":"Block Potion"},{"floor":11,"key":"Swift Potion"},{"floor":14,"key":"DistilledChaos"},{"floor":14,"key":"LiquidBronze"},{"floor":14,"key":"hexamod:SoulburnPotion"},{"floor":14,"key":"Weak Potion"},{"floor":16,"key":"Dexterity Potion"},{"floor":19,"key":"Strength Potion"},{"floor":20,"key":"Fire Potion"},{"floor":26,"key":"GamblersBrew"},{"floor":27,"key":"Fruit Juice"}],"is_trial":false,"path_per_floor":["R","M","M","?","M","M","T","?","E","$","M","M","$","?","M","B",null,"R","M","M","?","M","E","T","M","M","E","M","$"],"character_chosen":"GUARDIAN","items_purchased":["Guardian:TimeCapacitor","Guardian:Incinerate+1"],"campfire_rested":0,"item_purchase_floors":[13,13],"current_hp_per_floor":[80,69,69,69,69,56,56,56,56,50,50,46,31,31,31,36,80,80,74,62,54,54,31,38,25,25,20,7,0,0,0],"gold":403,"neow_bonus":"BOSS_RELIC","is_daily":false,"chose_seed":false,"campfire_upgraded":2,"win_rate":0.0,"timestamp":1610952280,"path_taken":["R","M","M","?","M","M","T","?","E","$","M","?","?","?","M","BOSS","R","M","?","?","M","E","T","M","M","E","?","$"],"items_purchased_type":["Card","Card"],"build_version":"2020-12-22","purchased_purges":0,"victory":false,"max_hp_per_floor":[80,80,80,80,80,80,80,80,80,80,80,80,80,80,80,80,80,80,80,80,80,80,82,89,91,91,98,100,100,100,100],"card_choices":[{"not_picked":["Guardian:Gem_Lightblue","Guardian:Suspension"],"picked":"Guardian:ChargeCore","floor":2},{"not_picked":["Guardian:Gem_Red","Guardian:Reroute"],"picked":"Guardian:EvasiveProtocol","floor":3},{"not_picked":["Guardian:WalkerClaw","Guardian:AncientConstruct","Guardian:DecasProtection"],"picked":"SKIP","floor":5},{"not_picked":["Guardian:PrismaticBarrier","Guardian:ChargeCore"],"picked":"Guardian:Gem_Purple","floor":6},{"not_picked":["Guardian:BronzeOrb+1","Guardian:Reroute+1"],"picked":"Guardian:MultiBeam+1","floor":9},{"not_picked":["Guardian:Reroute+1","Guardian:Suspension"],"picked":"Guardian:Gem_Yellow","floor":10},{"not_picked":["Guardian:PrimingBeam+1","Guardian:WalkerClaw+1"],"picked":"Guardian:Emergency","floor":11},{"not_picked":["Guardian:Gem_Lightblue","Guardian:ShieldSpikes","Guardian:Harden"],"picked":"SKIP","floor":12},{"not_picked":["Guardian:VentSteam","Guardian:Gem_Fragmented","Guardian:Harden"],"picked":"SKIP","floor":13},{"not_picked":["Guardian:FloatingOrbs","Guardian:VentSteam"],"picked":"Guardian:TemporalShield","floor":14},{"not_picked":["Guardian:Gem_Lightblue","Guardian:Gem_White","Guardian:GuardianWhirl+1"],"picked":"SKIP","floor":15},{"not_picked":["Guardian:AncientConstruct","Guardian:Gem_Orange"],"picked":"Guardian:TimeSifter","floor":16},{"not_picked":["Guardian:PrimingBeam+1","Guardian:Harden","Guardian:Clone"],"picked":"SKIP","floor":19},{"not_picked":["Guardian:RollAttack+1","Guardian:DonusPower","Guardian:Gem_White"],"picked":"SKIP","floor":20},{"not_picked":["Guardian:Recover","Guardian:Gem_Cyan"],"picked":"Guardian:BodySlam+1","floor":22},{"not_picked":["Guardian:ShieldCharger","Guardian:Emergency","Guardian:ChargeCore+1"],"picked":"Singing Bowl","floor":23},{"not_picked":["Guardian:TemporalShield","Guardian:BodySlam+1","Guardian:Gem_Purple"],"picked":"Singing Bowl","floor":25},{"not_picked":["Guardian:PiercingHide+1","Guardian:Reroute+1"],"picked":"Guardian:Gem_Orange","floor":26},{"not_picked":["Guardian:BronzeArmor","Guardian:VentSteam+1","Guardian:Gem_Purple"],"picked":"Singing Bowl","floor":27},{"not_picked":["Guardian:BodySlam+1","Guardian:Recover","Guardian:Gem_Green"],"picked":"Singing Bowl","floor":28}],"player_experience":548786,"relics_obtained":[{"floor":7,"key":"Molten Egg 2"},{"floor":9,"key":"Whetstone"},{"floor":14,"key":"Toy Ornithopter"},{"floor":23,"key":"Singing Bowl"},{"floor":24,"key":"Strawberry"},{"floor":27,"key":"Ornamental Fan"}],"event_choices":[],"is_beta":false,"boss_relics":[{"not_picked":["Coffee Dripper","SlaversCollar"],"picked":"Cursed Key"}],"items_purged_floors":[],"is_endless":false,"potions_floor_spawned":[6,11,14,16,19,20,26,27],"killed_by":"downfall:FleeingMerchant","ascension_level":0}}