{"host":"bq4pt811tk9yrmjl","time":1610992634,"event":{"mods":["AchievementEnabler","BaseMod","Colored Map","Colored Powertips","Defuse TimeMaze Blight","Hermit","Minty Spire (QoL Compilation)","StSLib","SuperFastMode"],"gold_per_floor":[113,113,128,17,92,124,124,124,124,124,189,189,189,189,189,286,286,296,296,325,424,12,12,27,27,51,71,90,90,90,90,90,90,90],"floor_reached":33,"language":"ENG","playtime":466,"items_purged":[],"score":275,"play_id":"a2147b2c-44ea-4b80-a7e8-6a8baf6f0914","local_time":"20210118155714","is_ascension_mode":true,"campfire_choices":[{"floor":8.0,"key":"REST"},{"floor":12.0,"key":"REST"},{"floor":13.0,"key":"RECALL"},{"data":"hermit:Brawl","floor":15.0,"key":"SMITH"},{"floor":23,"key":"REST"},{"floor":29,"key":"REST"},{"floor":30,"key":"REST"},{"data":"hermit:Shortfuse","floor":32,"key":"SMITH"}],"circlet_count":0,"master_deck":["hermit:Strike_Hermit","hermit:Strike_Hermit","hermit:Strike_Hermit","hermit:Strike_Hermit","hermit:Defend_Hermit","hermit:Defend_Hermit","hermit:Defend_Hermit","hermit:Defend_Hermit","hermit:Snapshot","hermit:Covet","hermit:GoldenBullet","hermit:Brawl+1","hermit:Shortfuse+1","hermit:Vantage","hermit:RoundhouseKick","hermit:GhostlyPresence","hermit:LowProfile+1"],"relics":["hermit:Momento","NeowsBlessing","Shovel","hermit:CharredGlove","WingedGreaves","Oddly Smooth Stone","Juzu Bracelet","Sozu","Red Mask","Pantograph","Membership Card","Ancient Tea Set"],"acts_visited":["Exordium","TheCity"],"potions_floor_usage":[],"damage_taken":[{"damage":0.0,"enemies":"Cultist","floor":1.0,"turns":1.0},{"damage":0.0,"enemies":"Small Slimes","floor":3.0,"turns":1.0},{"damage":0.0,"enemies":"3 Sentries","floor":6.0,"turns":1.0},{"damage":20.0,"enemies":"3 Sentries","floor":11.0,"turns":7.0},{"damage":18.0,"enemies":"The Guardian","floor":16.0,"turns":13.0},{"damage":24,"enemies":"Shell Parasite","floor":18,"turns":6},{"damage":23,"enemies":"Masked Bandits","floor":20,"turns":5},{"damage":9,"enemies":"Spheric Guardian","floor":24,"turns":4},{"damage":4,"enemies":"Centurion and Healer","floor":27,"turns":6},{"damage":9,"enemies":"Snecko","floor":28,"turns":4},{"damage":0,"enemies":"Automaton","floor":33,"turns":2}],"seed_played":"8392210507969222186","potions_obtained":[{"floor":1.0,"key":"SkillPotion"},{"floor":6.0,"key":"EssenceOfSteel"}],"is_trial":false,"path_per_floor":["M","T","M","$","?","E","?","R","T","$","?","R","R","T","R","B",null,"M","?","?","?","$","R","M","?","T","M","M","R","R","?","R","B"],"character_chosen":"HERMIT","items_purchased":["hermit:Brawl","hermit:Shortfuse","Pantograph","Membership Card"],"campfire_rested":5,"item_purchase_floors":[4,4,22,22],"current_hp_per_floor":[75,75,75,75,64,64,31,53,53,53,33,55,55,55,55,37,75,51,51,28,28,28,50,41,27,27,23,14,38,62,62,62,80,80],"gold":90,"neow_bonus":"THREE_ENEMY_KILL","is_daily":false,"chose_seed":false,"campfire_upgraded":2,"win_rate":0.0,"timestamp":1610992634,"path_taken":["M","?","M","$","?","E","?","R","T","$","?","R","R","?","R","BOSS","M","?","?","?","$","R","M","?","T","M","M","R","R","?","R","BOSS"],"items_purchased_type":["Card","Card","Relic","Relic"],"build_version":"2020-12-22","purchased_purges":0,"victory":false,"max_hp_per_floor":[75,75,75,75,75,75,75,75,75,75,75,75,75,75,75,75,75,75,75,75,75,75,75,75,80,80,80,80,80,80,80,80,80,80],"card_choices":[{"not_picked":["hermit:Midnight","hermit:BodyArmor","hermit:Ricochet"],"picked":"SKIP","floor":1.0},{"not_picked":["hermit:Desperado","hermit:TrackingShot"],"picked":"hermit:GoldenBullet","floor":3.0},{"not_picked":["hermit:BodyArmor","hermit:Determination"],"picked":"hermit:Vantage","floor":6.0},{"not_picked":["hermit:Adapt","hermit:HeroicBravado"],"picked":"hermit:RoundhouseKick","floor":16.0},{"not_picked":["hermit:Manifest","hermit:HoleUp"],"picked":"hermit:GhostlyPresence","floor":18},{"not_picked":["hermit:Dive","hermit:Spite+1"],"picked":"hermit:LowProfile+1","floor":24},{"not_picked":["hermit:CursedWeapon","hermit:Malice","hermit:Enervate+1"],"picked":"SKIP","floor":27},{"not_picked":["hermit:Snipe","hermit:ItchyTrigger","hermit:Ricochet"],"picked":"SKIP","floor":28}],"player_experience":182789,"relics_obtained":[{"floor":6.0,"key":"Shovel"},{"floor":9.0,"key":"WingedGreaves"},{"floor":11.0,"key":"Oddly Smooth Stone"},{"floor":14.0,"key":"Juzu Bracelet"},{"floor":20,"key":"Red Mask"},{"floor":26,"key":"Ancient Tea Set"}],"event_choices":[{"damage_healed":0.0,"max_hp_gain":0.0,"max_hp_loss":0.0,"gold_gain":75.0,"event_name":"World of Goop","player_choice":"Gather Gold","floor":5.0,"gold_loss":0.0,"damage_taken":11.0},{"damage_healed":0.0,"max_hp_gain":0.0,"max_hp_loss":0.0,"gold_gain":0.0,"event_name":"Scrap Ooze","player_choice":"Success","floor":7.0,"gold_loss":0.0,"damage_taken":33.0,"relics_obtained":["hermit:CharredGlove"]},{"damage_healed":0.0,"max_hp_gain":0.0,"max_hp_loss":0.0,"gold_gain":0.0,"event_name":"Dead Adventurer","player_choice":"Searched \u00271\u0027 times","floor":11.0,"gold_loss":0.0,"damage_taken":0.0},{"damage_healed":0,"gold_gain":0,"player_choice":"Ignored","damage_taken":0,"max_hp_gain":0,"max_hp_loss":0,"event_name":"Ghosts","floor":19,"gold_loss":0},{"damage_healed":0,"gold_gain":0,"player_choice":"Fought Bandits","damage_taken":0,"max_hp_gain":0,"max_hp_loss":0,"event_name":"Masked Bandits","floor":20,"gold_loss":0},{"damage_healed":0,"gold_gain":99,"player_choice":"Stole From Cult","damage_taken":0,"max_hp_gain":0,"max_hp_loss":0,"event_name":"Nest","floor":21,"gold_loss":0},{"damage_healed":0,"gold_gain":0,"player_choice":"Shed Blood","damage_taken":19,"max_hp_gain":5,"max_hp_loss":0,"event_name":"Forgotten Altar","floor":25,"gold_loss":0},{"damage_healed":0,"gold_gain":0,"player_choice":"Ignored","damage_taken":0,"max_hp_gain":0,"max_hp_loss":0,"event_name":"N\u0027loth","floor":31,"gold_loss":0}],"is_beta":false,"boss_relics":[{"not_picked":["hermit:ClaspedLocket","Cursed Key"],"picked":"Sozu"}],"items_purged_floors":[],"is_endless":false,"potions_floor_spawned":[1,6,24,27],"killed_by":"Automaton","ascension_level":1}}