{"host":"q3109sz2drhwh89o","time":1610979705,"event":{"mods":["BaseMod","Colored Map","Colored Powertips","Downfall","Hubris","Minty Spire (QoL Compilation)","StSLib","Unceasing Turn Reminder","everything is the same but u backflip on backflip"],"gold_per_floor":[99,99,99,99,99,99,99,124,36,80,112,135,147,144,168,285,297,309,336,366,378,378],"floor_reached":21,"language":"ENG","playtime":4491,"items_purged":[],"score":185,"play_id":"fe9af0e8-f4e6-4c0e-b8fc-619bc3f576ad","local_time":"20210118092145","is_ascension_mode":false,"campfire_choices":[{"floor":1.0,"key":"RECALL"},{"data":"bronze:RecursiveStrike","floor":9.0,"key":"SMITH"},{"data":"bronze:Turbo","floor":13.0,"key":"SMITH"},{"data":"bronze:Goto","floor":18,"key":"SMITH"}],"circlet_count":0,"master_deck":["bronze:Strike","bronze:Strike","bronze:Defend","bronze:Defend","bronze:Defend","bronze:Defend","bronze:Replicate","bronze:Goto+1","bronze:Turbo+1","bronze:WhirlingStrike","sneckomod:Unknown","bronze:Branch","bronze:RecursiveStrike+1","bronze:Shield","bronze:ForLoop","bronze:Optimize","bronze:Overload","bronze:AlphaBuild","bronze:Frontload+1","bronze:Iterate"],"relics":["bronze:BronzeCore","downfall:HeartsMalice","bronze:CableSpool","MawBank","downfall:HeartBlessingRed","Ancient Tea Set","hubris:Backtick","PureWater"],"acts_visited":["Exordium","TheCity"],"potions_floor_usage":[16,16,21,21],"damage_taken":[{"damage":0.0,"enemies":"Jaw Worm","floor":2.0,"turns":1.0},{"damage":0.0,"enemies":"Cultist","floor":3.0,"turns":1.0},{"damage":0.0,"enemies":"Small Slimes","floor":5.0,"turns":1.0},{"damage":23.0,"enemies":"3 Sentries","floor":8.0,"turns":7.0},{"damage":10.0,"enemies":"Lagavulin","floor":10.0,"turns":4.0},{"damage":2.0,"enemies":"Red Slaver","floor":11.0,"turns":2.0},{"damage":0.0,"enemies":"Exordium Wildlife","floor":12.0,"turns":2.0},{"damage":2.0,"enemies":"downfall:FleeingMerchant","floor":14.0,"turns":4.0},{"damage":0.0,"enemies":"2 Fungi Beasts","floor":15.0,"turns":1.0},{"damage":8,"enemies":"WA_ARCHETYPE_RETAIN","floor":16,"turns":4},{"damage":17,"enemies":"Shell Parasite","floor":19,"turns":4},{"damage":3,"enemies":"Snecko","floor":20,"turns":3},{"damage":55,"enemies":"Snecko","floor":21,"turns":5}],"seed_played":"3216524227760797655","potions_obtained":[{"floor":8.0,"key":"Dexterity Potion"},{"floor":10.0,"key":"Energy Potion"},{"floor":11.0,"key":"Guardian:BlockOnCardUsePotion"},{"floor":15,"key":"DistilledChaos"},{"floor":16,"key":"BlessingOfTheForge"}],"is_trial":false,"path_per_floor":["R","M","M","?","M","?","T","E","R","E","M","M","R","$","M","B",null,"R","M","M","?"],"character_chosen":"THE_AUTOMATON","items_purchased":[],"campfire_rested":0,"item_purchase_floors":[],"current_hp_per_floor":[70,70,70,70,70,70,70,47,47,37,35,35,35,33,33,25,70,70,53,50,0,0],"gold":378,"neow_bonus":"THREE_ENEMY_KILL","is_daily":false,"chose_seed":false,"campfire_upgraded":3,"win_rate":0.0,"timestamp":1610979705,"path_taken":["R","M","M","?","?","?","T","E","R","E","?","M","R","$","M","BOSS","R","M","M","?"],"items_purchased_type":[],"build_version":"2020-12-22","purchased_purges":0,"victory":false,"max_hp_per_floor":[70,70,70,70,70,70,70,70,70,70,70,70,70,70,70,70,70,70,70,70,70,70],"card_choices":[{"not_picked":["bronze:CutThrough","bronze:Invalidate"],"picked":"bronze:Turbo","floor":2.0},{"not_picked":["bronze:Deprecate","bronze:Branch"],"picked":"bronze:WhirlingStrike","floor":3.0},{"not_picked":["bronze:Iterate","bronze:Flail"],"picked":"bronze:Branch","floor":5.0},{"not_picked":["bronze:WildBeam","bronze:Deprecate"],"picked":"bronze:RecursiveStrike","floor":8.0},{"not_picked":["bronze:Iterate","bronze:HardenedForm"],"picked":"bronze:Shield","floor":10.0},{"not_picked":["bronze:WhirlingStrike","bronze:WildBeam"],"picked":"bronze:ForLoop","floor":11.0},{"not_picked":["bronze:Safeguard","bronze:Deprecate"],"picked":"bronze:Optimize","floor":12.0},{"not_picked":["bronze:Allocate","bronze:Verify"],"picked":"bronze:Overload","floor":14.0},{"not_picked":["bronze:BronzeOrb","bronze:WildBeam","bronze:Shield"],"picked":"SKIP","floor":15},{"not_picked":["bronze:Assembly","bronze:HyperBeam"],"picked":"bronze:AlphaBuild","floor":16},{"not_picked":["bronze:CutThrough","bronze:DarkDash"],"picked":"bronze:Frontload+1","floor":19},{"not_picked":["bronze:BugBarrage","bronze:Shield"],"picked":"bronze:Iterate","floor":20}],"player_experience":104950,"relics_obtained":[{"floor":7.0,"key":"bronze:CableSpool"},{"floor":8.0,"key":"MawBank"},{"floor":10.0,"key":"Ancient Tea Set"}],"event_choices":[{"cards_removed":["bronze:Strike"],"damage_healed":0.0,"max_hp_gain":0.0,"max_hp_loss":0.0,"gold_gain":0.0,"event_name":"NoteForYourself","player_choice":"Took Card","floor":4.0,"gold_loss":0.0,"damage_taken":0.0,"cards_obtained":["sneckomod:Unknown"]},{"cards_removed":["bronze:Strike"],"damage_healed":0.0,"max_hp_gain":0.0,"max_hp_loss":0.0,"gold_gain":0.0,"event_name":"Wheel of Change","player_choice":"Card Removal","floor":6.0,"gold_loss":0.0,"damage_taken":0.0}],"is_beta":false,"boss_relics":[{"not_picked":["SlaversCollar","Velvet Choker"],"picked":"hubris:Backtick"}],"items_purged_floors":[],"is_endless":false,"potions_floor_spawned":[8,10,11,15,16],"killed_by":"Snecko","ascension_level":0}}