{"host":"9cyo9hnjhojz9htx","time":1610982318,"event":{"mods":["BaseMod","Colored Powertips","Downfall","Hermit","Lobotomy","LobotomyExtend","Minty Spire (QoL Compilation)","Spicy Shops","StSLib","The Bug Knight","The Cursed"],"gold_per_floor":[110,128,128,128,153,197,197,240,240,240,240,315,20,99,99,99,99],"floor_reached":16,"language":"ZHS","playtime":789,"items_purged":[],"score":106,"play_id":"dbff90ee-d964-43ec-94dd-35fcc42b0a28","local_time":"20210118230518","daily_mods":["Heirloom","Time Dilation","Flight","Elite Swarm"],"is_ascension_mode":false,"campfire_choices":[{"floor":11,"key":"REST"},{"floor":15,"key":"REST"}],"circlet_count":0,"master_deck":["HollowMod:NailStrikeStart","HollowMod:NailStrikeStart","HollowMod:NailStrikeStart","HollowMod:NailStrikeStart","HollowMod:QuickDashStart","HollowMod:QuickDashStart","HollowMod:QuickDashStart","HollowMod:QuickDashStart","HollowMod:FocusHealStart","HollowMod:PogoStrike","HollowMod:InfectedCysts","HollowMod:MantisMark","HollowMod:Hiveblood","Swift Strike","HollowMod:BlackTendrils","Shame","HollowMod:SoulVessel","HollowMod:Weaversong","HollowMod:ZotesMagnificence","HollowMod:SoulEater","HollowMod:SoulShaman"],"relics":["HollowMod:VesselMask","champ:DuelingGlove","LetterFromLob","Golden Idol","Pocketwatch","Smiling Mask","HollowMod:LifeEnderRelic","Toolbox","CeramicFish","Blood Vial"],"acts_visited":["Exordium"],"potions_floor_usage":[14],"damage_taken":[{"damage":0,"enemies":"Cultist","floor":1,"turns":2},{"damage":12,"enemies":"Jaw Worm","floor":2,"turns":3},{"damage":1,"enemies":"2 Louse","floor":5,"turns":2},{"damage":53,"enemies":"3 Sentries","floor":6,"turns":5},{"damage":10,"enemies":"Gremlin Nob","floor":8,"turns":3},{"damage":8,"enemies":"Gremlin Nob","floor":14,"turns":3},{"damage":74,"enemies":"Hexaghost","floor":16,"turns":9}],"seed_played":"-2753526366724826459","potions_obtained":[{"floor":2,"key":"SmokeBomb"},{"floor":8,"key":"Fire Potion"}],"is_trial":true,"path_per_floor":["M","M","?","?","M","E","?","E","T","E","R","?","$","?","R","B"],"character_chosen":"THE_BUGKNIGHT","items_purchased":["Toolbox","CeramicFish","HollowMod:SoulEater"],"campfire_rested":2,"item_purchase_floors":[13,13,13],"current_hp_per_floor":[75,69,51,51,52,13,13,9,9,9,31,20,20,22,44,0,0],"gold":99,"neow_bonus":"","is_daily":false,"chose_seed":false,"campfire_upgraded":0,"win_rate":0.0,"timestamp":1610982318,"path_taken":["M","?","?","?","?","E","?","E","T","E","R","?","?","?","R","BOSS"],"items_purchased_type":["Relic","Relic","Card"],"build_version":"2020-12-22","purchased_purges":0,"victory":false,"max_hp_per_floor":[75,75,75,75,75,75,75,75,75,75,75,75,75,75,75,75,75],"card_choices":[{"not_picked":["HollowMod:VengefulVoid","HollowMod:AbyssShriek"],"picked":"HollowMod:InfectedCysts","floor":1},{"not_picked":["HollowMod:WraithStrike","HollowMod:SoulStrike"],"picked":"HollowMod:MantisMark","floor":2},{"not_picked":["HollowMod:VengefulVoid","HollowMod:HowlingWraiths"],"picked":"HollowMod:SoulVessel","floor":5},{"not_picked":["HollowMod:HornetsHelp","HollowMod:ElderbugsWisdom"],"picked":"HollowMod:Weaversong","floor":6},{"not_picked":["HollowMod:VoidDash","HollowMod:theNailsmith"],"picked":"HollowMod:ZotesMagnificence","floor":8},{"not_picked":["HollowMod:DashSlash","HollowMod:RecoilStrike"],"picked":"HollowMod:SoulShaman","floor":14}],"player_experience":134599,"relics_obtained":[{"floor":1,"key":"LetterFromLob"},{"floor":6,"key":"Pocketwatch"},{"floor":8,"key":"Smiling Mask"},{"floor":9,"key":"HollowMod:LifeEnderRelic"},{"floor":14,"key":"Blood Vial"}],"event_choices":[{"damage_healed":0,"gold_gain":0,"player_choice":"Take Damage","damage_taken":18,"relics_obtained":["Golden Idol"],"max_hp_gain":0,"max_hp_loss":0,"event_name":"Golden Idol","floor":3,"gold_loss":0},{"damage_healed":0,"gold_gain":0,"player_choice":"4 cards matched","damage_taken":0,"max_hp_gain":0,"max_hp_loss":0,"event_name":"Match and Keep!","floor":4,"gold_loss":0,"cards_obtained":["HollowMod:Hiveblood","Swift Strike","HollowMod:BlackTendrils","Shame"]},{"damage_healed":0,"gold_gain":0,"player_choice":"4 cards matched","damage_taken":0,"max_hp_gain":0,"max_hp_loss":0,"event_name":"Match and Keep!","floor":4,"gold_loss":0,"cards_obtained":["HollowMod:Hiveblood","Swift Strike","HollowMod:BlackTendrils","Shame"]},{"damage_healed":0,"gold_gain":75,"player_choice":"Gather Gold","damage_taken":11,"max_hp_gain":0,"max_hp_loss":0,"event_name":"World of Goop","floor":12,"gold_loss":0},{"damage_healed":0,"gold_gain":0,"player_choice":"Searched \u00272\u0027 times","damage_taken":0,"max_hp_gain":0,"max_hp_loss":0,"event_name":"Dead Adventurer","floor":14,"gold_loss":0}],"is_beta":false,"boss_relics":[],"items_purged_floors":[],"is_endless":true,"potions_floor_spawned":[2,8],"killed_by":"Hexaghost","ascension_level":0}}