{"host":"egwexuw5uvnxf11j","time":1610942155,"event":{"mods":["2.2 Compatiblity","Aspiration","BaseMod","Better Altar","Better Note","Better Sensory Stone","Better Third Choice","Displayed Cursed Tome","Downfall","Hermit","Key Reminder","Koishi","Marisa????????","Minty Spire (QoL Compilation)","Quick Restart","Shade Mod","Spicy Shops","StSLib","The Construct","The Cursed","The Hierophant","The Runesmith","The Senshi","The Servant 0.9.4","Transform Curses"],"gold_per_floor":[111,111,124,162,148,189,189,249,249],"floor_reached":8,"language":"ENG","playtime":411,"items_purged":[],"score":70,"play_id":"5a48683e-81d8-4dfb-8b41-45649711e5a9","local_time":"20210117225555","is_ascension_mode":true,"campfire_choices":[{"floor":7,"key":"REST"}],"circlet_count":0,"master_deck":["hierophant:Strike_Hierophant","hierophant:Strike_Hierophant","hierophant:Strike_Hierophant","hierophant:Strike_Hierophant","hierophant:Punish","hierophant:Defend_Hierophant","hierophant:Defend_Hierophant","hierophant:Defend_Hierophant","hierophant:Defend_Hierophant","hierophant:ChurchCoffers","Panacea","hierophant:RustyCrate","hierophant:Doubloon","hierophant:Doubloon+1","Writhe","hierophant:Endure","hierophant:Zeal","hierophant:DisplayOfPower","hierophant:Embezzle+1","hierophant:Doubloon","hierophant:CoinFling"],"relics":["hierophant:PropheticMaskRelic","War Paint"],"acts_visited":["Exordium"],"potions_floor_usage":[8],"damage_taken":[{"damage":9,"enemies":"Small Slimes","floor":1,"turns":3},{"damage":10,"enemies":"Cultist","floor":3,"turns":6},{"damage":0,"enemies":"2 Louse","floor":4,"turns":1},{"damage":9,"enemies":"Looter","floor":5,"turns":3},{"damage":22,"enemies":"3 Sentries","floor":6,"turns":9},{"damage":47,"enemies":"Lagavulin","floor":8,"turns":6}],"seed_played":"3918058145860907334","potions_obtained":[{"floor":4,"key":"BlessingOfTheForge"}],"is_trial":false,"path_per_floor":["M","?","M","M","M","E","R","E"],"character_chosen":"HIEROPHANT","items_purchased":[],"campfire_rested":1,"item_purchase_floors":[],"current_hp_per_floor":[66,66,56,56,47,25,47,0,0],"gold":249,"neow_bonus":"RANDOM_COLORLESS","is_daily":false,"chose_seed":false,"campfire_upgraded":0,"win_rate":0.0,"timestamp":1610942155,"path_taken":["M","?","M","M","M","E","R","E"],"items_purchased_type":[],"build_version":"2020-12-22","purchased_purges":0,"victory":false,"max_hp_per_floor":[75,75,75,75,75,75,75,75,75],"card_choices":[{"not_picked":["Finesse","Purity"],"picked":"Panacea","floor":0},{"not_picked":["hierophant:MorningPrayer","hierophant:Prophecy"],"picked":"hierophant:RustyCrate","floor":1},{"not_picked":["hierophant:RecallFunds","hierophant:Encroach"],"picked":"hierophant:Zeal","floor":3},{"not_picked":["hierophant:HammerAndAnvil","hierophant:TollTheBells"],"picked":"hierophant:DisplayOfPower","floor":4},{"not_picked":["hierophant:AuricShield","hierophant:CoinFling"],"picked":"hierophant:Embezzle","floor":5},{"not_picked":["hierophant:FlamingChariot","hierophant:Purify"],"picked":"hierophant:CoinFling","floor":6}],"player_experience":2247103,"relics_obtained":[{"floor":6,"key":"War Paint"}],"event_choices":[{"damage_healed":0,"gold_gain":0,"player_choice":"2 cards matched","damage_taken":0,"max_hp_gain":0,"max_hp_loss":0,"event_name":"Match and Keep!","floor":2,"gold_loss":0,"cards_obtained":["Writhe","hierophant:Endure"]}],"is_beta":false,"boss_relics":[],"items_purged_floors":[],"is_endless":false,"potions_floor_spawned":[4],"killed_by":"Lagavulin","ascension_level":4}}