{"host":"2cseu44fjxeibv3f","time":1610996362,"event":{"mods":["BaseMod","Better Third Choice","BetterRewards","Colored Powertips","Energized Spire","Friendly Minions","Googly Eyes","GungeonMod","Halation","Hubris","Infinite Spire","Mimic Mod","Minty Spire (QoL Compilation)","Replay The Spire","Spicy Shops","StS++","StSLib","The Exalted","The Jungle"],"gold_per_floor":[128,152,154,180,160,160,196,223,223,251,251,251,6,33,33,133,133,176,195,216,246,49,91,112,136,172,172,8329,8361,8361,8380,8380,8475,8475,8489,8504,8504,8520,7699,7699,7729,7729,7729,7661,7680,7701,7728,7756,7756,7756,7756,7756,7078,7121,7121],"floor_reached":56,"language":"ENG","playtime":3573,"items_purged":["Bromod:Strike_Bro","Bromod:HellsChamber","Decay"],"score":1945,"play_id":"d16f09ab-690a-4d89-ad21-1ece0e303a51","local_time":"20210118135922","is_ascension_mode":true,"campfire_choices":[{"data":"Bromod:ArchwingLauncher","floor":6,"key":"SMITH"},{"data":"Bromod:PointStrike","floor":12,"key":"SMITH"},{"data":"Bromod:BriefRespite","floor":27,"key":"SMITH"},{"floor":32,"key":"DIG"},{"floor":40,"key":"RECALL"},{"floor":42,"key":"REST"},{"data":"Bromod:EnergySiphon","floor":49,"key":"SMITH"},{"data":"DemoMod:Invincible","floor":52,"key":"SMITH"}],"circlet_count":0,"master_deck":["Bromod:Defend_Bro+1","Bromod:Defend_Bro","Bromod:Defend_Bro","Bromod:Defend_Bro","Bromod:SlashDash","Bromod:SlashDash","Bromod:SlashDash","Bromod:PointStrike+1","Bromod:ContagiousSpread","Bromod:ArchwingLauncher+1","Bromod:BriefRespite+1","infinitespire:Fortify","Bromod:ContagiousSpread","Bromod:RadialBlind","Bromod:EnergySiphon+1","Bromod:PointStrike","DemoMod:Invincible+1","Bromod:DriftingContact","Bromod:Stretch","Bromod:Redirection+1","Bromod:HornetStrike","DemoMod:BalloonGun","Bromod:VoltaicStrike+1","Bromod:OrganShatter","Bromod:FastHands","Bromod:SpeedTrigger","Bromod:Foundry","Metamorphosis","Mind Blast","Bromod:BriefRespite","Bromod:FocusEnergy","Bromod:Reflection+1","Bromod:NorthWind","Bromod:BriefRespite+1","Bromod:VitalSense","Bromod:OrganShatter","Bromod:Redirection","Bromod:BloodRush","Bromod:SlipMagazine","Flash of Steel","Transmutation","Bromod:SteelCharge+1","Bromod:ReflexCoil+1","Bromod:SteelCharge+1","Bromod:PointBlank","Bromod:PointStrike","Bromod:PointStrike","Bromod:FastHands","Bromod:QuickDraw","Bromod:Foundry","Midas Touch","Replay:Parry","Bromod:Blaze"],"relics":["Raider\u0027s Mask","Gremlin Food","Turnip","infinitespire:PuzzleCube","CloakClasp","infinitespire:Burning Sword","The Specimen","PureWater","Membership Card","Replay:M_SmolderingBlood","Shuriken","StSpp:BoiledEgg","Smiling Mask","DemoMod:MonsterBlood","infinitespire:Chaos","Lantern","ClockworkSouvenir","DemoMod:LamentConfigurum","Replay:Bottled Snecko","infinitespire:Beetle Shell","Letter Opener","Pocketwatch","hubris:ToyBattleship","Philosopher\u0027s Stone","halation:PinkSoulGem","hubris:TenFootPole","Happy Flower","CeramicFish","DemoMod:MemoryAlloy","halation:Jellyphish","hubris:EmptyBottle","infinitespire:Bottled Soul","Vajra","Bag of Preparation","Replay:Baseball","infinitespire:BottledMercury","HandDrill","Frozen Eye","Pet Ghost","halation:PrussianBluePaint","Replay:Arrowhead"],"acts_visited":["Exordium","TheCity","TheBeyond","TheEnding"],"potions_floor_usage":[7,10,33,33,50,50,54,55,55],"damage_taken":[{"damage":9,"enemies":"2 Louse","floor":1,"turns":2},{"damage":0,"enemies":"Small Slimes","floor":2,"turns":3},{"damage":1,"enemies":"Cultist","floor":4,"turns":4},{"damage":0,"enemies":"Gremlin Nob","floor":7,"turns":5},{"damage":4,"enemies":"Blue Slaver","floor":8,"turns":6},{"damage":0,"enemies":"Lagavulin","floor":10,"turns":10},{"damage":13,"enemies":"Large Slime","floor":14,"turns":8},{"damage":0,"enemies":"Fading Forest","floor":16,"turns":11},{"damage":22,"enemies":"3 Byrds","floor":18,"turns":15},{"damage":2,"enemies":"Shell Parasite","floor":19,"turns":8},{"damage":3,"enemies":"Chosen and Byrds","floor":20,"turns":8},{"damage":25,"enemies":"Centurion and Healer","floor":21,"turns":11},{"damage":0,"enemies":"hubris:Merchant","floor":22,"turns":1},{"damage":0,"enemies":"Slavers","floor":23,"turns":16},{"damage":0,"enemies":"Sentry and Sphere","floor":24,"turns":12},{"damage":1,"enemies":"Snake Plant","floor":25,"turns":7},{"damage":0,"enemies":"Centurion and Healer","floor":26,"turns":16},{"damage":33,"enemies":"Gremlin Leader","floor":29,"turns":4},{"damage":2,"enemies":"Centurion and Healer","floor":31,"turns":5},{"damage":22,"enemies":"Collector","floor":33,"turns":7},{"damage":0,"enemies":"3 Darklings","floor":35,"turns":6},{"damage":11,"enemies":"Orb Walker","floor":36,"turns":2},{"damage":27,"enemies":"Transient","floor":38,"turns":5},{"damage":7,"enemies":"R_Hoarder","floor":41,"turns":6},{"damage":0,"enemies":"Sphere and 2 Shapes","floor":45,"turns":4},{"damage":6,"enemies":"Writhing Mass","floor":46,"turns":5},{"damage":81,"enemies":"Nemesis","floor":47,"turns":5},{"damage":0,"enemies":"Maw","floor":48,"turns":7},{"damage":24,"enemies":"hubris:GrandSnecko","floor":50,"turns":3},{"damage":25,"enemies":"Shield and Spear","floor":54,"turns":5},{"damage":53,"enemies":"The Heart","floor":55,"turns":6}],"seed_played":"5579063988847489002","potions_obtained":[{"floor":4,"key":"PowerPotion"},{"floor":7,"key":"Languid Potion"},{"floor":14,"key":"Strength Potion"},{"floor":16,"key":"Bromod:Forma"},{"floor":20,"key":"Energy Potion"},{"floor":25,"key":"DemoMod:LeadSkinPotion"},{"floor":33,"key":"CultistPotion"},{"floor":35,"key":"PowerPotion"},{"floor":46,"key":"Swift Potion"},{"floor":48,"key":"Doom Potion"}],"is_trial":false,"path_per_floor":["M","M","?","M","?","R","E","M","T","E","?","R","$","M","R","B",null,"M","M","M","M","$","E","M","M","MIM","R","$","E","?","M","R","B",null,"M","M","?","M","$","R","E","R","T","?","M","M","E","M","R","B",null,"R","$","E","B",null],"character_chosen":"THE_EXALTED","items_purchased":["DemoMod:GnawedKey","infinitespire:Midas Blood","Bromod:PointStrike","DemoMod:Invincible","PrismaticShard","Bromod:HornetStrike","infinitespire:Chaos","Lantern","ClockworkSouvenir","DemoMod:LamentConfigurum","Replay:Bottled Snecko","infinitespire:Beetle Shell","Bromod:VoltaicStrike","Bromod:OrganShatter","Bromod:FastHands","Bromod:SpeedTrigger","Bromod:Foundry","Metamorphosis","Mind Blast","Bromod:VitalSense","Bromod:OrganShatter","Bromod:Redirection","Bromod:BloodRush","Bromod:SlipMagazine","hubris:TenFootPole","Happy Flower","CeramicFish","DemoMod:MemoryAlloy","halation:Jellyphish","hubris:EmptyBottle","Flash of Steel","Transmutation","Bromod:PointBlank","Bromod:PointStrike","Bromod:FastHands","Bromod:QuickDraw","Bromod:Foundry","Replay:Baseball","infinitespire:BottledMercury","HandDrill","Frozen Eye","Pet Ghost","halation:PrussianBluePaint","Midas Touch","Replay:Parry","Bromod:HealthRestore"],"campfire_rested":1,"item_purchase_floors":[0,0,0,13,22,22,28,28,28,28,28,28,28,28,28,28,28,28,28,39,39,39,39,39,39,39,39,39,39,39,39,39,53,53,53,53,53,53,53,53,53,53,53,53,53,53],"current_hp_per_floor":[33,33,16,15,15,15,15,11,11,11,11,11,26,13,13,23,75,53,51,48,23,38,38,38,37,37,37,59,26,26,24,24,2,82,82,71,71,44,44,44,37,61,61,61,61,55,19,40,40,16,82,82,82,61,16],"gold":7121,"neow_bonus":"","is_daily":false,"chose_seed":false,"campfire_upgraded":5,"win_rate":0.0,"timestamp":1610996362,"path_taken":["M","M","?","M","?","R","E","M","T","E","?","R","$","M","R","BOSS","M","M","M","M","?","E","M","M","MIM","R","$","E","?","M","R","BOSS","M","M","?","M","$","R","E","R","T","?","M","?","E","M","R","BOSS","R","$","E","BOSS"],"items_purchased_type":["Relic","Relic","Card","Card","Relic","Card","Relic","Relic","Relic","Relic","Relic","Relic","Card","Card","Card","Card","Card","Card","Card","Card","Card","Card","Card","Card","Relic","Relic","Relic","Relic","Relic","Relic","Card","Card","Card","Card","Card","Card","Card","Relic","Relic","Relic","Relic","Relic","Relic","Card","Card","Potion"],"build_version":"2020-12-22","purchased_purges":3,"victory":true,"max_hp_per_floor":[75,75,75,75,75,75,75,75,75,75,75,75,75,75,75,75,75,75,75,75,75,75,75,75,75,75,75,82,82,82,82,82,82,82,82,82,82,82,82,82,82,82,82,82,82,82,82,82,82,82,82,82,82,82,82],"card_choices":[{"not_picked":["Bromod:OrganShatter","Bromod:QuickDraw"],"picked":"Bromod:ArchwingLauncher","floor":1},{"not_picked":["Bromod:Foundry","Bromod:TacticalPump"],"picked":"Bromod:BriefRespite","floor":2},{"not_picked":["infinitespire:NeuralNetwork","hubris:Fate"],"picked":"infinitespire:Fortify","floor":3},{"not_picked":["Bromod:Foundry","Bromod:Stormbringer"],"picked":"Bromod:ContagiousSpread","floor":4},{"not_picked":["Bromod:QuickDraw","Bromod:ArchwingLauncher"],"picked":"Bromod:RadialBlind","floor":7},{"not_picked":["Bromod:QuickDraw","Bromod:FastHands"],"picked":"Bromod:EnergySiphon","floor":8},{"not_picked":["Bromod:Vitality","Bromod:ArchwingLauncher"],"picked":"Bromod:PointStrike","floor":10},{"not_picked":["Bromod:RadialBlind","Bromod:FastHands","Bromod:Reflection"],"picked":"SKIP","floor":14},{"not_picked":["Bromod:Berserker","Bromod:Blaze"],"picked":"Bromod:DriftingContact","floor":16},{"not_picked":["Bromod:NoReturn","Bromod:FastHands","Bromod:Maglev"],"picked":"SKIP","floor":18},{"not_picked":["Bromod:BloodRush","Bromod:Foundry"],"picked":"Bromod:Stretch","floor":19},{"not_picked":["Bromod:Rage","Bromod:Foundry"],"picked":"Bromod:Redirection+1","floor":20},{"not_picked":["Bromod:PressurePoint+1","Bromod:BodyCount","Bromod:Reflection"],"picked":"SKIP","floor":21},{"not_picked":["CutThroughFate+1","Sneak Up","Havoc"],"picked":"SKIP","floor":23},{"not_picked":["Iron Wave+1","ThirdEye","BowlingBash"],"picked":"SKIP","floor":24},{"not_picked":["Dagger Throw","Prepared+1"],"picked":"DemoMod:BalloonGun","floor":25},{"not_picked":["Bromod:EnergySiphon","Bromod:PressurePoint"],"picked":"Bromod:BriefRespite","floor":29},{"not_picked":["BowlingBash","Bromod:Redirection","FollowUp"],"picked":"SKIP","floor":31},{"not_picked":["Bromod:RendingStrike","Bromod:Adaptation"],"picked":"Bromod:FocusEnergy","floor":33},{"not_picked":["Bromod:Foundry","Bromod:QuickDraw+1"],"picked":"Bromod:Reflection+1","floor":35},{"not_picked":["Bromod:Reflection","Bromod:Flow"],"picked":"Bromod:NorthWind","floor":36},{"not_picked":["Bromod:SlipMagazine","Bromod:SteelFiber+1"],"picked":"Bromod:BriefRespite+1","floor":38},{"not_picked":["Bromod:SlipMagazine","Bromod:BodyCount+1","Bromod:QuickDraw"],"picked":"SKIP","floor":41},{"not_picked":["Bromod:FastHands+1","Bromod:SteelFiber"],"picked":"Bromod:SteelCharge+1","floor":45},{"not_picked":["Bromod:OrganShatter","Bromod:BloodRush"],"picked":"Bromod:ReflexCoil+1","floor":46},{"not_picked":["Bromod:Vitality","Bromod:FormaBlueprint","Bromod:SlashDash"],"picked":"SKIP","floor":47},{"not_picked":["Bromod:RelentlessCombination+1","Bromod:QuickDraw"],"picked":"Bromod:SteelCharge+1","floor":48},{"not_picked":["Bromod:BodyCount+1","Bromod:ToxicBarrage"],"picked":"Bromod:Blaze","floor":54}],"player_experience":148916,"relics_obtained":[{"floor":7,"key":"Smiling Mask"},{"floor":9,"key":"MealTicket"},{"floor":10,"key":"infinitespire:Lucky Rock"},{"floor":23,"key":"hubris:SphereOfDissonance"},{"floor":26,"key":"hubris:Potato"},{"floor":29,"key":"Letter Opener"},{"floor":32,"key":"hubris:ToyBattleship"},{"floor":41,"key":"infinitespire:Bottled Soul"},{"floor":47,"key":"Bag of Preparation"},{"floor":54,"key":"Replay:Arrowhead"}],"event_choices":[{"damage_healed":0,"gold_gain":0,"player_choice":"Left","damage_taken":0,"max_hp_gain":0,"max_hp_loss":0,"event_name":"betterThird:BetterGoop","floor":5,"gold_loss":20},{"cards_removed":["Bromod:Strike_Bro"],"damage_healed":0,"gold_gain":0,"player_choice":"Purged","damage_taken":0,"max_hp_gain":0,"max_hp_loss":0,"event_name":"Purifier","floor":11,"gold_loss":0},{"damage_healed":0,"gold_gain":0,"player_choice":"Paid Gold","damage_taken":0,"relics_obtained":["Vajra"],"max_hp_gain":0,"max_hp_loss":0,"event_name":"WeMeetAgain","floor":44,"gold_loss":68}],"is_beta":false,"boss_relics":[{"not_picked":["halation:CatFaceCupcake","energizedSpire:StickyHand"],"picked":"hubris:VirtuousBlindfold"},{"not_picked":["Cursed Key","infinitespire:Cupcake"],"picked":"Philosopher\u0027s Stone"}],"items_purged_floors":[0,28,39],"is_endless":false,"potions_floor_spawned":[4,7,14,16,20,21,25,29,33,35,45,46,48],"ascension_level":2}}