{"host":"jscggscbx0p7706o","time":1610955656,"event":{"mods":["AchievementEnabler","BaseMod","Block Reminder","Colored Powertips","Filter the Spire","Minty Spire (QoL Compilation)","Permanent Neow","Quick Restart","StSLib"],"gold_per_floor":[110,74,149,49,67,67,95,95,95,112,125,125,144,144,144,144,247,247,264,282,282,282],"floor_reached":21,"language":"ENG","playtime":731,"items_purged":[],"score":251,"play_id":"2761ae01-a4d9-4368-ba84-6392e48748f2","local_time":"20210118154056","is_ascension_mode":true,"campfire_choices":[{"data":"Whirlwind","floor":6,"key":"SMITH"},{"data":"Disarm","floor":8,"key":"SMITH"},{"data":"Flex","floor":15,"key":"SMITH"},{"data":"Flex","floor":16,"key":"SMITH"}],"circlet_count":0,"master_deck":["Strike_R","Strike_R","Strike_R","Defend_R","Defend_R","Defend_R","Defend_R","Bash","Whirlwind+1","Dropkick","Disarm+1","Flex+1","Shrug It Off","Shrug It Off","Dropkick","Flex+1","Headbutt","Demon Form","Thunderclap"],"relics":["Burning Blood","Regal Pillow","Ginger","Calling Bell","Art of War","Shuriken","Unceasing Top"],"acts_visited":["Exordium","TheCity"],"potions_floor_usage":[],"damage_taken":[{"damage":7.0,"enemies":"Jaw Worm","floor":1.0,"turns":6.0},{"damage":0,"enemies":"Cultist","floor":5,"turns":2},{"damage":34,"enemies":"Gremlin Nob","floor":7,"turns":5},{"damage":12,"enemies":"Small Slimes","floor":10,"turns":3},{"damage":2,"enemies":"Gremlin Gang","floor":11,"turns":3},{"damage":7,"enemies":"2 Fungi Beasts","floor":13,"turns":3},{"damage":62,"enemies":"Hexaghost","floor":17,"turns":12},{"damage":37,"enemies":"Shell Parasite","floor":19,"turns":7},{"damage":26,"enemies":"2 Thieves","floor":20,"turns":3},{"damage":15,"enemies":"Snake Plant","floor":21,"turns":3}],"seed_played":"2022748951726222566","potions_obtained":[{"floor":1.0,"key":"PowerPotion"},{"floor":5,"key":"Regen Potion"},{"floor":10,"key":"SkillPotion"},{"floor":11,"key":"Swift Potion"}],"is_trial":false,"path_per_floor":["M","$","?","$","M","R","E","R","T","M","M","?","M","?","R","R","B",null,"M","M","M"],"character_chosen":"IRONCLAD","items_purchased":["Disarm","Flex","Shrug It Off"],"campfire_rested":0,"item_purchase_floors":[2,4,4],"current_hp_per_floor":[71,71,64,64,70,70,42,42,42,36,40,45,44,77,77,77,21,63,32,12,0,0],"gold":282,"neow_bonus":"TRANSFORM_TWO_CARDS","is_daily":false,"chose_seed":false,"campfire_upgraded":4,"win_rate":0.0,"timestamp":1610955656,"path_taken":["M","$","?","$","M","R","E","R","T","M","?","?","M","?","R","R","BOSS","M","?","M"],"items_purchased_type":["Card","Card","Card"],"build_version":"2020-12-22","purchased_purges":0,"victory":false,"max_hp_per_floor":[72,72,72,72,72,72,72,72,72,72,72,77,77,77,77,77,77,77,77,77,77,77],"card_choices":[{"not_picked":["Armaments","Twin Strike"],"picked":"Dropkick","floor":1.0},{"not_picked":["Reckless Charge","Dark Embrace"],"picked":"Shrug It Off","floor":5},{"not_picked":["Pommel Strike","Sword Boomerang"],"picked":"Dropkick","floor":7},{"not_picked":["Perfected Strike","Headbutt"],"picked":"Flex","floor":10},{"not_picked":["Entrench","Perfected Strike","Havoc"],"picked":"SKIP","floor":11},{"not_picked":["Anger","Clothesline"],"picked":"Headbutt","floor":13},{"not_picked":["Immolate","Offering"],"picked":"Demon Form","floor":17},{"not_picked":["Armaments+1","Warcry"],"picked":"Thunderclap","floor":19},{"not_picked":["Twin Strike","Warcry","Dark Embrace"],"picked":"SKIP","floor":20}],"player_experience":290397,"relics_obtained":[{"floor":7,"key":"Regal Pillow"},{"floor":9,"key":"Ginger"},{"floor":18,"key":"Art of War"},{"floor":18,"key":"Shuriken"},{"floor":18,"key":"Unceasing Top"}],"event_choices":[{"damage_healed":0,"gold_gain":75,"player_choice":"Touch","damage_taken":7,"max_hp_gain":0,"max_hp_loss":0,"event_name":"FaceTrader","floor":3,"gold_loss":0},{"damage_healed":0,"gold_gain":0,"player_choice":"Donut","damage_taken":0,"max_hp_gain":5,"max_hp_loss":0,"event_name":"Big Fish","floor":12,"gold_loss":0},{"cards_removed":["Sever Soul"],"damage_healed":33,"gold_gain":0,"player_choice":"Offered Uncommon","damage_taken":0,"max_hp_gain":0,"max_hp_loss":0,"event_name":"Bonfire Elementals","floor":14,"gold_loss":0}],"is_beta":false,"boss_relics":[{"not_picked":["Fusion Hammer","Pandora\u0027s Box"],"picked":"Calling Bell"}],"items_purged_floors":[],"is_endless":false,"potions_floor_spawned":[1,5,10,11],"killed_by":"Snake Plant","ascension_level":8}}