{"host":"cmxkjr0hek4mqvmn","time":1610937069,"event":{"mods":["BaseMod","Beaked The Cultist","Better Match","Better Skull","Better Third Choice","BetterRewards","Clawfect","Colored Map","Displayed Cursed Tome","Duelist Mod","GifTheSpireLib","Hermit","Hubris","JesterMod","Mimic Mod","Minty Spire (QoL Compilation)","Quick Restart","Robot Space Explorer","StSLib","The Bladedancer","The Blue Laboratory","The Cursed","Thieving Mod","Waifu the Spire"],"gold_per_floor":[116,291,311,261,261,292,292,303,303,335,335,345,13,30,30,128,128,140,140,3,23,37,37,64,64,64,82,99,15,43,43,43],"floor_reached":31,"language":"ENG","playtime":1812,"items_purged":[],"score":351,"play_id":"aaf9f500-e505-42ac-a87d-0fde5249f967","local_time":"20210117213109","is_ascension_mode":true,"campfire_choices":[{"data":"Loop","floor":7.0,"key":"SMITH"},{"data":"Conserve Battery","floor":15.0,"key":"SMITH"},{"data":"Electrodynamics","floor":23.0,"key":"SMITH"},{"data":"Swift Strike","floor":25.0,"key":"SMITH"}],"circlet_count":0,"master_deck":["Gash","Gash","Gash","Gash","Gash","Defend_B","Defend_B","Defend_B","Defend_B","Defend_B","Conserve Battery+1","Tempest+1","Loop+1","Genetic Algorithm+1","Clawfect:ClawCell","Chill+1","Leap+1","Clawfect:Clawter","Electrodynamics+1","Madness","Swift Strike+1","Gash","Coolheaded+1","Tempest+1","Leap+1","Clawfect:Clawrage","Steam+1","BootSequence+1","Clawfect:Clawrage","Clawfect:ClawLightning"],"relics":["Clawfect:DRClaw","NeowsBlessing","Toxic Egg 2","Bottled Tornado","hubris:TenFootPole","CultistMask","Lee\u0027s Waffle","Akabeko","Philosopher\u0027s Stone","Potion Belt","Mercury Hourglass","hubris:GlazedTorus"],"acts_visited":["Exordium","TheCity"],"potions_floor_usage":[28,28,31],"damage_taken":[{"damage":3.0,"enemies":"2 Louse","floor":1.0,"turns":2.0},{"damage":0.0,"enemies":"Small Slimes","floor":3.0,"turns":2.0},{"damage":0.0,"enemies":"Lagavulin","floor":6.0,"turns":2.0},{"damage":6.0,"enemies":"Cultist","floor":8.0,"turns":3.0},{"damage":18.0,"enemies":"3 Sentries","floor":10.0,"turns":6.0},{"damage":20.0,"enemies":"Exordium Thugs","floor":12.0,"turns":4.0},{"damage":10.0,"enemies":"Exordium Wildlife","floor":14.0,"turns":5.0},{"damage":41.0,"enemies":"Slime Boss","floor":16.0,"turns":8.0},{"damage":8.0,"enemies":"2 Thieves","floor":18.0,"turns":3.0},{"damage":16.0,"enemies":"Shell Parasite","floor":21.0,"turns":5.0},{"damage":12.0,"enemies":"Snake Plant","floor":22.0,"turns":6.0},{"damage":22.0,"enemies":"theDuelist:KaibaA2","floor":24.0,"turns":5.0},{"damage":11.0,"enemies":"Cultist and Chosen","floor":27.0,"turns":4.0},{"damage":7,"enemies":"Shelled Parasite and Fungi","floor":28,"turns":3},{"damage":5,"enemies":"Gremlin Leader","floor":30,"turns":5},{"damage":2,"enemies":"Colosseum Slavers","floor":31,"turns":3},{"damage":25,"enemies":"Colosseum Nobs","floor":31,"turns":3}],"seed_played":"-4721164558160524520","potions_obtained":[{"floor":3.0,"key":"blueLaboratory:RelayPotion"},{"floor":8.0,"key":"Energy Potion"},{"floor":10.0,"key":"AttackPotion"},{"floor":14.0,"key":"GamblersBrew"},{"floor":16.0,"key":"blueLaboratory:BiasPotion"},{"floor":18.0,"key":"blueLaboratory:EnragingPotion"},{"floor":27.0,"key":"Swift Potion"},{"floor":30,"key":"PowerPotion"}],"is_trial":false,"path_per_floor":["M","?","M","?","?","E","R","M","T","E","?","M","$","M","R","B",null,"M","?","$","M","M","R","E","R","T","M","M","$","E","?"],"character_chosen":"DEFECT","items_purchased":["Lee\u0027s Waffle","Akabeko","Leap+1","Swift Strike","Gash","BootSequence+1","Clawfect:Clawrage"],"campfire_rested":0,"item_purchase_floors":[13,13,13,20,20,29,29],"current_hp_per_floor":[72,72,72,72,72,72,72,66,66,48,48,28,82,72,72,31,82,74,82,82,66,54,54,32,32,32,21,14,14,9,0,0],"gold":43,"neow_bonus":"THREE_ENEMY_KILL","is_daily":false,"chose_seed":false,"campfire_upgraded":4,"win_rate":0.0,"timestamp":1610937069,"path_taken":["M","?","M","?","?","E","R","M","T","E","?","M","$","M","R","BOSS","M","?","?","M","?","R","E","R","T","M","M","?","E","?"],"items_purchased_type":["Relic","Relic","Card","Card","Card","Card","Card"],"build_version":"2020-12-22","purchased_purges":0,"victory":false,"max_hp_per_floor":[75,75,75,75,75,75,75,75,75,75,75,75,82,82,82,82,82,82,82,82,82,82,82,82,82,82,82,82,82,82,82,82],"card_choices":[{"not_picked":["Clawfect:ClawingBeam","Hologram"],"picked":"Conserve Battery","floor":1.0},{"not_picked":["Clawfect:ClawAndTear","Clawfect:Clawter"],"picked":"Tempest","floor":3.0},{"not_picked":["Clawfect:ClawForTheEyes","Reboot+1"],"picked":"Loop","floor":6.0},{"not_picked":["Clawfect:ScrapingClaw","Heatsinks"],"picked":"Genetic Algorithm+1","floor":8.0},{"not_picked":["Glacier+1","Force Field+1"],"picked":"Clawfect:ClawCell","floor":10.0},{"not_picked":["Clawfect:ClawLightning","Turbo+1"],"picked":"Chill+1","floor":12.0},{"not_picked":["Hello World","Consume+1"],"picked":"Clawfect:Clawter","floor":14.0},{"not_picked":["Multi-Cast+1","Buffer"],"picked":"Electrodynamics","floor":16.0},{"not_picked":["Hologram+1","Chaos+1"],"picked":"FTL","floor":18.0},{"not_picked":["Redo+1","Clawfect:Clawter"],"picked":"Coolheaded+1","floor":21.0},{"not_picked":["Heatsinks+1","Genetic Algorithm+1"],"picked":"Tempest+1","floor":22.0},{"not_picked":["Clawfect:ClawCell","Clawfect:ClawSnap+1"],"picked":"Leap+1","floor":24.0},{"not_picked":["hubris:PowerSurge","Redo+1"],"picked":"Clawfect:Clawrage","floor":27.0},{"not_picked":["Heatsinks","Clawfect:Clawline"],"picked":"Steam+1","floor":28},{"not_picked":["Double Energy+1","FTL"],"picked":"Clawfect:ClawLightning","floor":30}],"player_experience":605991,"relics_obtained":[{"floor":6.0,"key":"Toxic Egg 2"},{"floor":9.0,"key":"Bottled Tornado"},{"floor":10.0,"key":"hubris:TenFootPole"},{"floor":24.0,"key":"Potion Belt"},{"floor":26.0,"key":"Mercury Hourglass"},{"floor":30,"key":"hubris:GlazedTorus"}],"event_choices":[{"damage_healed":0.0,"max_hp_gain":0.0,"max_hp_loss":0.0,"gold_gain":175.0,"event_name":"betterThird:BetterSerpent","player_choice":"AGREE","floor":2.0,"gold_loss":0.0,"damage_taken":116.0},{"cards_removed":["Doubt"],"damage_healed":0.0,"max_hp_gain":0.0,"max_hp_loss":0.0,"gold_gain":0.0,"event_name":"The Cleric","player_choice":"Card Removal","floor":4.0,"gold_loss":50.0,"damage_taken":0.0},{"damage_healed":0.0,"max_hp_gain":0.0,"max_hp_loss":0.0,"gold_gain":0.0,"event_name":"Living Wall","player_choice":"Grow","floor":5.0,"gold_loss":0.0,"damage_taken":0.0,"cards_upgraded":["Tempest"]},{"damage_healed":0.0,"max_hp_gain":0.0,"max_hp_loss":0.0,"gold_gain":0.0,"event_name":"FaceTrader","player_choice":"Trade","floor":11.0,"gold_loss":0.0,"damage_taken":0.0,"relics_obtained":["CultistMask"]},{"damage_healed":8.0,"max_hp_gain":0.0,"max_hp_loss":0.0,"gold_gain":0.0,"event_name":"Wheel of Change","player_choice":"Full Heal","floor":19.0,"gold_loss":0.0,"damage_taken":0.0},{"damage_healed":0,"gold_gain":0,"player_choice":"Fight","damage_taken":0,"max_hp_gain":0,"max_hp_loss":0,"event_name":"Colosseum","floor":31,"gold_loss":0},{"damage_healed":0,"gold_gain":0,"player_choice":"Fought Nobs","damage_taken":0,"max_hp_gain":0,"max_hp_loss":0,"event_name":"Colosseum","floor":31,"gold_loss":0}],"is_beta":false,"boss_relics":[{"not_picked":["Tiny House","hubris:BlackHole"],"picked":"Philosopher\u0027s Stone"}],"items_purged_floors":[],"is_endless":false,"potions_floor_spawned":[3,8,10,14,16,18,27,30,31],"killed_by":"Colosseum Nobs","ascension_level":1}}