{"host":"jx3f6ezc0g3s9edc","time":1610935783,"event":{"mods":["AchievementEnabler","BaseMod","Bestiary","Colored Map","Highlight Path","Minty Spire (QoL Compilation)","StSLib"],"gold_per_floor":[114,129,129,141,29,29,61,61,139,149,183,183,193,203,203,305,305,305,305,230,230,230,230,230,230,230,230,230,230,230,230,230,230,230,230,230,230,230,230,2,2,2,2,2,2,2,2,2,2,2],"floor_reached":51,"language":"ENG","playtime":3971,"items_purged":[],"score":863,"play_id":"f9ddbb67-304b-41f1-9ed2-36a7796621cd","local_time":"20210117210943","is_ascension_mode":true,"campfire_choices":[{"data":"Adaptation","floor":6.0,"key":"SMITH"},{"data":"TalkToTheHand","floor":8.0,"key":"SMITH"},{"data":"Vault","floor":12.0,"key":"SMITH"},{"floor":15.0,"key":"REST"},{"data":"Alpha","floor":23.0,"key":"SMITH"},{"floor":25.0,"key":"REST"},{"data":"Crescendo","floor":30.0,"key":"SMITH"},{"data":"Wireheading","floor":32.0,"key":"SMITH"},{"data":"Apotheosis","floor":41.0,"key":"SMITH"},{"floor":49,"key":"REST"}],"circlet_count":0,"master_deck":["Strike_P","Strike_P","Defend_P","Defend_P","Defend_P","Eruption+1","Vigilance","TalkToTheHand+1","ClearTheMind","FollowUp","Adaptation+1","Vault+1","LikeWater","CutThroughFate","WaveOfTheHand","Wireheading+1","Alpha+1","Evaluate+1","Halt","Wallop+1","Prostrate","Nirvana+1","CutThroughFate","Crescendo+1","WheelKick","Wish","CutThroughFate","FlurryOfBlows+1","Apotheosis+1","TalkToTheHand","Violence","Madness","Madness"],"relics":["SacredBark","Orichalcum","HornCleat","Toy Ornithopter","Ectoplasm","Eternal Feather","Pen Nib","Oddly Smooth Stone","Philosopher\u0027s Stone","Prayer Wheel","Potion Belt","Gremlin Horn","MealTicket"],"acts_visited":["Exordium","TheCity","TheBeyond"],"potions_floor_usage":[50],"damage_taken":[{"damage":2.0,"enemies":"Jaw Worm","floor":1.0,"turns":4.0},{"damage":2.0,"enemies":"Cultist","floor":2.0,"turns":5.0},{"damage":7.0,"enemies":"Small Slimes","floor":4.0,"turns":3.0},{"damage":0.0,"enemies":"Gremlin Nob","floor":7.0,"turns":3.0},{"damage":7.0,"enemies":"2 Fungi Beasts","floor":10.0,"turns":4.0},{"damage":10.0,"enemies":"Lagavulin","floor":11.0,"turns":6.0},{"damage":12.0,"enemies":"Large Slime","floor":13.0,"turns":6.0},{"damage":2.0,"enemies":"3 Louse","floor":14.0,"turns":5.0},{"damage":0.0,"enemies":"Slime Boss","floor":16.0,"turns":4.0},{"damage":11.0,"enemies":"Spheric Guardian","floor":18.0,"turns":5.0},{"damage":11.0,"enemies":"Chosen","floor":19.0,"turns":5.0},{"damage":16.0,"enemies":"Sentry and Sphere","floor":21.0,"turns":5.0},{"damage":20.0,"enemies":"Gremlin Leader","floor":24.0,"turns":5.0},{"damage":5.0,"enemies":"Slavers","floor":27.0,"turns":5.0},{"damage":12.0,"enemies":"3 Cultists","floor":28.0,"turns":5.0},{"damage":0.0,"enemies":"Centurion and Healer","floor":29.0,"turns":4.0},{"damage":0.0,"enemies":"Shelled Parasite and Fungi","floor":31.0,"turns":4.0},{"damage":23.0,"enemies":"Collector","floor":33.0,"turns":9.0},{"damage":2.0,"enemies":"Orb Walker","floor":35.0,"turns":5.0},{"damage":17.0,"enemies":"2 Orb Walkers","floor":38.0,"turns":6.0},{"damage":0.0,"enemies":"3 Darklings","floor":39.0,"turns":6.0},{"damage":2.0,"enemies":"Transient","floor":42.0,"turns":6.0},{"damage":32,"enemies":"Nemesis","floor":48,"turns":8},{"damage":57,"enemies":"Time Eater","floor":50,"turns":8}],"seed_played":"-4116425935695224767","potions_obtained":[{"floor":4.0,"key":"FearPotion"},{"floor":11.0,"key":"FairyPotion"},{"floor":13.0,"key":"SteroidPotion"},{"floor":14.0,"key":"SteroidPotion"},{"floor":16.0,"key":"Swift Potion"},{"floor":18.0,"key":"SneckoOil"},{"floor":28.0,"key":"LiquidMemories"},{"floor":29.0,"key":"SneckoOil"},{"floor":31.0,"key":"Block Potion"},{"floor":35.0,"key":"StancePotion"},{"floor":38.0,"key":"CultistPotion"},{"floor":42.0,"key":"SpeedPotion"}],"is_trial":false,"path_per_floor":["M","M","?","M","$","R","E","R","T","M","E","R","M","M","R","B",null,"M","M","?","M","?","R","E","R","T","E","M","M","R","M","R","B",null,"M","?","?","?","M","$","R","M","T","?","$","?","T","E","R","B",null],"character_chosen":"WATCHER","items_purchased":["Adaptation","EssenceOfSteel","Apotheosis","Block Potion"],"campfire_rested":3,"item_purchase_floors":[5,5,40,40],"current_hp_per_floor":[70,68,68,61,61,61,61,61,61,54,44,44,32,30,51,61,72,61,50,50,39,39,39,19,52,52,47,35,40,55,60,72,54,72,70,70,70,60,60,60,72,70,70,70,70,61,61,29,68,15],"gold":2,"neow_bonus":"BOSS_RELIC","is_daily":false,"chose_seed":false,"campfire_upgraded":7,"win_rate":0.0,"timestamp":1610935783,"path_taken":["M","M","?","M","$","R","E","R","T","M","E","R","M","?","R","BOSS","M","M","?","M","?","R","E","R","T","E","?","M","R","M","R","BOSS","M","?","?","?","M","?","R","M","T","?","$","?","?","E","R","BOSS"],"items_purchased_type":["Card","Potion","Card","Potion"],"build_version":"2020-12-22","purchased_purges":0,"victory":true,"max_hp_per_floor":[72,72,72,72,72,72,72,72,72,72,72,72,72,72,72,72,72,72,72,72,72,72,72,72,72,72,72,72,72,72,72,72,72,72,72,72,72,72,72,72,72,72,72,72,72,72,72,72,72,72],"card_choices":[{"not_picked":["Evaluate","EmptyBody"],"picked":"TalkToTheHand","floor":1.0},{"not_picked":["WreathOfFlame","SashWhip"],"picked":"ClearTheMind","floor":2.0},{"not_picked":["Vengeance","Pray"],"picked":"FollowUp","floor":4.0},{"not_picked":["Evaluate","SandsOfTime"],"picked":"Vault","floor":7.0},{"not_picked":["SashWhip","ClearTheMind"],"picked":"LikeWater","floor":10.0},{"not_picked":["JustLucky","Swivel"],"picked":"CutThroughFate","floor":11.0},{"not_picked":["InnerPeace","CutThroughFate"],"picked":"WaveOfTheHand","floor":13.0},{"not_picked":["EmptyBody","MasterReality"],"picked":"Wireheading","floor":14.0},{"not_picked":["Blasphemy","Vault"],"picked":"Alpha","floor":16.0},{"not_picked":["Consecrate","EmptyFist"],"picked":"Evaluate+1","floor":18.0},{"not_picked":["Consecrate","EmptyFist"],"picked":"Halt","floor":19.0},{"not_picked":["Prostrate","CrushJoints"],"picked":"Wallop+1","floor":21.0},{"not_picked":["PathToVictory","ThirdEye+1","SashWhip"],"picked":"SKIP","floor":24.0},{"not_picked":["ThirdEye","Crescendo"],"picked":"Nirvana+1","floor":27.0},{"not_picked":["Halt","SashWhip+1"],"picked":"CutThroughFate","floor":28.0},{"not_picked":["Consecrate+1","ReachHeaven"],"picked":"Crescendo","floor":29.0},{"not_picked":["SashWhip","FollowUp"],"picked":"WheelKick","floor":31.0},{"not_picked":["DevaForm","Establishment"],"picked":"Wish","floor":33.0},{"not_picked":["CutThroughFate","ClearTheMind+1","Adaptation"],"picked":"SKIP","floor":35.0},{"not_picked":["InnerPeace+1","BattleHymn+1"],"picked":"CutThroughFate","floor":38.0},{"not_picked":["ClearTheMind","FlyingSleeves"],"picked":"FlurryOfBlows+1","floor":39.0},{"not_picked":["Crescendo","WindmillStrike+1","SashWhip+1"],"picked":"SKIP","floor":39.0},{"not_picked":["LikeWater+1","Sanctity+1"],"picked":"TalkToTheHand","floor":42.0},{"not_picked":["Sanctity+1","PathToVictory+1","Swivel+1"],"picked":"SKIP","floor":42.0},{"not_picked":["Jack Of All Trades","Mind Blast"],"picked":"Violence","floor":44.0},{"not_picked":["Consecrate","Wish","SandsOfTime+1"],"picked":"SKIP","floor":48}],"player_experience":761022,"relics_obtained":[{"floor":7.0,"key":"Orichalcum"},{"floor":9.0,"key":"HornCleat"},{"floor":11.0,"key":"Toy Ornithopter"},{"floor":24.0,"key":"Eternal Feather"},{"floor":26.0,"key":"Pen Nib"},{"floor":27.0,"key":"Oddly Smooth Stone"},{"floor":38.0,"key":"Prayer Wheel"},{"floor":43.0,"key":"Potion Belt"},{"floor":47.0,"key":"Gremlin Horn"},{"floor":48,"key":"MealTicket"}],"event_choices":[{"damage_healed":0.0,"max_hp_gain":0.0,"max_hp_loss":0.0,"gold_gain":0.0,"event_name":"Upgrade Shrine","player_choice":"Upgraded","floor":3.0,"gold_loss":0.0,"damage_taken":0.0,"cards_upgraded":["Eruption"]},{"cards_removed":["Strike_P"],"damage_healed":0.0,"max_hp_gain":0.0,"max_hp_loss":0.0,"gold_gain":0.0,"event_name":"Beggar","player_choice":"Gave Gold","floor":20.0,"gold_loss":75.0,"damage_taken":0.0},{"damage_healed":0.0,"max_hp_gain":0.0,"max_hp_loss":0.0,"gold_gain":0.0,"cards_transformed":["Defend_P"],"event_name":"Transmorgrifier","player_choice":"Transformed","floor":22.0,"gold_loss":0.0,"damage_taken":0.0,"cards_obtained":["Prostrate"]},{"damage_healed":0.0,"max_hp_gain":0.0,"max_hp_loss":0.0,"gold_gain":0.0,"event_name":"Tomb of Lord Red Mask","player_choice":"Ignored","floor":36.0,"gold_loss":0.0,"damage_taken":0.0},{"cards_removed":["Strike_P"],"damage_healed":0.0,"max_hp_gain":0.0,"max_hp_loss":0.0,"gold_gain":0.0,"event_name":"Falling","player_choice":"Removed Attack","floor":37.0,"gold_loss":0.0,"damage_taken":0.0},{"damage_healed":0.0,"max_hp_gain":0.0,"max_hp_loss":0.0,"gold_gain":0.0,"event_name":"Mysterious Sphere","player_choice":"Fight","floor":38.0,"gold_loss":0.0,"damage_taken":0.0},{"damage_healed":0.0,"max_hp_gain":0.0,"max_hp_loss":0.0,"gold_gain":0.0,"event_name":"SensoryStone","player_choice":"Memory 1","floor":44.0,"gold_loss":0.0,"damage_taken":0.0},{"damage_healed":0.0,"max_hp_gain":0.0,"max_hp_loss":0.0,"gold_gain":0.0,"event_name":"Winding Halls","player_choice":"Embrace Madness","floor":46.0,"gold_loss":0.0,"damage_taken":9.0,"cards_obtained":["Madness","Madness"]}],"is_beta":false,"boss_relics":[{"not_picked":["Cursed Key","Sozu"],"picked":"Ectoplasm"},{"not_picked":["Velvet Choker","Astrolabe"],"picked":"Philosopher\u0027s Stone"}],"items_purged_floors":[],"is_endless":false,"potions_floor_spawned":[4,11,13,14,16,18,28,29,31,35,38,42],"ascension_level":3}}