{"host":"dcj2yvrgcvh5dl2s","time":1610972356,"event":{"mods":["BaseMod","Better Note","Block Reminder","Colored Powertips","DeckTracker","Minty Spire (QoL Compilation)","Quick Restart","Rare Cards Sparkle","Relic Stats","StSLib"],"gold_per_floor":[113,125,15,27,27,53,53,80,107,140,140,16,33,33,33,131,131,151,171,171,171],"floor_reached":20,"language":"ENG","playtime":1145,"items_purged":[],"score":250,"play_id":"eb325e4d-a2ed-4e01-a9ae-da0c7f9b9126","local_time":"20210118221916","is_ascension_mode":true,"campfire_choices":[{"floor":7,"key":"REST"},{"data":"Neutralize","floor":15,"key":"SMITH"}],"circlet_count":0,"master_deck":["Strike_G","Strike_G","Strike_G","Strike_G","Defend_G","Defend_G","Defend_G","Defend_G","Defend_G","Survivor","Neutralize+1","Cloak And Dagger","Terror","Noxious Fumes","Catalyst","Footwork","Cloak And Dagger","Accuracy","Choke","Accuracy","Backflip","Backstab","After Image","Escape Plan","Slice"],"relics":["Ring of the Snake","NeowsBlessing","Akabeko","Omamori","MealTicket","Smiling Mask","Juzu Bracelet","Calling Bell","Nunchaku","Ornamental Fan","Gambling Chip"],"acts_visited":["Exordium","TheCity"],"potions_floor_usage":[6,10,16],"damage_taken":[{"damage":0,"enemies":"Cultist","floor":1,"turns":1},{"damage":0,"enemies":"Small Slimes","floor":2,"turns":1},{"damage":0,"enemies":"Jaw Worm","floor":4,"turns":1},{"damage":9,"enemies":"Lagavulin","floor":6,"turns":6},{"damage":27,"enemies":"Gremlin Nob","floor":8,"turns":5},{"damage":8,"enemies":"Lagavulin","floor":10,"turns":6},{"damage":6,"enemies":"Exordium Thugs","floor":13,"turns":4},{"damage":50,"enemies":"Slime Boss","floor":16,"turns":12},{"damage":19,"enemies":"Chosen","floor":18,"turns":6},{"damage":27,"enemies":"2 Thieves","floor":19,"turns":5},{"damage":14,"enemies":"Shelled Parasite and Fungi","floor":20,"turns":2}],"seed_played":"4015799162146553675","potions_obtained":[{"floor":2,"key":"SneckoOil"},{"floor":6,"key":"Swift Potion"},{"floor":8,"key":"DistilledChaos"}],"is_trial":false,"path_per_floor":["M","M","$","M","?","E","R","E","T","E","?","$","M","$","R","B",null,"M","M","M"],"character_chosen":"THE_SILENT","items_purchased":["Noxious Fumes","Catalyst","Accuracy","Backflip"],"campfire_rested":1,"item_purchase_floors":[3,3,12,12],"current_hp_per_floor":[63,63,63,63,56,47,68,41,41,33,33,48,42,57,57,7,54,35,8,0,0],"gold":171,"neow_bonus":"THREE_ENEMY_KILL","is_daily":false,"chose_seed":false,"campfire_upgraded":1,"win_rate":0.0,"timestamp":1610972356,"path_taken":["M","?","$","M","?","E","R","E","T","E","?","?","M","$","R","BOSS","M","M","M"],"items_purchased_type":["Card","Card","Card","Card"],"build_version":"2020-12-22","purchased_purges":0,"victory":false,"max_hp_per_floor":[70,70,70,70,70,70,70,70,70,70,70,70,70,70,70,70,70,70,70,70,70],"relic_stats":{"Nunchaku":[2],"counters":[11,49],"Ornamental Fan":[8],"Gambling Chip":[9],"MealTicket":30,"Juzu Bracelet":0,"Smiling Mask":0,"obtain_stats":[{"Calling Bell":17,"Nunchaku":17,"NeowsBlessing":0,"Ornamental Fan":17,"Gambling Chip":17,"MealTicket":9,"Omamori":8,"Juzu Bracelet":11,"Smiling Mask":10,"Akabeko":6,"Ring of the Snake":0},{"Calling Bell":8,"Nunchaku":8,"NeowsBlessing":0,"Ornamental Fan":8,"Gambling Chip":8,"MealTicket":5,"Omamori":5,"Juzu Bracelet":6,"Smiling Mask":6,"Akabeko":4,"Ring of the Snake":0},{"Calling Bell":36,"Nunchaku":36,"NeowsBlessing":0,"Ornamental Fan":36,"Gambling Chip":36,"MealTicket":14,"Omamori":14,"Juzu Bracelet":20,"Smiling Mask":20,"Akabeko":9,"Ring of the Snake":0}],"Ring of the Snake":[22]},"card_choices":[{"not_picked":["Deflect","Acrobatics"],"picked":"Cloak And Dagger","floor":1},{"not_picked":["Eviscerate","Backstab"],"picked":"Terror","floor":2},{"not_picked":["Noxious Fumes","Catalyst"],"picked":"Footwork","floor":4},{"not_picked":["Quick Slash","Concentrate"],"picked":"Cloak And Dagger","floor":6},{"not_picked":["Caltrops","Riddle With Holes"],"picked":"Accuracy","floor":8},{"not_picked":["Concentrate","Flying Knee"],"picked":"Choke","floor":10},{"not_picked":["Blur","Storm of Steel"],"picked":"Backstab","floor":13},{"not_picked":["Wraith Form v2","Grand Finale"],"picked":"After Image","floor":16},{"not_picked":["Deadly Poison","Dagger Throw"],"picked":"Escape Plan","floor":18},{"not_picked":["Sucker Punch","Prepared"],"picked":"Slice","floor":19}],"player_experience":2240899,"relics_obtained":[{"floor":6,"key":"Akabeko"},{"floor":8,"key":"Omamori"},{"floor":9,"key":"MealTicket"},{"floor":10,"key":"Smiling Mask"},{"floor":17,"key":"Nunchaku"},{"floor":17,"key":"Ornamental Fan"},{"floor":17,"key":"Gambling Chip"}],"event_choices":[{"cards_removed":["Strike_G"],"damage_healed":0,"gold_gain":0,"player_choice":"Card Removal","damage_taken":7,"max_hp_gain":0,"max_hp_loss":0,"event_name":"Golden Wing","floor":5,"gold_loss":0},{"damage_healed":0,"gold_gain":0,"player_choice":"Box","damage_taken":0,"relics_obtained":["Juzu Bracelet"],"max_hp_gain":0,"max_hp_loss":0,"event_name":"Big Fish","floor":11,"gold_loss":0,"cards_obtained":["Regret"]}],"is_beta":false,"boss_relics":[{"not_picked":["Snecko Eye","Philosopher\u0027s Stone"],"picked":"Calling Bell"}],"items_purged_floors":[],"is_endless":false,"potions_floor_spawned":[2,6,8],"killed_by":"Shelled Parasite and Fungi","ascension_level":6}}