{"host":"kw4o7b3ro2ktmmbe","time":1610953990,"event":{"mods":["BaseMod","Evolution","Minty Spire (QoL Compilation)","StSLib"],"gold_per_floor":[118,138,158,214,214,214,248,34,82,102,132,207,207,257,257,333,333,349,177,177,205,205,205,234,246,246,281,301,320,320,336,336,412,412,432,432,432,449,15,49,49,49],"floor_reached":41,"language":"ENG","playtime":9567,"items_purged":[],"score":963,"play_id":"18d76d19-5ee8-4935-85b4-f096bb7ab31e","local_time":"20210118201310","is_ascension_mode":true,"campfire_choices":[{"data":"SandsOfTime","floor":6.0,"key":"SMITH"},{"floor":13.0,"key":"REST"},{"data":"Omniscience","floor":15.0,"key":"SMITH"},{"data":"Devotion","floor":23.0,"key":"SMITH"},{"data":"Fasting2","floor":30.0,"key":"SMITH"},{"data":"LikeWater","floor":32.0,"key":"SMITH"}],"circlet_count":0,"master_deck":["AscendersBane","CrushJoints+1","CrushJoints+1","CrushJoints+1","CrushJoints","ThirdEye","ThirdEye+1","Defend_P","Defend_P+1","Eruption+1","Vigilance+1","CurseOfTheBell","SandsOfTime+1","Omniscience+1","LikeWater+1","Devotion+1","Protect","Alpha","ReachHeaven+1","Fasting2+1","LessonLearned","The Bomb","Apotheosis","Madness","Madness","TalkToTheHand+1"],"relics":["EVO:Axolotl","Calling Bell","Akabeko","Ornamental Fan","Incense Burner","War Paint","Potion Belt","Whetstone","Snecko Eye","OrangePellets","Red Mask","Mummified Hand","Orichalcum","Bag of Marbles","Black Star","Meat on the Bone","Strawberry","Pen Nib","Toy Ornithopter"],"acts_visited":["Exordium","TheCity","TheBeyond"],"potions_floor_usage":[],"damage_taken":[{"damage":0.0,"enemies":"Cultist","floor":1.0,"turns":3.0},{"damage":0.0,"enemies":"Jaw Worm","floor":2.0,"turns":4.0},{"damage":0.0,"enemies":"Small Slimes","floor":3.0,"turns":2.0},{"damage":20.0,"enemies":"3 Sentries","floor":7.0,"turns":7.0},{"damage":0.0,"enemies":"3 Louse","floor":10.0,"turns":2.0},{"damage":10.0,"enemies":"Hexaghost","floor":16.0,"turns":8.0},{"damage":8.0,"enemies":"2 Thieves","floor":18.0,"turns":3.0},{"damage":12.0,"enemies":"Masked Bandits","floor":21.0,"turns":3.0},{"damage":0.0,"enemies":"Gremlin Leader","floor":24.0,"turns":3.0},{"damage":0.0,"enemies":"Chosen","floor":25.0,"turns":1.0},{"damage":11.0,"enemies":"Slavers","floor":27.0,"turns":5.0},{"damage":0.0,"enemies":"Snecko","floor":28.0,"turns":2.0},{"damage":0.0,"enemies":"3 Cultists","floor":29.0,"turns":3.0},{"damage":5.0,"enemies":"Snake Plant","floor":31.0,"turns":2.0},{"damage":12.0,"enemies":"Champ","floor":33.0,"turns":5.0},{"damage":0.0,"enemies":"Orb Walker","floor":35.0,"turns":3.0},{"damage":30,"enemies":"3 Darklings","floor":38,"turns":5},{"damage":9,"enemies":"Giant Head","floor":40,"turns":6},{"damage":28,"enemies":"Jaw Worm Horde","floor":41,"turns":2}],"seed_played":"4864854182762090241","potions_obtained":[{"floor":1.0,"key":"FearPotion"},{"floor":2.0,"key":"LiquidBronze"},{"floor":7.0,"key":"Explosive Potion"},{"floor":18.0,"key":"Swift Potion"},{"floor":27.0,"key":"SkillPotion"},{"floor":28.0,"key":"BottledMiracle"},{"floor":29.0,"key":"Explosive Potion"},{"floor":40,"key":"DuplicationPotion"}],"is_trial":false,"path_per_floor":["M","M","M","?","?","R","E","$","T","M","?","?","R","?","R","B",null,"M","$","?","?","?","R","E","M","T","E","M","M","R","M","R","B",null,"M","?","?","M","$","E","M"],"character_chosen":"WATCHER","items_purchased":["Potion Belt","LikeWater","OrangePellets","Meat on the Bone","Strawberry"],"campfire_rested":1,"item_purchase_floors":[8,8,19,39,39],"current_hp_per_floor":[61,61,61,61,41,41,21,21,21,21,21,10,30,30,30,20,56,48,48,48,36,68,68,68,68,68,57,57,57,57,52,52,40,61,61,56,44,14,21,24,0,0],"gold":49,"neow_bonus":"BOSS_RELIC","is_daily":false,"chose_seed":false,"campfire_upgraded":5,"win_rate":0.0,"timestamp":1610953990,"path_taken":["M","M","M","?","?","R","E","$","T","M","?","?","R","?","R","BOSS","M","$","?","?","?","R","E","?","T","E","M","M","R","M","R","BOSS","M","?","?","M","$","E","M"],"items_purchased_type":["Relic","Card","Relic","Relic","Relic"],"build_version":"2020-12-22","purchased_purges":0,"victory":false,"max_hp_per_floor":[68,68,68,68,68,68,68,68,68,68,68,68,68,68,68,68,68,68,68,68,68,68,68,68,68,68,68,68,68,68,68,68,68,68,68,68,68,68,75,75,75,75],"card_choices":[{"not_picked":["Tantrum","CarveReality"],"picked":"SandsOfTime","floor":1.0},{"not_picked":["DeceiveReality","Consecrate"],"picked":"MentalFortress","floor":2.0},{"not_picked":["Evaluate","ClearTheMind","EmptyFist"],"picked":"SKIP","floor":3.0},{"not_picked":["EmptyMind","ClearTheMind"],"picked":"Omniscience","floor":7.0},{"not_picked":["BowlingBash","CutThroughFate","EmptyFist"],"picked":"SKIP","floor":10.0},{"not_picked":["Brilliance","ConjureBlade"],"picked":"Devotion","floor":16.0},{"not_picked":["BowlingBash","Halt"],"picked":"Protect","floor":18.0},{"not_picked":["ThirdEye","FlurryOfBlows","Prostrate+1"],"picked":"SKIP","floor":24.0},{"not_picked":["CrushJoints+1","SashWhip"],"picked":"Alpha","floor":25.0},{"not_picked":["Protect","Consecrate"],"picked":"ReachHeaven+1","floor":27.0},{"not_picked":["Worship","FollowUp","FlurryOfBlows"],"picked":"SKIP","floor":28.0},{"not_picked":["Adaptation","Consecrate"],"picked":"Fasting2","floor":29.0},{"not_picked":["Crescendo","Wireheading","ReachHeaven"],"picked":"SKIP","floor":31.0},{"not_picked":["SpiritShield","Scrawl"],"picked":"LessonLearned","floor":33.0},{"not_picked":["FlyingSleeves","Swivel","Wallop"],"picked":"SKIP","floor":35.0},{"not_picked":["FlyingSleeves","Swivel","Wallop"],"picked":"SKIP","floor":35.0},{"not_picked":["Chrysalis","Good Instincts"],"picked":"The Bomb","floor":36},{"not_picked":["Forethought","Discovery"],"picked":"Apotheosis","floor":36},{"not_picked":["CutThroughFate","Crescendo+1","FlyingSleeves"],"picked":"SKIP","floor":38},{"not_picked":["Protect","BowlingBash"],"picked":"TalkToTheHand+1","floor":40}],"player_experience":1814124,"relics_obtained":[{"floor":0.0,"key":"Akabeko"},{"floor":0.0,"key":"Ornamental Fan"},{"floor":0.0,"key":"Incense Burner"},{"floor":7.0,"key":"War Paint"},{"floor":9.0,"key":"Whetstone"},{"floor":21.0,"key":"Red Mask"},{"floor":24.0,"key":"Mummified Hand"},{"floor":26.0,"key":"Orichalcum"},{"floor":27.0,"key":"Bag of Marbles"},{"floor":40,"key":"Pen Nib"},{"floor":40,"key":"Toy Ornithopter"}],"event_choices":[{"damage_healed":0.0,"max_hp_gain":0.0,"max_hp_loss":0.0,"gold_gain":56.0,"event_name":"Golden Wing","player_choice":"Gained Gold","floor":4.0,"gold_loss":0.0,"damage_taken":0.0},{"damage_healed":0.0,"max_hp_gain":0.0,"max_hp_loss":0.0,"gold_gain":0.0,"event_name":"Shining Light","player_choice":"Entered Light","floor":5.0,"gold_loss":0.0,"damage_taken":20.0,"cards_upgraded":["Vigilance","CrushJoints"]},{"damage_healed":0.0,"max_hp_gain":0.0,"max_hp_loss":0.0,"gold_gain":30.0,"event_name":"Dead Adventurer","player_choice":"Searched \u00272\u0027 times","floor":11.0,"gold_loss":0.0,"damage_taken":0.0},{"damage_healed":0.0,"max_hp_gain":0.0,"max_hp_loss":0.0,"gold_gain":75.0,"event_name":"World of Goop","player_choice":"Gather Gold","floor":12.0,"gold_loss":0.0,"damage_taken":11.0},{"damage_healed":0.0,"max_hp_gain":0.0,"max_hp_loss":0.0,"gold_gain":50.0,"event_name":"Golden Shrine","player_choice":"Pray","floor":14.0,"gold_loss":0.0,"damage_taken":0.0},{"damage_healed":0.0,"max_hp_gain":0.0,"max_hp_loss":0.0,"gold_gain":0.0,"event_name":"Ghosts","player_choice":"Ignored","floor":20.0,"gold_loss":0.0,"damage_taken":0.0},{"damage_healed":0.0,"max_hp_gain":0.0,"max_hp_loss":0.0,"gold_gain":0.0,"event_name":"Masked Bandits","player_choice":"Fought Bandits","floor":21.0,"gold_loss":0.0,"damage_taken":0.0},{"cards_removed":["MentalFortress"],"damage_healed":32.0,"max_hp_gain":0.0,"max_hp_loss":0.0,"gold_gain":0.0,"event_name":"Bonfire Elementals","player_choice":"Offered Uncommon","floor":22.0,"gold_loss":0.0,"damage_taken":0.0},{"damage_healed":0,"gold_gain":0,"player_choice":"Memory 2","damage_taken":5,"max_hp_gain":0,"max_hp_loss":0,"event_name":"SensoryStone","floor":36,"gold_loss":0},{"damage_healed":0,"gold_gain":0,"player_choice":"Embrace Madness","damage_taken":12,"max_hp_gain":0,"max_hp_loss":0,"event_name":"Winding Halls","floor":37,"gold_loss":0,"cards_obtained":["Madness","Madness"]}],"is_beta":false,"boss_relics":[{"not_picked":["Empty Cage","Astrolabe"],"picked":"Snecko Eye"},{"not_picked":["Runic Pyramid","Pandora\u0027s Box"],"picked":"Black Star"}],"items_purged_floors":[],"is_endless":false,"potions_floor_spawned":[1,2,7,18,27,28,29,40],"killed_by":"Jaw Worm Horde","ascension_level":17}}