{"host":"grkop1r5lnx8jmko","time":1610974968,"event":{"mods":["Act Like it!","Ascension Reborn","BaseMod","Beaked The Cultist","Better Note","BetterRewards","Block Reminder","Card Filter","Colored Map","Custom Start","Defuse TimeMaze Blight","Emptier Cage","Energized Spire","Friendly Minions","Gensokyo","GifTheSpireLib","Googly Eyes","Gremlin Mod","Hallownest","Hermit","Highlight Path","Hubris","Infinite Spire","Jorbs\u0027s Wanderer Trilogy","Koishi","Marisa????????","Mimic Mod","Minty Spire (QoL Compilation)","Pale of the Ancients","Permanent Neow","Prisma Mod","Quick Restart","Random Character Button","Rare Cards Sparkle","Relic Filter","Replay The Spire","SacredBarkPlus","Shop Mod","Small Relic Pack","Somnambulant","StSLib","The Animator","The Bug Knight","The Construct","The Cursed","The Hierophant","The Runesmith","The Servant 0.9.4","Unceasing Turn Reminder","Waifu the Spire","[IsaacMod]????","egg","everything is the same but u backflip on backflip","slay the spire mod where everything is the same but ironclad has a cowboy hat"],"gold_per_floor":[118,137,87,87,98,98,133,133,158,7,7,48,48,68,68,163,163,178,178,178,178,178,212,229,229,229,246,246,246],"floor_reached":28,"language":"ENG","playtime":1534,"items_purged":[],"score":334,"play_id":"1a97790a-b204-4ea4-a4a0-8fa72f09a120","local_time":"20210119000248","is_ascension_mode":true,"campfire_choices":[{"data":"hermit:HighNoon","floor":6,"key":"SMITH"},{"data":"hermit:LoneWolf","floor":8,"key":"SMITH"},{"data":"hermit:FullyLoaded","floor":13,"key":"SMITH"},{"data":"hermit:Glare","floor":15,"key":"SMITH"}],"circlet_count":0,"master_deck":["hermit:Strike_Hermit","hermit:Strike_Hermit","hermit:Strike_Hermit","hermit:Defend_Hermit","hermit:Defend_Hermit","hermit:Defend_Hermit","hermit:Snapshot+1","hermit:Covet","hermit:Gestalt","hermit:HighNoon+1","hermit:Headshot","hermit:LoneWolf+1","hermit:Cheat","hermit:FullyLoaded+1","hermit:Glare+1","hermit:HeroicBravado","hermit:Dive","Flash of Steel","hermit:Snipe","hermit:Snapshot+1","hermit:CalledShot+1","hermit:GhostlyPresence"],"relics":["hermit:Momento","HushsDoor","HowToJump","TungstenRod","Runesmith:AutoHammer","HollowMod:PaleOreRelic","Bag of Preparation","hermit:DentedPlate","infinitespire:Lucky Rock","Replay:Rubber Ducky","hubris:BottledRain"],"acts_visited":["Exordium","TheCity"],"potions_floor_usage":[],"damage_taken":[{"damage":0,"enemies":"Small Slimes","floor":1,"turns":4},{"damage":0,"enemies":"2 Louse","floor":2,"turns":4},{"damage":0,"enemies":"Jaw Worm","floor":5,"turns":4},{"damage":9,"enemies":"3 Sentries","floor":7,"turns":9},{"damage":0,"enemies":"3 Louse","floor":14,"turns":2},{"damage":0,"enemies":"Slime Boss","floor":16,"turns":6},{"damage":4,"enemies":"Chosen","floor":18,"turns":4},{"damage":11,"enemies":"Slavers","floor":23,"turns":8},{"damage":5,"enemies":"Spheric Guardian","floor":24,"turns":5},{"damage":11,"enemies":"Snecko","floor":27,"turns":6},{"damage":0,"enemies":"3 Cultists","floor":28,"turns":1}],"seed_played":"-2766406667840637618","potions_obtained":[{"floor":1,"key":"DistilledChaos"},{"floor":7,"key":"DuplicationPotion"},{"floor":12,"key":"Strength Potion"}],"is_trial":false,"path_per_floor":["M","M","?","?","M","R","E","R","T","$","?","?","R","M","R","B",null,"M","?","?","?","?","E","M","?","T","M","M"],"character_chosen":"HERMIT","items_purchased":["HollowMod:PaleOreRelic"],"campfire_rested":0,"item_purchase_floors":[10],"current_hp_per_floor":[75,75,75,75,75,75,66,66,66,66,66,66,66,66,66,66,98,94,94,94,94,94,83,78,78,78,67,67,67],"gold":246,"neow_bonus":"TRANSFORM_CARD","is_daily":false,"chose_seed":false,"campfire_upgraded":4,"win_rate":0.0,"timestamp":1610974968,"path_taken":["M","M","?","?","M","R","E","R","T","?","?","?","R","M","R","BOSS","M","?","?","?","?","E","M","?","T","?","M"],"items_purchased_type":["Relic"],"build_version":"2020-12-22","purchased_purges":0,"victory":false,"max_hp_per_floor":[75,75,75,75,75,75,75,75,75,75,75,75,75,75,75,75,107,107,107,107,107,107,107,107,107,107,107,107,107],"card_choices":[{"not_picked":["hermit:NoHoldsBarred","hermit:Feint"],"picked":"hermit:Gestalt","floor":1},{"not_picked":["hermit:Quickdraw","hermit:Coalescence"],"picked":"hermit:HighNoon","floor":2},{"not_picked":["hermit:Manifest","Bomb"],"picked":"hermit:Headshot","floor":5},{"not_picked":["hermit:Vantage","hermit:HighCaliber"],"picked":"hermit:LoneWolf","floor":7},{"not_picked":["hermit:TakeAim","hermit:TrackingShot"],"picked":"hermit:Cheat","floor":12},{"not_picked":["hermit:Dive","hermit:TrackingShot"],"picked":"hermit:FullyLoaded","floor":12},{"not_picked":["hermit:Headshot","hermit:Quickdraw"],"picked":"hermit:Glare","floor":14},{"not_picked":["hermit:Magnum","hermit:Reprieve"],"picked":"hermit:HeroicBravado","floor":16},{"not_picked":["hermit:Desperado+1","hermit:Ricochet","hermit:Headshot"],"picked":"SKIP","floor":18},{"not_picked":["hermit:ShadowCloak+1","hermit:TrackingShot","hermit:EyeOfTheStorm"],"picked":"SKIP","floor":23},{"not_picked":["hermit:TakeAim+1","hermit:ShadowCloak"],"picked":"hermit:CalledShot+1","floor":24},{"not_picked":["hermit:WideOpen","hermit:Midnight+1"],"picked":"hermit:GhostlyPresence","floor":27}],"player_experience":291311,"relics_obtained":[{"floor":7,"key":"TungstenRod"},{"floor":9,"key":"Runesmith:AutoHammer"},{"floor":12,"key":"Bag of Preparation"},{"floor":23,"key":"infinitespire:Lucky Rock"},{"floor":26,"key":"hubris:BottledRain"}],"event_choices":[{"cards_removed":["hermit:BlackWind"],"damage_healed":0,"gold_gain":0,"player_choice":"Card Removal","damage_taken":0,"max_hp_gain":0,"max_hp_loss":0,"event_name":"The Cleric","floor":3,"gold_loss":50},{"damage_healed":0,"gold_gain":0,"player_choice":"2 cards matched","damage_taken":0,"max_hp_gain":0,"max_hp_loss":0,"event_name":"Match and Keep!","floor":19,"gold_loss":0,"cards_obtained":["hermit:Dive","Flash of Steel"]},{"damage_healed":0,"gold_gain":0,"cards_transformed":["hermit:Defend_Hermit"],"player_choice":"Transformed","damage_taken":0,"max_hp_gain":0,"max_hp_loss":0,"event_name":"Transmorgrifier","floor":20,"gold_loss":0,"cards_obtained":["hermit:Snipe"]},{"damage_healed":0,"gold_gain":0,"player_choice":"Copied","damage_taken":0,"max_hp_gain":0,"max_hp_loss":0,"event_name":"Duplicator","floor":21,"gold_loss":0,"cards_obtained":["hermit:Snapshot"]}],"is_beta":false,"boss_relics":[{"not_picked":["Replay:Grab Bag","Painkiller Herb"],"picked":"hermit:DentedPlate"},{"not_picked":[]}],"items_purged_floors":[],"is_endless":false,"potions_floor_spawned":[1,7,16,18],"killed_by":"3 Cultists","ascension_level":0}}