{"host":"3498uni0c31c9bdm","time":1610931941,"event":{"mods":["BaseMod","Better Third Choice","Minty Spire (QoL Compilation)","Replay The Spire","StSLib"],"gold_per_floor":[117,117,131,147,147,147,222,233,308,325,342,342,342],"floor_reached":12,"language":"ENG","playtime":439,"items_purged":[],"score":97,"play_id":"b405d7f7-7635-41e2-ba75-a83611d502ce","local_time":"20210118120541","is_ascension_mode":true,"campfire_choices":[{"floor":6,"key":"RECALL"}],"circlet_count":0,"master_deck":["Strike_B","Strike_B","Strike_B","Strike_B","Defend_B","Defend_B","Defend_B","Defend_B","Zap","Dualcast","Echo Form+1","Gash","Sunder","ReplayTheSpireMod:System Scan+1","Stack","Chill","Turbo"],"relics":["Cracked Core","Gremlin Horn"],"acts_visited":["Exordium"],"potions_floor_usage":[12,12,12],"damage_taken":[{"damage":5,"enemies":"Small Slimes","floor":1,"turns":3},{"damage":9,"enemies":"2 Louse","floor":3,"turns":2},{"damage":6,"enemies":"Cultist","floor":4,"turns":4},{"damage":16,"enemies":"Blue Slaver","floor":8,"turns":3},{"damage":18,"enemies":"Large Slime","floor":10,"turns":4},{"damage":3,"enemies":"2 Fungi Beasts","floor":11,"turns":3},{"damage":25,"enemies":"Gremlin Nob","floor":12,"turns":3}],"seed_played":"-6488889834091072737","potions_obtained":[{"floor":3,"key":"LiquidBronze"},{"floor":10,"key":"SteroidPotion"},{"floor":11,"key":"Cursed Concoction"}],"is_trial":false,"path_per_floor":["M","?","M","M","?","R","?","M","T","M","M","E"],"character_chosen":"DEFECT","items_purchased":[],"campfire_rested":0,"item_purchase_floors":[],"current_hp_per_floor":[63,63,54,48,48,48,48,32,32,14,11,0,0],"gold":342,"neow_bonus":"ONE_RANDOM_RARE_CARD","is_daily":false,"chose_seed":false,"campfire_upgraded":0,"win_rate":0.0,"timestamp":1610931941,"path_taken":["M","?","M","M","?","R","?","M","T","M","M","E"],"items_purchased_type":[],"build_version":"2020-12-22","purchased_purges":0,"victory":false,"max_hp_per_floor":[75,75,75,75,75,75,75,75,75,75,75,75,75],"card_choices":[{"not_picked":["Barrage","Leap"],"picked":"Gash","floor":1},{"not_picked":["Hologram","Rip and Tear"],"picked":"Glacier","floor":3},{"not_picked":["Ball Lightning","Streamline"],"picked":"Sunder","floor":4},{"not_picked":["Reinforced Body","Compile Driver"],"picked":"Stack","floor":8},{"not_picked":["Cold Snap","Blizzard"],"picked":"Chill","floor":10},{"not_picked":["ReplayTheSpireMod:System Scan","Scrape"],"picked":"Turbo","floor":11}],"player_experience":696202,"relics_obtained":[{"floor":9,"key":"Gremlin Horn"}],"event_choices":[{"damage_healed":0,"gold_gain":0,"player_choice":"Grow","damage_taken":0,"max_hp_gain":0,"max_hp_loss":0,"event_name":"Living Wall","floor":2,"gold_loss":0,"cards_upgraded":["Echo Form"]},{"damage_healed":0,"gold_gain":75,"player_choice":"Gained Gold","damage_taken":0,"max_hp_gain":0,"max_hp_loss":0,"event_name":"Golden Wing","floor":7,"gold_loss":0}],"is_beta":false,"boss_relics":[],"items_purged_floors":[],"is_endless":false,"potions_floor_spawned":[3,10,11],"killed_by":"Gremlin Nob","ascension_level":7}}