{"host":"7vyuhf36gh5rmcz2","time":1610999962,"event":{"mods":["AchievementEnabler","BaseMod","Highlight Path","Minty Spire (QoL Compilation)","StSLib"],"gold_per_floor":[117,136,147,54,69,69,100,100,123,123,135,210,210,222,222,318,318,333,349,549,569,569,599,599,627,627,627,243,256,256,283,283,386,386,406,316,333,50,50,50,50,50],"floor_reached":41,"language":"ENG","playtime":2925,"items_purged":["Bite","Defend_P"],"score":521,"play_id":"6cb93dd8-79e1-458f-91aa-a7fe67d0d39c","local_time":"20210118195922","is_ascension_mode":true,"campfire_choices":[{"data":"DevaForm","floor":6,"key":"SMITH"},{"data":"Eruption","floor":8,"key":"SMITH"},{"data":"Perseverance","floor":10,"key":"SMITH"},{"data":"Fasting2","floor":13,"key":"SMITH"},{"data":"Wallop","floor":15,"key":"SMITH"},{"data":"Ragnarok","floor":24,"key":"SMITH"},{"data":"FlurryOfBlows","floor":27,"key":"SMITH"},{"data":"TalkToTheHand","floor":32,"key":"SMITH"},{"data":"Alpha","floor":40,"key":"SMITH"}],"circlet_count":0,"master_deck":["Defend_P","Defend_P","Defend_P","Eruption+1","Vigilance","DevaForm+1","Perseverance+1","WheelKick+1","Protect","Wallop+1","Fasting2+1","Indignation","Ragnarok+1","Adaptation+1","FlurryOfBlows+1","Bite","Bite","Bite","Sanctity+1","Dramatic Entrance","TalkToTheHand+1","BattleHymn","BattleHymn+1","Alpha+1","Wish","Adaptation+1"],"relics":["PureWater","Ancient Tea Set","Anchor","Sozu","Boot","Omamori","Membership Card","Mango","Frozen Egg 2","Calling Bell","Bronze Scales","Shuriken","Ice Cream","Eternal Feather"],"acts_visited":["Exordium","TheCity","TheBeyond"],"potions_floor_usage":[16,29,33],"damage_taken":[{"damage":0,"enemies":"Cultist","floor":1,"turns":4},{"damage":0,"enemies":"Small Slimes","floor":2,"turns":5},{"damage":0,"enemies":"2 Louse","floor":3,"turns":2},{"damage":9,"enemies":"Red Slaver","floor":5,"turns":4},{"damage":19,"enemies":"Gremlin Nob","floor":7,"turns":6},{"damage":0,"enemies":"Blue Slaver","floor":11,"turns":2},{"damage":0,"enemies":"3 Louse","floor":14,"turns":4},{"damage":6,"enemies":"Hexaghost","floor":16,"turns":9},{"damage":1,"enemies":"2 Thieves","floor":18,"turns":4},{"damage":2,"enemies":"Chosen","floor":19,"turns":3},{"damage":2,"enemies":"Centurion and Healer","floor":21,"turns":5},{"damage":0,"enemies":"Gremlin Leader","floor":23,"turns":5},{"damage":3,"enemies":"Book of Stabbing","floor":25,"turns":5},{"damage":8,"enemies":"Shelled Parasite and Fungi","floor":29,"turns":3},{"damage":25,"enemies":"Gremlin Leader","floor":31,"turns":4},{"damage":32,"enemies":"Automaton","floor":33,"turns":8},{"damage":43,"enemies":"3 Darklings","floor":35,"turns":4},{"damage":0,"enemies":"Orb Walker","floor":37,"turns":3},{"damage":65,"enemies":"Reptomancer","floor":41,"turns":6}],"seed_played":"4214579541829943513","potions_obtained":[{"floor":3,"key":"Energy Potion"},{"floor":11,"key":"ColorlessPotion"},{"floor":16,"key":"EssenceOfSteel"}],"is_trial":false,"path_per_floor":["M","M","M","$","M","R","E","R","T","R","M","?","R","M","R","B",null,"M","M","?","M","?","E","R","E","T","R","$","M","?","E","R","B",null,"M","?","M","$","$","R","E"],"character_chosen":"WATCHER","items_purchased":["WheelKick","Protect","Membership Card","Dramatic Entrance","Mango","Wish","Adaptation+1","Eternal Feather"],"campfire_rested":0,"item_purchase_floors":[4,4,28,28,28,38,38,38],"current_hp_per_floor":[72,72,72,72,63,63,44,44,44,44,44,33,33,33,33,27,72,71,69,69,67,50,50,50,49,49,49,63,56,56,37,37,7,64,29,29,33,33,33,48,0,0],"gold":50,"neow_bonus":"ONE_RANDOM_RARE_CARD","is_daily":false,"chose_seed":false,"campfire_upgraded":9,"win_rate":0.0,"timestamp":1610999962,"path_taken":["M","?","M","$","M","R","E","R","T","R","M","?","R","M","R","BOSS","M","M","?","?","?","E","R","E","T","R","$","M","?","E","R","BOSS","M","?","?","?","$","R","E"],"items_purchased_type":["Card","Card","Relic","Card","Relic","Card","Card","Relic"],"build_version":"2020-12-22","purchased_purges":2,"victory":false,"max_hp_per_floor":[72,72,72,72,72,72,72,72,72,72,72,72,72,72,72,72,72,72,72,72,72,50,50,50,50,50,50,64,64,64,64,64,64,64,64,64,64,64,64,64,64,64],"card_choices":[{"not_picked":["Consecrate","JustLucky","FlyingSleeves"],"picked":"SKIP","floor":1},{"not_picked":["MentalFortress","JustLucky"],"picked":"Perseverance","floor":2},{"not_picked":["PathToVictory","BowlingBash","JustLucky"],"picked":"SKIP","floor":3},{"not_picked":["BowlingBash","Pray"],"picked":"Wallop","floor":5},{"not_picked":["Collect","Crescendo","Prostrate"],"picked":"SKIP","floor":7},{"not_picked":["EmptyMind","SashWhip"],"picked":"Fasting2","floor":11},{"not_picked":["BattleHymn","Swivel"],"picked":"Indignation","floor":14},{"not_picked":["Scrawl","Judgement"],"picked":"Ragnarok","floor":16},{"not_picked":["Halt","PathToVictory"],"picked":"Adaptation+1","floor":18},{"not_picked":["JustLucky","ThirdEye","PathToVictory"],"picked":"SKIP","floor":19},{"not_picked":["Indignation+1","EmptyBody+1"],"picked":"FlurryOfBlows","floor":21},{"not_picked":["WaveOfTheHand+1","CrushJoints"],"picked":"Sanctity+1","floor":23},{"not_picked":["Evaluate","Alpha","Collect"],"picked":"SKIP","floor":25},{"not_picked":["Meditate+1","FollowUp+1"],"picked":"TalkToTheHand","floor":29},{"not_picked":["Sanctity","Prostrate"],"picked":"BattleHymn+1","floor":31},{"not_picked":["Brilliance","MasterReality+1"],"picked":"Alpha","floor":33},{"not_picked":["Prostrate+1","TalkToTheHand","Collect+1"],"picked":"SKIP","floor":35},{"not_picked":["CutThroughFate","Evaluate","Consecrate+1"],"picked":"SKIP","floor":37}],"player_experience":537816,"relics_obtained":[{"floor":7,"key":"Ancient Tea Set"},{"floor":9,"key":"Anchor"},{"floor":23,"key":"Boot"},{"floor":25,"key":"Omamori"},{"floor":31,"key":"Frozen Egg 2"},{"floor":34,"key":"Bronze Scales"},{"floor":34,"key":"Shuriken"},{"floor":34,"key":"Ice Cream"}],"event_choices":[{"damage_healed":0,"gold_gain":75,"player_choice":"Gather Gold","damage_taken":11,"max_hp_gain":0,"max_hp_loss":0,"event_name":"World of Goop","floor":12,"gold_loss":0},{"damage_healed":0,"gold_gain":200,"player_choice":"Gold","damage_taken":0,"max_hp_gain":0,"max_hp_loss":0,"event_name":"Wheel of Change","floor":20,"gold_loss":0},{"damage_healed":0,"gold_gain":0,"player_choice":"Became a vampire","damage_taken":0,"max_hp_gain":0,"max_hp_loss":22,"event_name":"Vampires","floor":22,"gold_loss":0,"cards_obtained":["Bite","Bite","Bite","Bite","Bite"]},{"damage_healed":0,"gold_gain":0,"player_choice":"Read","damage_taken":0,"max_hp_gain":0,"max_hp_loss":0,"event_name":"The Library","floor":30,"gold_loss":0,"cards_obtained":["BattleHymn"]},{"cards_removed":["Bite"],"damage_healed":0,"gold_gain":0,"player_choice":"Upgrade and Remove","damage_taken":0,"max_hp_gain":0,"max_hp_loss":0,"event_name":"Designer","floor":36,"gold_loss":90,"cards_upgraded":["WheelKick"]}],"is_beta":false,"boss_relics":[{"not_picked":["Cursed Key","Runic Pyramid"],"picked":"Sozu"},{"not_picked":["Runic Dome","VioletLotus"],"picked":"Calling Bell"}],"items_purged_floors":[28,38],"is_endless":false,"potions_floor_spawned":[3,11,16,18,29,31,37],"killed_by":"Reptomancer","ascension_level":2}}