{"host":"qrbkigq52dd42dk0","time":1610977435,"event":{"mods":["AchievementEnabler","BaseMod","Colored Map","Colored Powertips","Minty Spire (QoL Compilation)","Quick Restart","StSLib","SuperFastMode","The IronCluck"],"gold_per_floor":[118,118,293,293,318,318,351,370,395,410,464,477,477,26,26,26,26],"floor_reached":16,"language":"ENG","playtime":270,"items_purged":["Doubt"],"score":200,"play_id":"a84acd6e-609f-48d5-afb4-1d864c44ae38","local_time":"20210118144355","is_ascension_mode":true,"campfire_choices":[{"floor":6,"key":"RECALL"},{"data":"Heavy Blade","floor":13,"key":"SMITH"},{"data":"Strike_R","floor":15,"key":"PURGE"}],"circlet_count":0,"master_deck":["AscendersBane","Strike_R","Strike_R+1","Strike_R","Strike_R","Defend_R","Defend_R","Defend_R","Defend_R","Bash+1","Pommel Strike","Shrug It Off","Heavy Blade+1","Entrench"],"relics":["Burning Blood","NeowsBlessing","Golden Idol","MealTicket","Vajra","Peace Pipe"],"acts_visited":["Exordium"],"potions_floor_usage":[8,10,12],"damage_taken":[{"damage":0,"enemies":"Small Slimes","floor":1,"turns":1},{"damage":0,"enemies":"2 Louse","floor":5,"turns":2},{"damage":0,"enemies":"3 Sentries","floor":7,"turns":2},{"damage":12,"enemies":"Jaw Worm","floor":8,"turns":2},{"damage":22,"enemies":"Exordium Thugs","floor":10,"turns":4},{"damage":16,"enemies":"3 Louse","floor":12,"turns":4},{"damage":46,"enemies":"Hexaghost","floor":16,"turns":9}],"seed_played":"2213508179849807127","potions_obtained":[{"floor":1,"key":"FearPotion"},{"floor":5,"key":"GamblersBrew"},{"floor":12,"key":"BloodPotion"}],"is_trial":false,"path_per_floor":["M","?","?","?","M","R","E","M","T","M","T","M","R","$","R","B"],"character_chosen":"IRONCLAD","items_purchased":["Entrench","Peace Pipe"],"campfire_rested":0,"item_purchase_floors":[14,14],"current_hp_per_floor":[78,62,62,42,48,48,54,48,48,32,32,38,38,53,53,7,7],"gold":26,"neow_bonus":"THREE_ENEMY_KILL","is_daily":false,"chose_seed":false,"campfire_upgraded":1,"win_rate":0.0,"timestamp":1610977435,"path_taken":["M","?","?","?","M","R","E","M","T","?","?","M","R","$","R","BOSS"],"items_purchased_type":["Card","Relic"],"build_version":"2020-12-22","purchased_purges":1,"victory":false,"max_hp_per_floor":[80,80,80,80,80,80,80,80,80,80,80,80,80,80,80,80,80],"card_choices":[{"not_picked":["Reckless Charge","Feel No Pain","Blood for Blood"],"picked":"SKIP","floor":1},{"not_picked":["Pummel","Clothesline","Evolve"],"picked":"SKIP","floor":5},{"not_picked":["Burning Pact","Pummel"],"picked":"Pommel Strike","floor":7},{"not_picked":["Twin Strike","Anger"],"picked":"Shrug It Off","floor":8},{"not_picked":["Intimidate","Rampage"],"picked":"Heavy Blade","floor":10},{"not_picked":["Wild Strike","Carnage","Seeing Red"],"picked":"SKIP","floor":12}],"player_experience":167486,"relics_obtained":[{"floor":7,"key":"MealTicket"},{"floor":11,"key":"Vajra"}],"event_choices":[{"damage_healed":0,"gold_gain":0,"player_choice":"Entered Light","damage_taken":16,"max_hp_gain":0,"max_hp_loss":0,"event_name":"Shining Light","floor":2,"gold_loss":0,"cards_upgraded":["Bash","Strike_R"]},{"damage_healed":0,"gold_gain":175,"player_choice":"AGREE","damage_taken":0,"max_hp_gain":0,"max_hp_loss":0,"event_name":"Liars Game","floor":3,"gold_loss":0,"cards_obtained":["Doubt"]},{"damage_healed":0,"gold_gain":0,"player_choice":"Take Damage","damage_taken":20,"relics_obtained":["Golden Idol"],"max_hp_gain":0,"max_hp_loss":0,"event_name":"Golden Idol","floor":4,"gold_loss":0}],"is_beta":false,"boss_relics":[],"items_purged_floors":[14],"is_endless":false,"potions_floor_spawned":[1,5,12],"killed_by":"Hexaghost","ascension_level":12}}