{"host":"e52c7hvho6xny3hd","time":1610933819,"event":{"mods":["AchievementEnabler","BaseMod","Colored Map","DeckTracker","Minty Spire (QoL Compilation)","Permanent Neow","StSLib"],"gold_per_floor":[109,128,128,94,19,19,30,30,30,30,50,64,64,89,89,191,191,205,225,42,56,56,56,76,76,76,110,110,143,160,23,23,23,23],"floor_reached":33,"language":"KOR","playtime":1817,"items_purged":["Strike_P"],"score":481,"play_id":"ca08c698-51fa-4c1f-a3ef-864d798a3412","local_time":"20210118103659","is_ascension_mode":true,"campfire_choices":[{"data":"Ragnarok","floor":6.0,"key":"SMITH"},{"data":"Eruption","floor":8.0,"key":"SMITH"},{"data":"Meditate","floor":10.0,"key":"SMITH"},{"floor":15.0,"key":"REST"},{"data":"Secret Weapon","floor":23.0,"key":"SMITH"},{"data":"Scrawl","floor":25.0,"key":"SMITH"},{"data":"1","floor":28.0,"key":"LIFT"},{"floor":32,"key":"REST"}],"circlet_count":0,"master_deck":["AscendersBane","Defend_P","Defend_P","Defend_P","Eruption+1","Vigilance","Ragnarok+1","FollowUp","Meditate+1","Vengeance","LikeWater","EmptyFist","Crescendo","ClearTheMind","Vault","EmptyMind+1","SashWhip+1","FollowUp+1","Tantrum","Secret Weapon+1","TalkToTheHand","Scrawl+1","SpiritShield","ThirdEye","Good Instincts","Protect"],"relics":["PureWater","Darkstone Periapt","Blood Vial","Astrolabe","Girya","Anchor","WingedGreaves"],"acts_visited":["Exordium","TheCity"],"potions_floor_usage":[33],"damage_taken":[{"damage":4.0,"enemies":"2 Louse","floor":1.0,"turns":4.0},{"damage":0.0,"enemies":"Cultist","floor":2.0,"turns":2.0},{"damage":2.0,"enemies":"Jaw Worm","floor":7.0,"turns":3.0},{"damage":27.0,"enemies":"Gremlin Gang","floor":11.0,"turns":4.0},{"damage":1.0,"enemies":"3 Louse","floor":12.0,"turns":3.0},{"damage":0.0,"enemies":"Gremlin Nob","floor":14.0,"turns":2.0},{"damage":15.0,"enemies":"The Guardian","floor":16.0,"turns":14.0},{"damage":0.0,"enemies":"Chosen","floor":18.0,"turns":4.0},{"damage":11.0,"enemies":"Spheric Guardian","floor":19.0,"turns":3.0},{"damage":0.0,"enemies":"Cultist and Chosen","floor":21.0,"turns":4.0},{"damage":6.0,"enemies":"3 Cultists","floor":24.0,"turns":3.0},{"damage":7.0,"enemies":"Book of Stabbing","floor":27.0,"turns":3.0},{"damage":23,"enemies":"Slavers","floor":29,"turns":6},{"damage":0,"enemies":"Shelled Parasite and Fungi","floor":30,"turns":2},{"damage":77,"enemies":"Automaton","floor":33,"turns":9}],"seed_played":"4470289374784329529","potions_obtained":[{"floor":2.0,"key":"Strength Potion"},{"floor":11.0,"key":"StancePotion"},{"floor":14.0,"key":"Ambrosia"},{"floor":30,"key":"Regen Potion"}],"is_trial":false,"path_per_floor":["M","M","?","$","$","R","M","R","T","R","M","M","$","E","R","B",null,"M","M","$","M","?","R","M","R","T","E","R","E","M","$","R","B"],"character_chosen":"WATCHER","items_purchased":["Vengeance","Secret Weapon","Good Instincts","Protect"],"campfire_rested":2,"item_purchase_floors":[4,20,31,31],"current_hp_per_floor":[61,61,61,61,61,61,59,59,59,59,32,31,31,31,52,39,64,66,57,57,59,59,59,55,55,55,50,50,29,31,31,52,0,0],"gold":23,"neow_bonus":"ONE_RANDOM_RARE_CARD","is_daily":false,"chose_seed":false,"campfire_upgraded":5,"win_rate":0.0,"timestamp":1610933819,"path_taken":["M","M","?","?","$","R","M","R","T","R","?","M","?","E","R","BOSS","M","M","$","M","?","R","M","R","T","E","R","E","M","$","R","BOSS"],"items_purchased_type":["Card","Card","Card","Card"],"build_version":"2020-12-22","purchased_purges":1,"victory":false,"max_hp_per_floor":[72,72,72,72,72,72,72,72,72,72,72,72,72,72,72,72,72,72,72,72,72,72,72,72,72,72,72,72,72,72,72,72,72,72],"card_choices":[{"not_picked":["Halt","Crescendo"],"picked":"FollowUp","floor":1.0},{"not_picked":["EmptyBody","Prostrate"],"picked":"Meditate","floor":2.0},{"not_picked":["EmptyBody","BattleHymn"],"picked":"LikeWater","floor":7.0},{"not_picked":["ThirdEye","Devotion"],"picked":"EmptyFist","floor":11.0},{"not_picked":["Weave","Prostrate"],"picked":"Crescendo","floor":12.0},{"not_picked":["Conclude","WindmillStrike"],"picked":"ClearTheMind","floor":14.0},{"not_picked":["Scrawl","SpiritShield"],"picked":"Vault","floor":16.0},{"not_picked":["SashWhip+1","EmptyFist","Consecrate"],"picked":"SKIP","floor":18.0},{"not_picked":["Nirvana","SignatureMove"],"picked":"Tantrum","floor":19.0},{"not_picked":["InnerPeace","FearNoEvil"],"picked":"TalkToTheHand","floor":21.0},{"not_picked":["CrushJoints+1","CutThroughFate"],"picked":"Scrawl","floor":24.0},{"not_picked":["BattleHymn","CrushJoints"],"picked":"SpiritShield","floor":27.0},{"not_picked":["CutThroughFate","Fasting2+1","Nirvana"],"picked":"SKIP","floor":29},{"not_picked":["ClearTheMind","BowlingBash"],"picked":"ThirdEye","floor":30}],"player_experience":682381,"relics_obtained":[{"floor":9.0,"key":"Darkstone Periapt"},{"floor":14.0,"key":"Blood Vial"},{"floor":26.0,"key":"Girya"},{"floor":27.0,"key":"Anchor"},{"floor":29,"key":"WingedGreaves"}],"event_choices":[{"damage_healed":0.0,"max_hp_gain":0.0,"max_hp_loss":0.0,"gold_gain":0.0,"event_name":"The Woman in Blue","player_choice":"Bought 0 Potions","floor":3.0,"gold_loss":0.0,"damage_taken":0.0},{"cards_removed":["Defend_P"],"damage_healed":0.0,"max_hp_gain":0.0,"max_hp_loss":0.0,"gold_gain":0.0,"event_name":"Purifier","player_choice":"Purged","floor":22.0,"gold_loss":0.0,"damage_taken":0.0}],"is_beta":false,"boss_relics":[{"not_picked":["Black Star","Calling Bell"],"picked":"Astrolabe"}],"items_purged_floors":[5],"is_endless":false,"potions_floor_spawned":[2,11,14,16,21,24,30],"killed_by":"Automaton","ascension_level":11}}