{"host":"yvb207ks1sg3cxef","time":1610974901,"event":{"mods":["2.2 Compatiblity","BaseMod","Bestiary","Colored Powertips","Minty Spire (QoL Compilation)","Permanent Neow","Quick Restart","Relic Stats","StSLib"],"gold_per_floor":[112,127,147,222,222,222,265,9,9,9,49,72,115,115,115,253,325,349,382,35,35,58,108,108,157,157,179,179,222,249,601,601,736,736,759,779,788,217,217,217,265,337,337,337,405,437,437,471,471,471,471],"floor_reached":50,"language":"ENG","playtime":3209,"items_purged":["Strike_P","Strike_P","Strike_P+1"],"score":1236,"play_id":"d142890b-e492-4233-a33b-d3e66bd68014","local_time":"20210118183141","is_ascension_mode":true,"campfire_choices":[{"data":"CrushJoints","floor":6.0,"key":"SMITH"},{"data":"Eruption","floor":10.0,"key":"SMITH"},{"data":"MentalFortress","floor":15.0,"key":"SMITH"},{"floor":24.0,"key":"REST"},{"floor":28.0,"key":"DIG"},{"data":"DevaForm","floor":32.0,"key":"SMITH"},{"floor":40.0,"key":"DIG"},{"floor":49.0,"key":"RECALL"}],"circlet_count":0,"master_deck":["AscendersBane","Strike_P+1","Defend_P+1","Defend_P+1","Defend_P+1","Eruption+1","Vigilance+1","CrushJoints+1","FlurryOfBlows+1","MentalFortress+1","EmptyMind+1","LessonLearned","Wireheading+1","Tantrum+1","Scrawl+1","Halt+1","LikeWater+1","FlurryOfBlows+1","FlurryOfBlows","FearNoEvil+1","DeceiveReality+1","ThirdEye+1","DevaForm+1","FlurryOfBlows+1","EmptyFist+1","Devotion+1","Protect+1","Secret Technique+1","SpiritShield","TalkToTheHand+1","SashWhip+1","Adaptation+1","Devotion"],"relics":["HolyWater","Turnip","Golden Idol","TeardropLocket","Bag of Marbles","White Beast Statue","CeramicFish","Tiny House","Yang","Bag of Preparation","Shovel","Ice Cream","Boot","Regal Pillow","Old Coin","Calipers","Juzu Bracelet","Toxic Egg 2","Ginger","Pocketwatch"],"acts_visited":["TheCity","TheBeyond"],"potions_floor_usage":[],"damage_taken":[{"damage":4.0,"enemies":"Cultist","floor":1.0,"turns":5.0},{"damage":0.0,"enemies":"Jaw Worm","floor":2.0,"turns":3.0},{"damage":1.0,"enemies":"2 Louse","floor":3.0,"turns":2.0},{"damage":18.0,"enemies":"Lagavulin","floor":7.0,"turns":7.0},{"damage":8.0,"enemies":"Gremlin Nob","floor":11.0,"turns":3.0},{"damage":0.0,"enemies":"Large Slime","floor":12.0,"turns":3.0},{"damage":0.0,"enemies":"Lagavulin","floor":13.0,"turns":6.0},{"damage":5.0,"enemies":"Hexaghost","floor":16.0,"turns":9.0},{"damage":6.0,"enemies":"Shell Parasite","floor":18.0,"turns":2.0},{"damage":0.0,"enemies":"Spheric Guardian","floor":19.0,"turns":3.0},{"damage":0.0,"enemies":"Snecko","floor":22.0,"turns":3.0},{"damage":11.0,"enemies":"Book of Stabbing","floor":23.0,"turns":5.0},{"damage":0.0,"enemies":"Slavers","floor":25.0,"turns":2.0},{"damage":0.0,"enemies":"Centurion and Healer","floor":27.0,"turns":5.0},{"damage":11.0,"enemies":"Gremlin Leader","floor":29.0,"turns":4.0},{"damage":0.0,"enemies":"Snake Plant","floor":30.0,"turns":3.0},{"damage":0.0,"enemies":"Slavers","floor":31.0,"turns":4.0},{"damage":0.0,"enemies":"Automaton","floor":33.0,"turns":7.0},{"damage":0.0,"enemies":"Orb Walker","floor":35.0,"turns":3.0},{"damage":0.0,"enemies":"3 Darklings","floor":36.0,"turns":2.0},{"damage":0.0,"enemies":"Reptomancer","floor":41.0,"turns":8.0},{"damage":0.0,"enemies":"Mind Bloom Boss Battle","floor":42.0,"turns":4.0},{"damage":10.0,"enemies":"2 Orb Walkers","floor":45.0,"turns":4.0},{"damage":0.0,"enemies":"Maw","floor":46.0,"turns":6.0},{"damage":0.0,"enemies":"Spire Growth","floor":48.0,"turns":5.0},{"damage":86,"enemies":"Time Eater","floor":50,"turns":6}],"seed_played":"-7901283010616000179","potions_obtained":[{"floor":3.0,"key":"Energy Potion"},{"floor":12.0,"key":"EssenceOfSteel"},{"floor":13.0,"key":"DuplicationPotion"},{"floor":16.0,"key":"Explosive Potion"},{"floor":17.0,"key":"Ancient Potion"},{"floor":19.0,"key":"EntropicBrew"},{"floor":22.0,"key":"BlessingOfTheForge"},{"floor":23.0,"key":"Strength Potion"},{"floor":25.0,"key":"Ancient Potion"},{"floor":33.0,"key":"GamblersBrew"},{"floor":41.0,"key":"Dexterity Potion"},{"floor":42.0,"key":"LiquidBronze"}],"is_trial":false,"path_per_floor":["M","M","M","?","?","R","E","$","T","R","E","M","E","?","R","B",null,"M","M","$","?","M","E","R","E","T","M","R","E","M","E","R","B",null,"M","M","?","$","?","R","E","?","T","?","?","M","?","M","R","B"],"character_chosen":"WATCHER","items_purchased":["LessonLearned","Wireheading","Yang","Calipers","SpiritShield"],"campfire_rested":1,"item_purchase_floors":[8,8,20,38,38],"current_hp_per_floor":[61,61,60,49,49,49,31,31,31,31,23,23,23,11,11,6,52,46,46,46,46,46,35,54,54,54,54,54,43,43,43,43,43,60,60,60,60,60,60,60,60,60,60,60,50,50,50,50,50,0,0],"gold":471,"neow_bonus":"ONE_RARE_RELIC","is_daily":false,"chose_seed":false,"campfire_upgraded":4,"win_rate":0.0,"timestamp":1610974901,"path_taken":["M","M","M","?","?","R","E","$","T","R","E","M","E","?","R","BOSS","M","M","$","?","M","E","R","E","T","M","R","E","M","E","R","BOSS","M","M","?","$","?","R","E","?","T","?","?","M","?","M","R","BOSS"],"items_purchased_type":["Card","Card","Relic","Relic","Card"],"build_version":"2020-12-22","purchased_purges":3,"victory":false,"max_hp_per_floor":[65,65,65,65,60,60,60,60,60,60,60,60,60,60,60,60,65,65,65,65,65,65,65,65,65,65,65,65,65,65,65,65,65,65,65,65,65,65,65,65,65,65,65,62,62,62,62,62,62,62,62],"relic_stats":{"Regal Pillow":0,"counters":[26,114],"Golden Idol":197,"CeramicFish":171,"Yang":[303],"Bag of Preparation":[28],"Juzu Bracelet":1,"Ginger":[4],"Boot":[125],"Shovel":2,"Turnip":[15],"obtain_stats":[{"Ice Cream":26,"Regal Pillow":29,"Tiny House":17,"Calipers":38,"Golden Idol":5,"CeramicFish":13,"Yang":20,"Bag of Preparation":23,"Juzu Bracelet":40,"TeardropLocket":7,"Ginger":42,"Boot":28,"White Beast Statue":11,"Old Coin":31,"Shovel":25,"HolyWater":34,"Turnip":0,"Bag of Marbles":9,"PureWater":0,"Toxic Egg 2":41,"Pocketwatch":45},{"Ice Cream":13,"Regal Pillow":15,"Tiny House":8,"Calipers":20,"Golden Idol":3,"CeramicFish":7,"Yang":10,"Bag of Preparation":12,"Juzu Bracelet":20,"TeardropLocket":4,"Ginger":22,"Boot":14,"White Beast Statue":5,"Old Coin":17,"Shovel":13,"HolyWater":18,"Turnip":0,"Bag of Marbles":4,"PureWater":0,"Toxic Egg 2":21,"Pocketwatch":23},{"Ice Cream":53,"Regal Pillow":62,"Tiny House":38,"Calipers":81,"Golden Idol":10,"CeramicFish":29,"Yang":43,"Bag of Preparation":51,"Juzu Bracelet":81,"TeardropLocket":17,"Ginger":93,"Boot":58,"White Beast Statue":20,"Old Coin":69,"Shovel":53,"HolyWater":76,"Turnip":0,"Bag of Marbles":17,"PureWater":0,"Toxic Egg 2":89,"Pocketwatch":97}],"Pocketwatch":[0]},"card_choices":[{"not_picked":["Crescendo","Worship"],"picked":"CrushJoints","floor":1.0},{"not_picked":["CarveReality","Wireheading"],"picked":"FlurryOfBlows","floor":2.0},{"not_picked":["BowlingBash","Worship"],"picked":"MentalFortress","floor":3.0},{"not_picked":["WaveOfTheHand","ClearTheMind"],"picked":"EmptyMind","floor":7.0},{"not_picked":["Vengeance","CarveReality","Consecrate"],"picked":"SKIP","floor":11.0},{"not_picked":["Pray","Meditate"],"picked":"Tantrum","floor":12.0},{"not_picked":["ConjureBlade","FlyingSleeves","ClearTheMind"],"picked":"SKIP","floor":13.0},{"not_picked":["Wish","Brilliance"],"picked":"Scrawl","floor":16.0},{"not_picked":["ReachHeaven","Tantrum"],"picked":"Halt","floor":17.0},{"not_picked":["EmptyBody","Pray"],"picked":"LikeWater+1","floor":18.0},{"not_picked":["PathToVictory","Pray"],"picked":"FlurryOfBlows","floor":19.0},{"not_picked":["SashWhip","Fasting2"],"picked":"FlurryOfBlows","floor":22.0},{"not_picked":["Establishment","JustLucky"],"picked":"FearNoEvil","floor":23.0},{"not_picked":["ReachHeaven","CrushJoints"],"picked":"DeceiveReality+1","floor":25.0},{"not_picked":["EmptyFist","Swivel"],"picked":"ThirdEye+1","floor":27.0},{"not_picked":["ReachHeaven","MentalFortress"],"picked":"DevaForm","floor":29.0},{"not_picked":["Prostrate","PathToVictory"],"picked":"FlurryOfBlows","floor":30.0},{"not_picked":["ClearTheMind","Protect"],"picked":"EmptyFist+1","floor":31.0},{"not_picked":["DevaForm","MasterReality"],"picked":"Devotion","floor":33.0},{"not_picked":["SandsOfTime","Protect","Collect"],"picked":"SKIP","floor":35.0},{"not_picked":["SandsOfTime","Collect"],"picked":"Protect","floor":35.0},{"not_picked":["Pray","ThirdEye","ForeignInfluence+1"],"picked":"SKIP","floor":36.0},{"not_picked":["Panacea","Swift Strike"],"picked":"Secret Technique","floor":37.0},{"not_picked":["FlyingSleeves","Halt+1"],"picked":"TalkToTheHand+1","floor":41.0},{"not_picked":["EmptyBody+1","PathToVictory+1"],"picked":"SashWhip+1","floor":42.0},{"not_picked":["ForeignInfluence+1","BowlingBash"],"picked":"Adaptation+1","floor":46.0},{"not_picked":["CutThroughFate","Crescendo+1"],"picked":"Devotion","floor":48.0}],"player_experience":374849,"relics_obtained":[{"floor":7.0,"key":"TeardropLocket"},{"floor":9.0,"key":"Bag of Marbles"},{"floor":11.0,"key":"White Beast Statue"},{"floor":13.0,"key":"CeramicFish"},{"floor":23.0,"key":"Bag of Preparation"},{"floor":25.0,"key":"Shovel"},{"floor":26.0,"key":"Ice Cream"},{"floor":28.0,"key":"Boot"},{"floor":29.0,"key":"Regal Pillow"},{"floor":31.0,"key":"Old Coin"},{"floor":40.0,"key":"Juzu Bracelet"},{"floor":41.0,"key":"Toxic Egg 2"},{"floor":42.0,"key":"Ginger"},{"floor":45.0,"key":"Pocketwatch"}],"event_choices":[{"damage_healed":0.0,"max_hp_gain":0.0,"max_hp_loss":0.0,"gold_gain":75.0,"event_name":"World of Goop","player_choice":"Gather Gold","floor":4.0,"gold_loss":0.0,"damage_taken":11.0},{"damage_healed":0.0,"max_hp_gain":0.0,"max_hp_loss":5.0,"gold_gain":0.0,"event_name":"Golden Idol","player_choice":"Lose Max HP","floor":5.0,"gold_loss":0.0,"damage_taken":0.0,"relics_obtained":["Golden Idol"]},{"damage_healed":0.0,"max_hp_gain":0.0,"max_hp_loss":0.0,"gold_gain":0.0,"event_name":"Shining Light","player_choice":"Entered Light","floor":14.0,"gold_loss":0.0,"damage_taken":12.0,"cards_upgraded":["Strike_P","Strike_P"]},{"damage_healed":0.0,"max_hp_gain":0.0,"max_hp_loss":0.0,"gold_gain":0.0,"event_name":"Accursed Blacksmith","player_choice":"Forge","floor":21.0,"gold_loss":0.0,"damage_taken":0.0,"cards_upgraded":["Scrawl"]},{"damage_healed":0.0,"max_hp_gain":0.0,"max_hp_loss":0.0,"gold_gain":0.0,"event_name":"SensoryStone","player_choice":"Memory 1","floor":37.0,"gold_loss":0.0,"damage_taken":0.0},{"cards_removed":["Defend_P"],"damage_healed":0.0,"max_hp_gain":0.0,"max_hp_loss":0.0,"gold_gain":0.0,"event_name":"Falling","player_choice":"Removed Skill","floor":39.0,"gold_loss":0.0,"damage_taken":0.0},{"damage_healed":0.0,"max_hp_gain":0.0,"max_hp_loss":0.0,"gold_gain":0.0,"event_name":"MindBloom","player_choice":"Fight","floor":42.0,"gold_loss":0.0,"damage_taken":0.0},{"damage_healed":0.0,"max_hp_gain":0.0,"max_hp_loss":3.0,"gold_gain":0.0,"event_name":"Winding Halls","player_choice":"Max HP","floor":44.0,"gold_loss":0.0,"damage_taken":0.0},{"damage_healed":0.0,"max_hp_gain":0.0,"max_hp_loss":0.0,"gold_gain":0.0,"event_name":"Mysterious Sphere","player_choice":"Fight","floor":45.0,"gold_loss":0.0,"damage_taken":0.0},{"damage_healed":0.0,"max_hp_gain":0.0,"max_hp_loss":0.0,"gold_gain":0.0,"event_name":"Tomb of Lord Red Mask","player_choice":"Ignored","floor":47.0,"gold_loss":0.0,"damage_taken":0.0}],"is_beta":false,"boss_relics":[{"not_picked":["Sozu","Busted Crown"],"picked":"Tiny House"},{"not_picked":["Calling Bell","Runic Dome"],"picked":"HolyWater"}],"items_purged_floors":[8,20,38],"is_endless":false,"potions_floor_spawned":[3,12,13,16,18,19,22,23,25,27,29,30,31,33,35,36,41,42,45,46,48],"killed_by":"Time Eater","ascension_level":12}}