{"host":"kdt6w7ix8lwe69i9","time":1610945975,"event":{"mods":["100% Spire Juice","Bartender","BaseMod","ChefMod","Downfall","Fiend Mod","Jorbs\u0027s Wanderer Trilogy","Minty Spire (QoL Compilation)","Reimu（博丽灵梦）","Robot Space Explorer","Shade Mod","StSLib","The Caster","The Cursed","The Disciple","The Dragon Tamer","The Druid","The Fake Hero","The Forsaken","The Gatherer","The Marked","TheBandit","TheSwordswoman"],"gold_per_floor":[116,135,147,147,147,147,147,147,174,199,199,213,275,288,288,414,414,437,437,362,332,43,81,10,44,93,93,111,111,111],"floor_reached":29,"language":"ENG","playtime":3400,"items_purged":[],"score":251,"play_id":"da06c378-0eba-48ab-b22d-35130538d925","local_time":"20210117235935","is_ascension_mode":false,"campfire_choices":[{"data":"blazmod:ButterflyEffect","floor":7,"key":"SMITH"},{"floor":15,"key":"REST"}],"circlet_count":0,"master_deck":["blazmod:Strike","blazmod:Strike","blazmod:Strike","blazmod:Strike","blazmod:Defend","blazmod:Defend","blazmod:Defend","blazmod:ButterflyEffect+1","blazmod:Kyokasuigetsu","blazmod:FortifiedVigor","blazmod:Observant+1","blazmod:ClearTheMind","CurseOfTheBell","blazmod:ButterflyForm+1","blazmod:DanceOfTheGods","blazmod:DawnflutterDance","blazmod:StanceChange+1","blazmod:AlmightyPassage","blazmod:Trasient","blazmod:AlmightyPassage","blazmod:LoveAndHonor","blazmod:KatanaStrike+1","blazmod:HarmonyComplete"],"relics":["blazmod:Venustas","Juzu Bracelet","Golden Idol","Vajra","Calling Bell","Omamori","Singing Bowl","StoneCalendar","Anchor","SacredBark","HandDrill","RuthlessExorcism:ReiMu","War Paint","Orichalcum","Strawberry"],"acts_visited":["Exordium","TheCity"],"potions_floor_usage":[14,16,18,23,25,28],"damage_taken":[{"damage":2,"enemies":"Cultist","floor":1,"turns":5},{"damage":0,"enemies":"Small Slimes","floor":2,"turns":4},{"damage":0,"enemies":"2 Louse","floor":3,"turns":3},{"damage":6,"enemies":"2 Fungi Beasts","floor":10,"turns":3},{"damage":12,"enemies":"Large Slime","floor":12,"turns":7},{"damage":7,"enemies":"Looter","floor":14,"turns":4},{"damage":14,"enemies":"Hexaghost","floor":16,"turns":11},{"damage":12,"enemies":"Shell Parasite","floor":18,"turns":7},{"damage":21,"enemies":"Gremlin Leader","floor":23,"turns":4},{"damage":37,"enemies":"Slavers","floor":25,"turns":5},{"damage":8,"enemies":"2 Thieves","floor":28,"turns":3},{"damage":8,"enemies":"Snake Plant","floor":29,"turns":2}],"seed_played":"7934622868421172070","potions_obtained":[{"floor":3,"key":"champ:CounterPotion"},{"floor":10,"key":"hexamod:SoulburnPotion"},{"floor":12,"key":"Weak Potion"},{"floor":16,"key":"SkillPotion"},{"floor":18,"key":"champ:CounterPotion"},{"floor":21,"key":"FairyPotion"},{"floor":21,"key":"Slimebound:ThreeZeroPotion"},{"floor":25,"key":"Strength Potion"}],"is_trial":false,"path_per_floor":["M","M","M","?","?","?","R","?","T","M","?","M","?","M","R","B",null,"M","?","?","?","$","E","$","E","T","?","M","M"],"character_chosen":"THE_SWORDSWOMAN","items_purchased":["HandDrill","RuthlessExorcism:ReiMu","blazmod:LoveAndHonor"],"campfire_rested":1,"item_purchase_floors":[22,22,24],"current_hp_per_floor":[38,38,38,38,38,38,38,43,43,37,34,22,22,15,28,14,45,33,33,33,33,33,12,12,5,12,12,4,0,0],"gold":111,"neow_bonus":"RANDOM_COMMON_RELIC","is_daily":false,"chose_seed":false,"campfire_upgraded":1,"win_rate":0.0,"timestamp":1610945975,"path_taken":["M","M","M","?","?","?","R","?","T","M","?","M","?","M","R","BOSS","M","?","?","?","$","E","$","E","T","?","M","M"],"items_purchased_type":["Relic","Relic","Card"],"build_version":"2020-12-22","purchased_purges":0,"victory":false,"max_hp_per_floor":[40,40,40,40,40,40,40,45,45,45,45,45,45,45,45,45,45,45,45,45,45,45,45,45,45,52,52,52,52,52],"card_choices":[{"not_picked":["blazmod:FlashRock","blazmod:QuickBlade"],"picked":"blazmod:FortifiedVigor","floor":1},{"not_picked":["blazmod:SureOfHand","blazmod:RevolvingPhoenix"],"picked":"blazmod:Observant","floor":2},{"not_picked":["blazmod:DanceOfTheGods","blazmod:FortifiedVigor"],"picked":"blazmod:ClearTheMind","floor":3},{"not_picked":["blazmod:PhoenixPlume","blazmod:ButterFlutter"],"picked":"blazmod:DanceOfTheGods","floor":10},{"not_picked":["blazmod:Valiance","blazmod:FocusThroughFalls"],"picked":"blazmod:DawnflutterDance","floor":12},{"not_picked":["blazmod:FlashRock","blazmod:MindsEye"],"picked":"blazmod:StanceChange","floor":14},{"not_picked":["blazmod:TrueSelf","blazmod:MindAtPeace"],"picked":"blazmod:AlmightyPassage","floor":16},{"not_picked":["blazmod:FleetOfFoot","blazmod:DrippingWaterHollowsStone+1"],"picked":"blazmod:Trasient","floor":18},{"not_picked":["blazmod:BoulderFlash","blazmod:FortifiedVigor+1"],"picked":"blazmod:AlmightyPassage","floor":23},{"not_picked":["blazmod:BoulderFlash","blazmod:BladeOfEnlightenment+1"],"picked":"blazmod:KatanaStrike+1","floor":25},{"not_picked":["blazmod:Trasient","blazmod:DanceOfTheGods"],"picked":"blazmod:HarmonyComplete","floor":28}],"player_experience":1852427,"relics_obtained":[{"floor":8,"key":"Omamori"},{"floor":8,"key":"Singing Bowl"},{"floor":8,"key":"StoneCalendar"},{"floor":9,"key":"Anchor"},{"floor":23,"key":"War Paint"},{"floor":25,"key":"Orichalcum"},{"floor":26,"key":"Strawberry"}],"event_choices":[{"cards_removed":["blazmod:Defend"],"damage_healed":0,"gold_gain":0,"player_choice":"Offered Basic","damage_taken":0,"max_hp_gain":0,"max_hp_loss":0,"event_name":"Bonfire Elementals","floor":4,"gold_loss":0},{"damage_healed":0,"gold_gain":0,"player_choice":"Take Wound","damage_taken":0,"relics_obtained":["Golden Idol"],"max_hp_gain":0,"max_hp_loss":0,"event_name":"Golden Idol","floor":5,"gold_loss":0,"cards_obtained":["Injury"]},{"damage_healed":0,"gold_gain":0,"player_choice":"Gave Potion","damage_taken":0,"relics_obtained":["Vajra"],"max_hp_gain":0,"max_hp_loss":0,"event_name":"WeMeetAgain","floor":6,"gold_loss":0},{"damage_healed":0,"gold_gain":62,"player_choice":"Gained Gold","damage_taken":0,"max_hp_gain":0,"max_hp_loss":0,"event_name":"Golden Wing","floor":13,"gold_loss":0},{"cards_removed":["Injury"],"damage_healed":0,"gold_gain":0,"player_choice":"Gave Gold","damage_taken":0,"max_hp_gain":0,"max_hp_loss":0,"event_name":"Beggar","floor":20,"gold_loss":75},{"damage_healed":0,"gold_gain":0,"player_choice":"Bought 2 Potions","damage_taken":0,"max_hp_gain":0,"max_hp_loss":0,"event_name":"The Woman in Blue","floor":21,"gold_loss":0},{"damage_healed":0,"gold_gain":0,"player_choice":"Ignored","damage_taken":0,"max_hp_gain":0,"max_hp_loss":0,"event_name":"Upgrade Shrine","floor":27,"gold_loss":0}],"is_beta":false,"boss_relics":[{"not_picked":["Snecko Eye","Philosopher\u0027s Stone"],"picked":"SacredBark"}],"items_purged_floors":[],"is_endless":false,"potions_floor_spawned":[3,10,12,16,18,25],"killed_by":"Snake Plant","ascension_level":0}}