{"host":"h4qgcirtxz6qax9j","time":1610974112,"event":{"mods":["AchievementEnabler","BaseMod","Colored Powertips","Hermit","Minty Spire (QoL Compilation)","StSLib","SuperFastMode","The Servant 0.9.4"],"gold_per_floor":[115,190,190,207,19,19,39,77,77,104,104,132,164,189,189,300,300,327,352,122,122,122],"floor_reached":21,"language":"KOR","playtime":568,"items_purged":[],"score":190,"play_id":"62065d17-ef6c-4bd9-9f13-308f62cf7d76","local_time":"20210118214832","is_ascension_mode":true,"campfire_choices":[{"data":"KidneyShot","floor":6,"key":"SMITH"},{"floor":11,"key":"REST"},{"data":"Starlight","floor":15,"key":"SMITH"}],"circlet_count":0,"master_deck":["Strike_S","Strike_S","Strike_S","Strike_S","Defend_S","Defend_S","Defend_S","Defend_S","KidneyShot+1","Exchange","GearUp","Comet","BottledTime","Ricochet","Ricochet","Starlight+1","Desolation","KillingDoll","Starlight","Rewind","SurpressingFire"],"relics":["Uniform","NeowsBlessing","Regal Pillow","Vajra","CeramicFish","Gremlin Horn","Odd Mushroom","Black Star","Anchor"],"acts_visited":["Exordium","TheCity"],"potions_floor_usage":[21,21],"damage_taken":[{"damage":0,"enemies":"Jaw Worm","floor":1,"turns":1},{"damage":0,"enemies":"Cultist","floor":4,"turns":1},{"damage":0,"enemies":"2 Louse","floor":7,"turns":1},{"damage":17,"enemies":"3 Sentries","floor":8,"turns":9},{"damage":3,"enemies":"2 Fungi Beasts","floor":10,"turns":5},{"damage":0,"enemies":"3 Louse","floor":12,"turns":2},{"damage":1,"enemies":"The Mushroom Lair","floor":13,"turns":2},{"damage":6,"enemies":"Large Slime","floor":14,"turns":3},{"damage":26,"enemies":"Slime Boss","floor":16,"turns":11},{"damage":8,"enemies":"Spheric Guardian","floor":18,"turns":4},{"damage":19,"enemies":"2 Thieves","floor":19,"turns":3},{"damage":38,"enemies":"Snecko","floor":21,"turns":5}],"seed_played":"-8002846011028268165","potions_obtained":[{"floor":1,"key":"Dexterity Potion"},{"floor":4,"key":"SkillPotion"},{"floor":7,"key":"Weak Potion"}],"is_trial":false,"path_per_floor":["M","?","T","M","$","R","M","E","T","M","R","M","?","M","R","B",null,"M","M","$","M"],"character_chosen":"THE_SERVANT","items_purchased":["Vajra","Comet","SurpressingFire","Anchor"],"campfire_rested":1,"item_purchase_floors":[5,5,20,20],"current_hp_per_floor":[65,54,54,54,54,54,54,37,37,34,65,65,64,58,58,32,65,57,38,38,0,0],"gold":122,"neow_bonus":"THREE_ENEMY_KILL","is_daily":false,"chose_seed":false,"campfire_upgraded":2,"win_rate":0.0,"timestamp":1610974112,"path_taken":["M","?","?","M","$","R","M","E","T","?","R","M","?","M","R","BOSS","M","M","$","M"],"items_purchased_type":["Relic","Card","Card","Relic"],"build_version":"2020-12-22","purchased_purges":0,"victory":false,"max_hp_per_floor":[65,65,65,65,65,65,65,65,65,65,65,65,65,65,65,65,65,65,65,65,65,65],"card_choices":[{"not_picked":["Potential","Snipe"],"picked":"GearUp","floor":1},{"not_picked":["Rewind","Defy","Read"],"picked":"SKIP","floor":4},{"not_picked":["RealityMarble","Defy","Luminosity"],"picked":"SKIP","floor":7},{"not_picked":["ShatteredReality","StarChef"],"picked":"BottledTime","floor":8},{"not_picked":["BestPractice","Spin"],"picked":"Ricochet","floor":10},{"not_picked":["TimeWarp","Advance"],"picked":"Ricochet","floor":12},{"not_picked":["FastForward","ShiftingGears"],"picked":"Starlight","floor":13},{"not_picked":["Unruled","Reset"],"picked":"Desolation","floor":14},{"not_picked":["Initiator","FlawlessForm"],"picked":"KillingDoll","floor":16},{"not_picked":["Rewind","Collapse+1"],"picked":"Starlight","floor":18},{"not_picked":["Alleviate","Reset+1"],"picked":"Rewind","floor":19}],"player_experience":57344,"relics_obtained":[{"floor":3,"key":"Regal Pillow"},{"floor":8,"key":"CeramicFish"},{"floor":9,"key":"Gremlin Horn"},{"floor":13,"key":"Odd Mushroom"}],"event_choices":[{"damage_healed":0,"gold_gain":75,"player_choice":"Gather Gold","damage_taken":11,"max_hp_gain":0,"max_hp_loss":0,"event_name":"World of Goop","floor":2,"gold_loss":0},{"damage_healed":0,"gold_gain":0,"player_choice":"Fought Mushrooms","damage_taken":0,"max_hp_gain":0,"max_hp_loss":0,"event_name":"Mushrooms","floor":13,"gold_loss":0}],"is_beta":false,"boss_relics":[{"not_picked":["MysterySword","Busted Crown"],"picked":"Black Star"}],"items_purged_floors":[],"is_endless":false,"potions_floor_spawned":[1,4,7,13],"killed_by":"Snecko","ascension_level":1}}