{"host":"khc33f3y4hz17yhu","time":1610933821,"event":{"mods":["BaseMod","Hermit","Minty Spire (QoL Compilation)","StSLib","The Hierophant","The Marked","The Servant 0.9.4"],"gold_per_floor":[115,115,135,147,161,195,195,52,100,100,130,130,30,46,46,141,141,153,169,169,185,185,185,220,220,220,231,247,258,278,14,14,119,119,132,132,132,132],"floor_reached":37,"language":"ENG","playtime":2132,"items_purged":["hermit:Strike_Hermit","hermit:Strike_Hermit"],"score":401,"play_id":"3a160f0e-33c9-4833-b050-8dcba5816b33","local_time":"20210117203701","is_ascension_mode":false,"campfire_choices":[{"data":"hermit:Vantage","floor":7,"key":"SMITH"},{"data":"hermit:Determination","floor":12,"key":"SMITH"},{"data":"hermit:Determination","floor":15,"key":"SMITH"},{"floor":23,"key":"REST"},{"floor":25,"key":"REST"},{"floor":32,"key":"REST"}],"circlet_count":0,"master_deck":["hermit:Strike_Hermit","hermit:Defend_Hermit","hermit:Defend_Hermit","hermit:Snapshot","hermit:Covet","hermit:TrackingShot","Pain","hermit:Vantage+1","hermit:TrackingShot","hermit:Headshot","hermit:LoneWolf","hermit:Enervate","hermit:Determination+1","hermit:Determination+1","hermit:Gambit","hermit:BigShot","hermit:CalledShot+1","Forethought","hermit:Manifest+1","hermit:GhostlyPresence+1","hermit:Vantage+1","hermit:Coalescence+1","hermit:ItchyTrigger+1","hermit:SprayPray","hermit:Reprieve+1","hermit:EyeOfTheStorm+1","Blind+1","Flash of Steel"],"relics":["hermit:ClaspedLocket","NeowsBlessing","WarpedTongs","HornCleat","Oddly Smooth Stone","Blood Vial","Empty Cage","Bronze Scales","Toxic Egg 2","Darkstone Periapt"],"acts_visited":["Exordium","TheCity","TheBeyond"],"potions_floor_usage":[5,11,16,33],"damage_taken":[{"damage":0,"enemies":"Jaw Worm","floor":1,"turns":1},{"damage":0,"enemies":"Cultist","floor":3,"turns":1},{"damage":0,"enemies":"2 Louse","floor":4,"turns":1},{"damage":13,"enemies":"Gremlin Gang","floor":5,"turns":5},{"damage":14,"enemies":"3 Sentries","floor":6,"turns":7},{"damage":6,"enemies":"Lagavulin","floor":11,"turns":7},{"damage":7,"enemies":"Blue Slaver","floor":14,"turns":3},{"damage":26,"enemies":"The Guardian","floor":16,"turns":13},{"damage":20,"enemies":"Spheric Guardian","floor":18,"turns":4},{"damage":25,"enemies":"2 Thieves","floor":19,"turns":4},{"damage":17,"enemies":"Cultist and Chosen","floor":21,"turns":6},{"damage":23,"enemies":"Book of Stabbing","floor":24,"turns":5},{"damage":21,"enemies":"Centurion and Healer","floor":27,"turns":5},{"damage":10,"enemies":"Snake Plant","floor":28,"turns":3},{"damage":0,"enemies":"Sentry and Sphere","floor":29,"turns":3},{"damage":0,"enemies":"Centurion and Healer","floor":30,"turns":8},{"damage":20,"enemies":"Champ","floor":33,"turns":7},{"damage":4,"enemies":"Orb Walker","floor":35,"turns":3},{"damage":87,"enemies":"2 Orb Walkers","floor":37,"turns":7}],"seed_played":"90025229780048187","potions_obtained":[{"floor":4,"key":"AttackPotion"},{"floor":6,"key":"Swift Potion"},{"floor":11,"key":"Fruit Juice"},{"floor":14,"key":"SteroidPotion"},{"floor":24,"key":"Energy Potion"},{"floor":27,"key":"Dexterity Potion"},{"floor":35,"key":"FearPotion"}],"is_trial":false,"path_per_floor":["M","?","M","M","M","E","R","$","T","?","E","R","$","M","R","B",null,"M","M","?","M","?","R","E","R","T","M","M","M","M","$","R","B",null,"M","?","?"],"character_chosen":"HERMIT","items_purchased":["hermit:Enervate","Darkstone Periapt","hermit:SprayPray"],"campfire_rested":3,"item_purchase_floors":[8,31,31],"current_hp_per_floor":[75,75,75,75,62,48,48,48,48,48,42,42,42,37,37,18,80,60,37,37,22,22,46,25,49,49,30,22,24,26,26,50,32,80,76,71,0,0],"gold":132,"neow_bonus":"THREE_ENEMY_KILL","is_daily":false,"chose_seed":false,"campfire_upgraded":3,"win_rate":0.0,"timestamp":1610933821,"path_taken":["M","?","M","M","?","E","R","$","T","?","E","R","?","M","R","BOSS","M","M","?","?","?","R","E","R","T","M","M","M","M","$","R","BOSS","M","?","?"],"items_purchased_type":["Card","Relic","Card"],"build_version":"2020-12-22","purchased_purges":2,"victory":false,"max_hp_per_floor":[75,75,75,75,75,75,75,75,75,75,75,75,75,75,75,80,80,80,80,80,80,80,80,80,80,80,80,80,80,80,80,80,80,80,80,80,80,80],"card_choices":[{"not_picked":["hermit:Quickdraw","hermit:LuckOfTheDraw"],"picked":"hermit:TrackingShot","floor":1},{"not_picked":["hermit:Dive","hermit:BodyArmor"],"picked":"hermit:Vantage","floor":3},{"not_picked":["hermit:HighCaliber","hermit:Headshot"],"picked":"hermit:TrackingShot","floor":4},{"not_picked":["hermit:Manifest","hermit:TrackingShot"],"picked":"hermit:Headshot","floor":5},{"not_picked":["hermit:Dissolve","hermit:CalledShot"],"picked":"hermit:LoneWolf","floor":6},{"not_picked":["hermit:Glare","hermit:Headshot"],"picked":"hermit:Determination","floor":11},{"not_picked":["hermit:TrackingShot","hermit:Ricochet"],"picked":"hermit:Determination","floor":14},{"not_picked":["hermit:Adapt","hermit:BlackWind"],"picked":"hermit:Gambit","floor":16},{"not_picked":["hermit:Deadeye","hermit:Headshot"],"picked":"hermit:BigShot","floor":18},{"not_picked":["hermit:BodyArmor+1","hermit:Coalescence+1"],"picked":"hermit:CalledShot+1","floor":19},{"not_picked":["hermit:LowProfile","hermit:Virtue+1"],"picked":"hermit:Manifest+1","floor":21},{"not_picked":["hermit:BodyArmor","hermit:HoleUp+1"],"picked":"hermit:GhostlyPresence+1","floor":24},{"not_picked":["hermit:BodyArmor+1","hermit:Dive+1"],"picked":"hermit:Vantage+1","floor":27},{"not_picked":["hermit:HighCaliber","hermit:Magnum"],"picked":"hermit:Coalescence+1","floor":28},{"not_picked":["hermit:Brawl+1","hermit:TrackingShot","hermit:Misfire"],"picked":"SKIP","floor":29},{"not_picked":["hermit:Brawl+1","hermit:TrackingShot","hermit:Misfire"],"picked":"SKIP","floor":29},{"not_picked":["hermit:BodyArmor+1","hermit:CursedWeapon+1"],"picked":"hermit:ItchyTrigger+1","floor":30},{"not_picked":["hermit:HeroicBravado+1","hermit:Magnum"],"picked":"hermit:Reprieve+1","floor":33},{"not_picked":["hermit:Determination+1","hermit:Glare+1"],"picked":"hermit:EyeOfTheStorm+1","floor":35},{"not_picked":["Good Instincts+1","The Bomb+1"],"picked":"Blind+1","floor":36},{"not_picked":["Dark Shackles+1","Mind Blast"],"picked":"Flash of Steel","floor":36}],"player_experience":164210,"relics_obtained":[{"floor":6,"key":"HornCleat"},{"floor":9,"key":"Oddly Smooth Stone"},{"floor":11,"key":"Blood Vial"},{"floor":24,"key":"Bronze Scales"},{"floor":26,"key":"Toxic Egg 2"}],"event_choices":[{"damage_healed":0,"gold_gain":0,"player_choice":"Rummage","damage_taken":0,"relics_obtained":["WarpedTongs"],"max_hp_gain":0,"max_hp_loss":0,"event_name":"Accursed Blacksmith","floor":2,"gold_loss":0,"cards_obtained":["Pain"]},{"damage_healed":0,"gold_gain":0,"player_choice":"Ignored","damage_taken":0,"max_hp_gain":0,"max_hp_loss":0,"event_name":"NoteForYourself","floor":10,"gold_loss":0},{"damage_healed":0,"gold_gain":0,"player_choice":"1 cards matched","damage_taken":0,"max_hp_gain":0,"max_hp_loss":0,"event_name":"Match and Keep!","floor":20,"gold_loss":0,"cards_obtained":["Forethought"]},{"cards_removed":["hermit:Defend_Hermit"],"damage_healed":0,"gold_gain":0,"player_choice":"Elegance","damage_taken":0,"max_hp_gain":0,"max_hp_loss":0,"event_name":"Back to Basics","floor":22,"gold_loss":0},{"damage_healed":0,"gold_gain":0,"player_choice":"Memory 2","damage_taken":5,"max_hp_gain":0,"max_hp_loss":0,"event_name":"SensoryStone","floor":36,"gold_loss":0},{"damage_healed":0,"gold_gain":0,"player_choice":"Fight","damage_taken":0,"max_hp_gain":0,"max_hp_loss":0,"event_name":"Mysterious Sphere","floor":37,"gold_loss":0}],"is_beta":false,"boss_relics":[{"not_picked":["Tiny House","hermit:DentedPlate"],"picked":"Empty Cage"},{"not_picked":["hermit:BartenderGlass","Runic Dome"],"picked":"hermit:ClaspedLocket"}],"items_purged_floors":[8,13],"is_endless":false,"potions_floor_spawned":[4,6,11,14,24,27,29,35],"killed_by":"2 Orb Walkers","ascension_level":0}}