{"host":"1c52r9kaxdyo25eq","time":1610997206,"event":{"mods":["AchievementEnabler","BaseMod","Minty Spire (QoL Compilation)","Rare Cards Sparkle","SuperFastMode","everything is the same but u backflip on backflip"],"gold_per_floor":[109,109,109,124,143,43,63,93,141,153,153,153,168,178,178,253,253,266,266,276,176,91,91,91],"floor_reached":23,"language":"KOR","playtime":556,"items_purged":["Defend_G","Strike_G"],"score":366,"play_id":"45cca26d-e26b-4a42-a6c1-5e0c55379a30","local_time":"20210119041326","is_ascension_mode":true,"campfire_choices":[{"data":"Prepared","floor":11.0,"key":"SMITH"},{"floor":15.0,"key":"REST"}],"circlet_count":0,"master_deck":["AscendersBane","Strike_G","Strike_G","Strike_G","Defend_G","Defend_G","Defend_G","Defend_G","Survivor","Neutralize","Eviscerate+1","Catalyst","Prepared","Deadly Poison","Noxious Fumes","Bouncing Flask","Prepared+1","Blur","Adrenaline","Calculated Gamble"],"relics":["Ring of the Snake","NeowsBlessing","Regal Pillow","Odd Mushroom","Blood Vial","Runic Pyramid","Potion Belt"],"acts_visited":["Exordium","TheCity"],"potions_floor_usage":[],"damage_taken":[{"damage":0.0,"enemies":"Jaw Worm","floor":1.0,"turns":1.0},{"damage":0.0,"enemies":"2 Louse","floor":4.0,"turns":1.0},{"damage":0.0,"enemies":"Cultist","floor":5.0,"turns":1.0},{"damage":8.0,"enemies":"Red Slaver","floor":7.0,"turns":4.0},{"damage":10.0,"enemies":"The Mushroom Lair","floor":8.0,"turns":4.0},{"damage":15.0,"enemies":"3 Louse","floor":10.0,"turns":3.0},{"damage":4.0,"enemies":"2 Fungi Beasts","floor":13.0,"turns":3.0},{"damage":16.0,"enemies":"Exordium Wildlife","floor":14.0,"turns":4.0},{"damage":21.0,"enemies":"The Guardian","floor":16.0,"turns":7.0},{"damage":28.0,"enemies":"Chosen","floor":18.0,"turns":5.0},{"damage":28,"enemies":"2 Thieves","floor":20,"turns":4},{"damage":0,"enemies":"Slavers","floor":23,"turns":1}],"seed_played":"4748309011509395327","potions_obtained":[{"floor":1.0,"key":"AttackPotion"},{"floor":4.0,"key":"Block Potion"},{"floor":13.0,"key":"SteroidPotion"},{"floor":14.0,"key":"CunningPotion"}],"is_trial":false,"path_per_floor":["M","?","?","M","M","$","M","?","T","M","R","?","M","M","R","B",null,"M","?","M","$","?","E"],"character_chosen":"THE_SILENT","items_purchased":["Deadly Poison"],"campfire_rested":1,"item_purchase_floors":[6],"current_hp_per_floor":[59,54,54,54,54,54,46,36,36,23,23,23,21,7,41,22,55,29,42,16,16,16,18,18],"gold":91,"neow_bonus":"THREE_ENEMY_KILL","is_daily":false,"chose_seed":false,"campfire_upgraded":1,"win_rate":0.0,"timestamp":1610997206,"path_taken":["M","?","?","M","?","?","M","?","T","M","R","?","M","M","R","BOSS","M","?","M","$","?","E"],"items_purchased_type":["Card"],"build_version":"2020-12-22","purchased_purges":2,"victory":false,"max_hp_per_floor":[66,66,66,66,66,66,66,66,66,66,66,66,66,66,66,66,66,66,66,66,66,66,66,66],"card_choices":[{"not_picked":["Masterful Stab","Dagger Throw"],"picked":"Eviscerate","floor":1.0},{"not_picked":["Cloak And Dagger","All Out Attack"],"picked":"Catalyst","floor":4.0},{"not_picked":["Flechettes","Backflip"],"picked":"Prepared","floor":5.0},{"not_picked":["Cloak And Dagger","Deadly Poison"],"picked":"Noxious Fumes","floor":7.0},{"not_picked":["Backstab","Sucker Punch"],"picked":"Bouncing Flask","floor":8.0},{"not_picked":["Dash","Backstab"],"picked":"Prepared","floor":10.0},{"not_picked":["Dagger Spray","Blur","Dagger Throw"],"picked":"SKIP","floor":13.0},{"not_picked":["Terror","Blur","Flying Knee"],"picked":"SKIP","floor":14.0},{"not_picked":["Terror","Flying Knee"],"picked":"Blur","floor":14.0},{"not_picked":["A Thousand Cuts","Phantasmal Killer"],"picked":"Adrenaline","floor":16.0},{"not_picked":["Cloak And Dagger","Acrobatics","Deadly Poison"],"picked":"SKIP","floor":18.0},{"not_picked":["Cloak And Dagger","Deflect"],"picked":"Calculated Gamble","floor":20}],"player_experience":595550,"relics_obtained":[{"floor":8.0,"key":"Odd Mushroom"},{"floor":9.0,"key":"Blood Vial"}],"event_choices":[{"damage_healed":0.0,"max_hp_gain":0.0,"max_hp_loss":0.0,"gold_gain":0.0,"event_name":"Scrap Ooze","player_choice":"Success","floor":2.0,"gold_loss":0.0,"damage_taken":5.0,"relics_obtained":["Regal Pillow"]},{"damage_healed":0.0,"max_hp_gain":0.0,"max_hp_loss":0.0,"gold_gain":0.0,"event_name":"Accursed Blacksmith","player_choice":"Forge","floor":3.0,"gold_loss":0.0,"damage_taken":0.0,"cards_upgraded":["Eviscerate"]},{"damage_healed":0.0,"max_hp_gain":0.0,"max_hp_loss":0.0,"gold_gain":0.0,"event_name":"Mushrooms","player_choice":"Fought Mushrooms","floor":8.0,"gold_loss":0.0,"damage_taken":0.0},{"cards_removed":["Strike_G"],"damage_healed":0.0,"max_hp_gain":0.0,"max_hp_loss":0.0,"gold_gain":0.0,"event_name":"Living Wall","player_choice":"Forget","floor":12.0,"gold_loss":0.0,"damage_taken":0.0},{"damage_healed":13,"gold_gain":0,"player_choice":"Heal","damage_taken":0,"max_hp_gain":0,"max_hp_loss":0,"event_name":"The Library","floor":19,"gold_loss":0},{"damage_healed":0,"gold_gain":0,"player_choice":"Obtained Relic","damage_taken":0,"relics_obtained":["Potion Belt"],"max_hp_gain":0,"max_hp_loss":0,"event_name":"Addict","floor":22,"gold_loss":85}],"is_beta":false,"boss_relics":[{"not_picked":["Fusion Hammer","Snecko Eye"],"picked":"Runic Pyramid"}],"items_purged_floors":[6,21],"is_endless":false,"potions_floor_spawned":[1,4,13,14],"killed_by":"Slavers","ascension_level":20}}