{"host":"chv1qanoipyt46jc","time":1610934411,"event":{"mods":["2.2 Compatiblity","AchievementEnabler","BaseMod","BetterRewards","CapriCore","Card Filter","Evolution","Gold Saver","Grow up Mod","JesterMod","Minty Spire (QoL Compilation)","Rare Cards Sparkle","Relic Filter","Remove Card Discount Mod","Reorder Act Four","StSLib"],"gold_per_floor":[1255,1268,1283,1303,1323,1323,1337,1372,1372,1397,1397,1431,1506,1519,1519,1620,1620,1634,1630,1646,1663,1678,1691,1704,1729,1729,1743,1743,1743,1741,1757,1757,1855,1855,1866,1880,1898,1898,1947,1960,1960,1979,1979,1992,1992,1992,1992,2008,2008,2008,2008,2008,2008,2041,2041],"floor_reached":56,"language":"ENG","playtime":1253,"items_purged":["jesterMod:Defend","jesterMod:Defend","jesterMod:Defend","jesterMod:Defend","jesterMod:QuickStrike","jesterMod:QuickStrike","jesterMod:QuickStrike","jesterMod:QuickStrike","jesterMod:Inspiration","jesterMod:Inspiration","jesterMod:Dodge"],"score":1849,"play_id":"ad894ea9-37f5-436a-82b7-1f239069b7e1","local_time":"20210117194651","is_ascension_mode":false,"campfire_choices":[{"data":"jesterMod:Precipitation","floor":6,"key":"SMITH"},{"data":"jesterMod:Precipitation","floor":11,"key":"SMITH"},{"data":"jesterMod:Haste","floor":15,"key":"SMITH"},{"data":"jesterMod:Sickle","floor":28,"key":"SMITH"},{"floor":32,"key":"RECALL"},{"floor":41,"key":"REST"},{"floor":45,"key":"REST"},{"floor":49,"key":"REST"},{"floor":53,"key":"REST"}],"circlet_count":0,"master_deck":["jesterMod:Sickle+1","jesterMod:Precipitation+1","jesterMod:DancingMad","jesterMod:Precipitation+1","jesterMod:Haste+1","jesterMod:Precipitation+1","jesterMod:Precipitation+1"],"relics":["jesterMod:JesterCap","EVO:Axolotl","Gremlin Horn","White Beast Statue","Tough Bandages","InkBottle","jesterMod:HauntedLute","Akabeko","Eternal Feather","jesterMod:JokerCard","Vajra","Question Card","Orichalcum"],"acts_visited":["Exordium","TheCity","TheBeyond","TheEnding"],"potions_floor_usage":[35,55],"damage_taken":[{"damage":0,"enemies":"2 Louse","floor":1,"turns":1},{"damage":0,"enemies":"Small Slimes","floor":2,"turns":1},{"damage":11,"enemies":"Jaw Worm","floor":3,"turns":2},{"damage":0,"enemies":"Exordium Wildlife","floor":4,"turns":1},{"damage":0,"enemies":"Gremlin Gang","floor":5,"turns":1},{"damage":0,"enemies":"Exordium Thugs","floor":7,"turns":1},{"damage":0,"enemies":"Gremlin Nob","floor":8,"turns":1},{"damage":0,"enemies":"Lagavulin","floor":10,"turns":1},{"damage":0,"enemies":"3 Sentries","floor":12,"turns":1},{"damage":0,"enemies":"Red Slaver","floor":14,"turns":1},{"damage":3,"enemies":"The Guardian","floor":16,"turns":2},{"damage":0,"enemies":"2 Thieves","floor":18,"turns":1},{"damage":0,"enemies":"Shell Parasite","floor":20,"turns":1},{"damage":0,"enemies":"Centurion and Healer","floor":21,"turns":1},{"damage":4,"enemies":"Cultist and Chosen","floor":22,"turns":2},{"damage":0,"enemies":"3 Cultists","floor":23,"turns":2},{"damage":0,"enemies":"Snake Plant","floor":24,"turns":1},{"damage":3,"enemies":"Book of Stabbing","floor":25,"turns":2},{"damage":0,"enemies":"Cultist and Chosen","floor":27,"turns":1},{"damage":7,"enemies":"Chosen and Byrds","floor":31,"turns":2},{"damage":0,"enemies":"Champ","floor":33,"turns":1},{"damage":0,"enemies":"3 Shapes","floor":35,"turns":1},{"damage":0,"enemies":"Orb Walker","floor":36,"turns":1},{"damage":0,"enemies":"Jaw Worm Horde","floor":37,"turns":1},{"damage":0,"enemies":"Transient","floor":40,"turns":2},{"damage":9,"enemies":"Writhing Mass","floor":42,"turns":2},{"damage":0,"enemies":"Spire Growth","floor":44,"turns":1},{"damage":0,"enemies":"Sphere and 2 Shapes","floor":48,"turns":1},{"damage":0,"enemies":"Time Eater","floor":50,"turns":1},{"damage":0,"enemies":"Shield and Spear","floor":54,"turns":1},{"damage":0,"enemies":"The Heart","floor":55,"turns":3}],"seed_played":"4925990066562218234","potions_obtained":[{"floor":2,"key":"Swift Potion"},{"floor":7,"key":"Dexterity Potion"},{"floor":10,"key":"Energy Potion"},{"floor":12,"key":"Fire Potion"},{"floor":33,"key":"Fruit Juice"},{"floor":35,"key":"EntropicBrew"}],"is_trial":false,"path_per_floor":["M","M","M","M","M","R","M","E","T","E","R","E","?","M","R","B",null,"M","$","M","M","M","M","M","E","T","M","R","?","$","M","R","B",null,"M","M","M","?","T","M","R","M","T","M","R","$","$","M","R","B",null,"$","R","E","B",null],"character_chosen":"THE_JESTER","items_purchased":["Gremlin Horn","jesterMod:Inspiration","jesterMod:Inspiration","jesterMod:Precipitation","jesterMod:DancingMad","jesterMod:Precipitation"],"campfire_rested":4,"item_purchase_floors":[0,0,0,0,0,0],"current_hp_per_floor":[48,58,57,67,77,87,97,107,117,127,137,147,146,156,166,173,250,260,270,280,290,296,306,316,323,333,343,356,366,376,379,392,402,420,435,445,455,465,475,485,495,496,506,516,535,545,555,565,575,585,595,605,615,625,635],"gold":2041,"neow_bonus":"","is_daily":false,"chose_seed":false,"campfire_upgraded":4,"win_rate":0.0,"timestamp":1610934411,"path_taken":["M","M","M","M","M","R","M","E","T","E","R","E","?","M","R","BOSS","M","$","M","M","M","M","M","E","T","M","R","?","$","M","R","BOSS","M","M","M","?","?","M","R","M","T","M","R","?","$","M","R","BOSS","$","R","E","BOSS"],"items_purchased_type":["Relic","Card","Card","Card","Card","Card"],"build_version":"2020-12-22","purchased_purges":11,"victory":true,"max_hp_per_floor":[90,100,110,120,130,140,150,160,170,180,190,200,210,220,230,240,250,260,270,280,290,300,310,320,330,340,350,360,370,380,390,400,410,420,435,445,455,465,475,485,495,505,515,525,535,545,555,565,575,585,595,605,615,625,635],"card_choices":[{"not_picked":["jesterMod:JackInTheBox","jesterMod:SmokeScreen","jesterMod:TrickyDodge"],"picked":"SKIP","floor":1},{"not_picked":["jesterMod:Illness","jesterMod:HitAndRun","jesterMod:Procrastination"],"picked":"SKIP","floor":2},{"not_picked":["jesterMod:FlameDance","jesterMod:RecklessStrike","jesterMod:Feint"],"picked":"SKIP","floor":3},{"not_picked":["jesterMod:Disposophobia","jesterMod:Loot","jesterMod:Pause"],"picked":"SKIP","floor":4},{"not_picked":["jesterMod:LightTheWick","jesterMod:Anticipation","jesterMod:FlameDance"],"picked":"SKIP","floor":5},{"not_picked":["jesterMod:DancingMad","jesterMod:RecklessStrike"],"picked":"jesterMod:Haste","floor":7},{"not_picked":["jesterMod:QuickStrike","jesterMod:Swiftness","jesterMod:Patience"],"picked":"SKIP","floor":8},{"not_picked":["jesterMod:Inspiration","jesterMod:Disposophobia","jesterMod:Illness"],"picked":"SKIP","floor":10},{"not_picked":["jesterMod:HitAndRun","jesterMod:Anticipation","jesterMod:Discretion"],"picked":"SKIP","floor":12},{"not_picked":["jesterMod:Anticipation","jesterMod:DesperateStrike","jesterMod:Hide"],"picked":"SKIP","floor":14},{"not_picked":["jesterMod:DancingMad+1","jesterMod:Exasperation+1"],"picked":"jesterMod:Precipitation+1","floor":18},{"not_picked":["jesterMod:SmokeScreen","jesterMod:Tinker","jesterMod:Illness"],"picked":"SKIP","floor":20},{"not_picked":["jesterMod:Unleash","jesterMod:Rebuff+1"],"picked":"jesterMod:Precipitation+1","floor":21},{"not_picked":["jesterMod:DaggerRain","jesterMod:HitAndRun","jesterMod:Contradiction+1"],"picked":"SKIP","floor":22},{"not_picked":["jesterMod:JugglerBlade+1","jesterMod:Feint+1","jesterMod:Drunkenness"],"picked":"SKIP","floor":23},{"not_picked":["jesterMod:OblivionStrike","jesterMod:Rebuff","jesterMod:Patience+1"],"picked":"SKIP","floor":24},{"not_picked":["jesterMod:Illness","jesterMod:Frenzy","jesterMod:DancingMad"],"picked":"SKIP","floor":25},{"not_picked":["jesterMod:SmokeScreen+1","jesterMod:Rebuff","jesterMod:Pause"],"picked":"SKIP","floor":27},{"not_picked":["jesterMod:Rebuff","jesterMod:DesperateStrike","jesterMod:Contradiction"],"picked":"SKIP","floor":31},{"not_picked":["jesterMod:Contradiction+1","jesterMod:Taunt","jesterMod:LightTheWick+1"],"picked":"SKIP","floor":35},{"not_picked":["jesterMod:SelfMockery","jesterMod:ButterKnife","jesterMod:Taunt+1"],"picked":"SKIP","floor":36},{"not_picked":["jesterMod:Twirl+1","jesterMod:BouncingKnife","jesterMod:Anticipation"],"picked":"SKIP","floor":37},{"not_picked":["jesterMod:DaggerRain","jesterMod:Illness+1","jesterMod:Patience+1"],"picked":"SKIP","floor":40},{"not_picked":["jesterMod:Anticipation","jesterMod:Unleash+1","jesterMod:OblivionStrike"],"picked":"SKIP","floor":42},{"not_picked":["jesterMod:JackInTheBox+1","jesterMod:Disposophobia+1","jesterMod:QuickStrike+1","jesterMod:Anticipation+1"],"picked":"SKIP","floor":44},{"not_picked":["jesterMod:OblivionStrike","jesterMod:Rebuff","jesterMod:PerfectDodge+1","jesterMod:ExperimentalTreatment"],"picked":"SKIP","floor":48},{"not_picked":["jesterMod:Discretion+1","jesterMod:JugglerBlade+1","jesterMod:OblivionStrike+1","jesterMod:Mending+1"],"picked":"SKIP","floor":54}],"player_experience":332689,"relics_obtained":[{"floor":8,"key":"White Beast Statue"},{"floor":10,"key":"Tough Bandages"},{"floor":12,"key":"InkBottle"},{"floor":25,"key":"Akabeko"},{"floor":26,"key":"Eternal Feather"},{"floor":39,"key":"Vajra"},{"floor":43,"key":"Question Card"},{"floor":54,"key":"Orichalcum"}],"event_choices":[{"damage_healed":0,"gold_gain":75,"player_choice":"Gather Gold","damage_taken":11,"max_hp_gain":0,"max_hp_loss":0,"event_name":"World of Goop","floor":13,"gold_loss":0},{"damage_healed":0,"gold_gain":0,"player_choice":"Ignored","damage_taken":0,"max_hp_gain":0,"max_hp_loss":0,"event_name":"Ghosts","floor":29,"gold_loss":0},{"damage_healed":0,"gold_gain":0,"player_choice":"Memory 1","damage_taken":0,"max_hp_gain":0,"max_hp_loss":0,"event_name":"SensoryStone","floor":38,"gold_loss":0}],"is_beta":false,"boss_relics":[{"not_picked":["Cursed Key","Empty Cage"],"picked":"jesterMod:HauntedLute"},{"not_picked":["Runic Dome","Calling Bell"],"picked":"jesterMod:JokerCard"}],"items_purged_floors":[0,0,0,0,0,0,0,0,19,19,30],"is_endless":false,"potions_floor_spawned":[1,2,7,10,12,14,16,18,20,21,22,23,24,25,27,31,33,35,36,37,40,42,44,48,54],"ascension_level":0}}