{"host":"f5gffvlv6a66yqkd","time":1610994724,"event":{"mods":["2.2 Compatiblity","Alarm Clock","BaseMod","Colored Map","Custom Start","DeckTracker","Keyboard Shortcuts","Minty Spire (QoL Compilation)","Permanent Neow","Quick Restart","Relic Stats","StSLib","SuperFastMode"],"gold_per_floor":[114,126,126,138,138,138,188,188,235,261,272,272,292,304,304,380,380,399,399,414,173,98,98,128,148,171,171,4,18,33,45,45,117,117,135,151,176,176,196,196,213,226,252,252,269,296,296,296],"floor_reached":47,"language":"KOR","playtime":1824,"items_purged":["Strike_G"],"score":1012,"play_id":"ded9f59c-97c5-4a36-9213-191b2fb50aa3","local_time":"20210119033204","is_ascension_mode":true,"campfire_choices":[{"data":"Neutralize","floor":6.0,"key":"SMITH"},{"data":"Caltrops","floor":8.0,"key":"SMITH"},{"floor":12.0,"key":"REST"},{"data":"Blade Dance","floor":15.0,"key":"SMITH"},{"floor":23.0,"key":"REST"},{"floor":32.0,"key":"REST"},{"data":"Footwork","floor":40.0,"key":"SMITH"}],"circlet_count":0,"master_deck":["AscendersBane","Strike_G","Defend_G","Defend_G","Defend_G","Defend_G","Survivor","Neutralize+1","Choke","Prepared","Reflex","Caltrops+1","Die Die Die","Blade Dance+1","PiercingWail","After Image","Phantasmal Killer","Acrobatics","Backflip","Accuracy","Concentrate+1","Escape Plan","Adrenaline","CurseOfTheBell","Footwork+1","Escape Plan","PiercingWail+1","Madness","Madness","Blade Dance+1","Calculated Gamble"],"relics":["Ring of the Snake","Regal Pillow","Gambling Chip","Philosopher\u0027s Stone","Bronze Scales","Bag of Preparation","Calling Bell","Omamori","Du-Vu Doll","Ninja Scroll","TungstenRod","PreservedInsect","Sundial"],"acts_visited":["Exordium","TheCity","TheBeyond"],"potions_floor_usage":[46,47],"damage_taken":[{"damage":1.0,"enemies":"Cultist","floor":1.0,"turns":3.0},{"damage":8.0,"enemies":"2 Louse","floor":2.0,"turns":3.0},{"damage":15.0,"enemies":"Small Slimes","floor":4.0,"turns":4.0},{"damage":31.0,"enemies":"3 Sentries","floor":10.0,"turns":8.0},{"damage":0.0,"enemies":"3 Louse","floor":11.0,"turns":1.0},{"damage":9.0,"enemies":"Exordium Thugs","floor":13.0,"turns":4.0},{"damage":3.0,"enemies":"Looter","floor":14.0,"turns":4.0},{"damage":19.0,"enemies":"Slime Boss","floor":16.0,"turns":8.0},{"damage":15.0,"enemies":"Chosen","floor":18.0,"turns":4.0},{"damage":13.0,"enemies":"2 Thieves","floor":20.0,"turns":4.0},{"damage":20.0,"enemies":"Book of Stabbing","floor":24.0,"turns":4.0},{"damage":0.0,"enemies":"Shelled Parasite and Fungi","floor":25.0,"turns":3.0},{"damage":10.0,"enemies":"Snake Plant","floor":29.0,"turns":3.0},{"damage":0.0,"enemies":"3 Cultists","floor":30.0,"turns":4.0},{"damage":4.0,"enemies":"Shelled Parasite and Fungi","floor":31.0,"turns":2.0},{"damage":21.0,"enemies":"Collector","floor":33.0,"turns":8.0},{"damage":5.0,"enemies":"Orb Walker","floor":35.0,"turns":3.0},{"damage":1.0,"enemies":"3 Shapes","floor":36.0,"turns":6.0},{"damage":0.0,"enemies":"Mind Bloom Boss Battle","floor":37.0,"turns":6.0},{"damage":3.0,"enemies":"Sphere and 2 Shapes","floor":39.0,"turns":7.0},{"damage":4.0,"enemies":"Maw","floor":41.0,"turns":8.0},{"damage":0.0,"enemies":"3 Darklings","floor":42.0,"turns":3.0},{"damage":30.0,"enemies":"Sphere and 2 Shapes","floor":45.0,"turns":5.0},{"damage":0,"enemies":"Reptomancer","floor":46,"turns":3},{"damage":35,"enemies":"Transient","floor":47,"turns":6}],"seed_played":"8532148573917871964","potions_obtained":[{"floor":10.0,"key":"SteroidPotion"},{"floor":11.0,"key":"FearPotion"},{"floor":20.0,"key":"DistilledChaos"},{"floor":25.0,"key":"LiquidMemories"},{"floor":29.0,"key":"SneckoOil"},{"floor":36.0,"key":"SkillPotion"},{"floor":37.0,"key":"Strength Potion"},{"floor":46,"key":"Fire Potion"}],"is_trial":false,"path_per_floor":["M","M","?","M","?","R","?","R","T","E","M","R","M","M","R","B",null,"M","?","M","$","?","R","E","M","T","?","$","M","M","M","R","B",null,"M","M","?","?","M","R","M","M","T","?","M","E","M"],"character_chosen":"THE_SILENT","items_purchased":["Accuracy","DuplicationPotion","Bag of Preparation"],"campfire_rested":3,"item_purchase_floors":[21,21,28],"current_hp_per_floor":[58,50,50,35,35,35,35,35,35,4,4,38,29,26,26,7,51,36,36,23,23,23,57,37,37,37,37,37,27,27,23,57,36,59,54,53,53,53,50,50,46,46,46,35,5,5,0,0],"gold":296,"neow_bonus":"TRANSFORM_CARD","is_daily":false,"chose_seed":false,"campfire_upgraded":4,"win_rate":0.0,"timestamp":1610994724,"path_taken":["M","?","?","?","?","R","?","R","T","E","M","R","M","?","R","BOSS","M","?","M","$","?","R","E","M","T","?","$","M","M","M","R","BOSS","M","M","?","?","M","R","?","M","T","?","M","E","M"],"items_purchased_type":["Card","Potion","Relic"],"build_version":"2020-12-22","purchased_purges":1,"victory":false,"max_hp_per_floor":[66,66,66,66,66,66,66,66,66,66,66,66,66,66,66,66,66,66,66,66,66,66,66,66,66,66,66,66,66,66,66,66,66,66,66,66,66,66,66,66,66,66,66,66,66,66,66,66],"relic_stats":{"Regal Pillow":45,"counters":[25,114],"Sundial":[0],"Gambling Chip":[84],"Bronze Scales":[137],"PreservedInsect":62,"Bag of Preparation":[8],"obtain_stats":[{"Regal Pillow":9,"PreservedInsect":43,"Bag of Preparation":28,"Omamori":34,"Calling Bell":34,"Du-Vu Doll":34,"Ninja Scroll":34,"Sundial":46,"Gambling Chip":10,"Bronze Scales":24,"Philosopher\u0027s Stone":17,"TungstenRod":37,"Ring of the Snake":0},{"Regal Pillow":3,"PreservedInsect":22,"Bag of Preparation":12,"Omamori":16,"Calling Bell":16,"Du-Vu Doll":16,"Ninja Scroll":16,"Sundial":24,"Gambling Chip":4,"Bronze Scales":11,"Philosopher\u0027s Stone":8,"TungstenRod":19,"Ring of the Snake":0},{"Regal Pillow":10,"PreservedInsect":100,"Bag of Preparation":50,"Omamori":67,"Calling Bell":67,"Du-Vu Doll":67,"Ninja Scroll":67,"Sundial":108,"Gambling Chip":18,"Bronze Scales":47,"Philosopher\u0027s Stone":35,"TungstenRod":82,"Ring of the Snake":0}],"TungstenRod":9,"Ring of the Snake":[50]},"card_choices":[{"not_picked":["Sucker Punch","Distraction"],"picked":"Prepared","floor":1.0},{"not_picked":["Deadly Poison","Accuracy"],"picked":"Reflex","floor":2.0},{"not_picked":["Bane","Flying Knee","Noxious Fumes"],"picked":"SKIP","floor":4.0},{"not_picked":["Riddle With Holes","Deadly Poison"],"picked":"Blade Dance","floor":10.0},{"not_picked":["Quick Slash","Bane","Dodge and Roll"],"picked":"SKIP","floor":11.0},{"not_picked":["Deflect","Expertise"],"picked":"PiercingWail","floor":13.0},{"not_picked":["Underhanded Strike","Quick Slash"],"picked":"After Image","floor":14.0},{"not_picked":["Envenom","Unload"],"picked":"Phantasmal Killer","floor":16.0},{"not_picked":["Sucker Punch","Bane"],"picked":"Acrobatics","floor":18.0},{"not_picked":["Finisher","Noxious Fumes+1"],"picked":"Backflip","floor":20.0},{"not_picked":["Deadly Poison+1","Prepared"],"picked":"Concentrate","floor":24.0},{"not_picked":["Endless Agony+1","Heel Hook"],"picked":"Escape Plan","floor":25.0},{"not_picked":["Deflect","Cloak And Dagger","Dagger Spray"],"picked":"SKIP","floor":29.0},{"not_picked":["Dodge and Roll+1","Endless Agony+1","Dagger Spray"],"picked":"SKIP","floor":30.0},{"not_picked":["Dash","Quick Slash","Cloak And Dagger"],"picked":"SKIP","floor":31.0},{"not_picked":["Storm of Steel","Die Die Die"],"picked":"Adrenaline","floor":33.0},{"not_picked":["Leg Sweep","Flying Knee"],"picked":"Footwork","floor":35.0},{"not_picked":["Predator","Slice","Acrobatics"],"picked":"SKIP","floor":36.0},{"not_picked":["Heel Hook+1","Acrobatics"],"picked":"Escape Plan","floor":37.0},{"not_picked":["Prepared+1","Crippling Poison+1","Cloak And Dagger"],"picked":"SKIP","floor":39.0},{"not_picked":["Poisoned Stab","Deadly Poison","Dodge and Roll+1"],"picked":"SKIP","floor":41.0},{"not_picked":["Prepared","Bane"],"picked":"PiercingWail+1","floor":42.0},{"not_picked":["Acrobatics","Dash+1"],"picked":"Blade Dance+1","floor":45.0},{"not_picked":["Dagger Throw+1","A Thousand Cuts"],"picked":"Calculated Gamble","floor":46}],"player_experience":1596310,"relics_obtained":[{"floor":9.0,"key":"Regal Pillow"},{"floor":10.0,"key":"Gambling Chip"},{"floor":24.0,"key":"Bronze Scales"},{"floor":34.0,"key":"Omamori"},{"floor":34.0,"key":"Du-Vu Doll"},{"floor":34.0,"key":"Ninja Scroll"},{"floor":37.0,"key":"TungstenRod"},{"floor":43.0,"key":"PreservedInsect"},{"floor":46,"key":"Sundial"}],"event_choices":[{"damage_healed":0.0,"max_hp_gain":0.0,"max_hp_loss":0.0,"gold_gain":0.0,"cards_transformed":["Strike_G"],"event_name":"Transmorgrifier","player_choice":"Transformed","floor":3.0,"gold_loss":0.0,"damage_taken":0.0,"cards_obtained":["Caltrops"]},{"damage_healed":0.0,"max_hp_gain":0.0,"max_hp_loss":0.0,"gold_gain":0.0,"cards_transformed":["Strike_G"],"event_name":"Living Wall","player_choice":"Change","floor":5.0,"gold_loss":0.0,"damage_taken":0.0,"cards_obtained":["Die Die Die"]},{"damage_healed":0.0,"max_hp_gain":0.0,"max_hp_loss":0.0,"gold_gain":50.0,"event_name":"Golden Shrine","player_choice":"Pray","floor":7.0,"gold_loss":0.0,"damage_taken":0.0},{"damage_healed":0.0,"max_hp_gain":0.0,"max_hp_loss":0.0,"gold_gain":0.0,"event_name":"Ghosts","player_choice":"Ignored","floor":19.0,"gold_loss":0.0,"damage_taken":0.0},{"cards_removed":["Strike_G"],"damage_healed":0.0,"max_hp_gain":0.0,"max_hp_loss":0.0,"gold_gain":0.0,"event_name":"Beggar","player_choice":"Gave Gold","floor":22.0,"gold_loss":75.0,"damage_taken":0.0},{"damage_healed":0.0,"max_hp_gain":0.0,"max_hp_loss":0.0,"gold_gain":0.0,"event_name":"The Mausoleum","player_choice":"Ignored","floor":27.0,"gold_loss":0.0,"damage_taken":0.0},{"damage_healed":0.0,"max_hp_gain":0.0,"max_hp_loss":0.0,"gold_gain":0.0,"event_name":"MindBloom","player_choice":"Fight","floor":37.0,"gold_loss":0.0,"damage_taken":0.0},{"damage_healed":0.0,"max_hp_gain":0.0,"max_hp_loss":0.0,"gold_gain":0.0,"event_name":"Upgrade Shrine","player_choice":"Upgraded","floor":38.0,"gold_loss":0.0,"damage_taken":0.0,"cards_upgraded":["Concentrate"]},{"damage_healed":0.0,"max_hp_gain":0.0,"max_hp_loss":0.0,"gold_gain":0.0,"event_name":"Winding Halls","player_choice":"Embrace Madness","floor":44.0,"gold_loss":0.0,"damage_taken":12.0,"cards_obtained":["Madness","Madness"]}],"is_beta":false,"boss_relics":[{"not_picked":["Ring of the Serpent","Tiny House"],"picked":"Philosopher\u0027s Stone"},{"not_picked":["Fusion Hammer","Runic Dome"],"picked":"Calling Bell"}],"items_purged_floors":[21],"is_endless":false,"potions_floor_spawned":[10,11,13,20,25,29,36,37,46],"killed_by":"Transient","ascension_level":20}}