{"host":"1pwde2j81wdvsae3","time":1610945738,"event":{"mods":["BaseMod","Minty Spire (QoL Compilation)","Replay The Spire","Shop Mod","StSLib"],"gold_per_floor":[10,160,225,245,245,278,278,312,312,323,354,374,374,387,387,463,463,473,491,509,40,40,71,71,71,96,111,111,24,40,55,55,55,55],"floor_reached":33,"language":"ZHS","playtime":911,"items_purged":["CommonCold"],"score":556,"play_id":"4ee97d6d-f53b-40cd-99a3-8a15654367ca","local_time":"20210118125538","is_ascension_mode":true,"campfire_choices":[{"floor":7,"key":"REST"},{"data":"Perfected Strike","floor":13,"key":"SMITH"},{"data":"Perfected Strike","floor":15,"key":"SMITH"},{"floor":24,"key":"REST"},{"floor":28,"key":"REST"},{"floor":32,"key":"REST"}],"circlet_count":0,"master_deck":["AscendersBane","Strike_R+1","Strike_R+1","Strike_R+1","Strike_R+1","Strike_R+1","Defend_R+1","Defend_R+1","Defend_R+1","Defend_R+1","Bash","Thunderclap","Wild Strike","Pommel Strike","Heavy Blade","Perfected Strike+1","ReplayTheSpireMod:Strike From Hell","ReplayTheSpireMod:Stacked","Clothesline","Perfected Strike+1","Offering","Rupture","Seeing Red","Bloodletting","Wild Strike","Wild Strike","ReplayTheSpireMod:IOU","Body Slam+1","ReplayTheSpireMod:Strike From Hell","Perfected Strike","Infernal Blade","Perfected Strike","Twin Strike","ReplayTheSpireMod:Muscle Training","Pummel"],"relics":["Burning Blood","Pocketwatch","Vajra","Replay:Accelerometer","Replay:Wax Seal","Ornamental Fan","Eternal Feather","Replay:Ancient Bell","Omamori","Letter Opener","TungstenRod","Red Skull","TheAbacus","InkBottle","Dream Catcher","Replay:Baseball"],"acts_visited":["Exordium","TheCity"],"potions_floor_usage":[11,16,16,23,33],"damage_taken":[{"damage":3,"enemies":"Small Slimes","floor":1,"turns":5},{"damage":1,"enemies":"2 Louse","floor":4,"turns":3},{"damage":40,"enemies":"Lagavulin","floor":6,"turns":4},{"damage":16,"enemies":"Gremlin Nob","floor":8,"turns":3},{"damage":0,"enemies":"Cultist","floor":10,"turns":2},{"damage":40,"enemies":"Lagavulin","floor":11,"turns":4},{"damage":21,"enemies":"Exordium Thugs","floor":12,"turns":4},{"damage":2,"enemies":"Large Slime","floor":14,"turns":4},{"damage":26,"enemies":"Hexaghost","floor":16,"turns":6},{"damage":10,"enemies":"Spheric Guardian","floor":18,"turns":3},{"damage":9,"enemies":"Shell Parasite","floor":19,"turns":2},{"damage":34,"enemies":"Shelled Parasite and Fungi","floor":20,"turns":5},{"damage":26,"enemies":"Slavers","floor":23,"turns":4},{"damage":39,"enemies":"Snake Plant","floor":27,"turns":3},{"damage":10,"enemies":"3 Cultists","floor":29,"turns":3},{"damage":15,"enemies":"Cultist and Chosen","floor":30,"turns":3},{"damage":5,"enemies":"Snake Plant","floor":31,"turns":2},{"damage":87,"enemies":"Automaton","floor":33,"turns":6}],"seed_played":"710428819323434572","potions_obtained":[{"floor":1,"key":"BloodPotion"},{"floor":3,"key":"Ancient Potion"},{"floor":11,"key":"SkillPotion"},{"floor":14,"key":"LiquidMemories"},{"floor":20,"key":"Block Potion"},{"floor":30,"key":"Adrenaline Potion"},{"floor":31,"key":"Doom Potion"}],"is_trial":false,"path_per_floor":["M","?","?","M","?","E","R","E","T","M","E","M","R","M","R","B",null,"M","M","M","$","?","E","R","?","T","M","R","M","M","M","R","B"],"character_chosen":"IRONCLAD","items_purchased":["Red Skull","Wild Strike","TheAbacus","InkBottle"],"campfire_rested":4,"item_purchase_floors":[21,21,21,21],"current_hp_per_floor":[71,71,71,75,75,41,63,53,53,59,40,25,34,38,50,30,64,60,57,29,29,29,9,46,46,46,13,53,49,40,41,75,0,0],"gold":55,"neow_bonus":"ONE_RARE_RELIC","is_daily":false,"chose_seed":false,"campfire_upgraded":2,"win_rate":0.0,"timestamp":1610945738,"path_taken":["M","?","?","M","?","E","R","E","T","M","E","M","R","M","R","BOSS","M","M","?","$","?","E","R","?","T","M","R","M","M","M","R","BOSS"],"items_purchased_type":["Relic","Card","Relic","Relic"],"build_version":"2020-12-22","purchased_purges":1,"victory":false,"max_hp_per_floor":[75,75,75,75,75,75,75,75,75,75,75,75,75,75,75,75,75,75,75,75,75,75,75,75,75,75,75,75,75,75,75,75,75,75],"card_choices":[{"not_picked":["ReplayReversal","Defy Death"],"picked":"Thunderclap","floor":1},{"not_picked":["ReplayTheSpireMod:Limb From Limb","Iron Wave"],"picked":"Wild Strike","floor":3},{"not_picked":["Flex","Cleave"],"picked":"Pommel Strike","floor":4},{"not_picked":["Pommel Strike","Bludgeon"],"picked":"Heavy Blade","floor":6},{"not_picked":["ReplayTheSpireMod:Limb From Limb","Blood for Blood"],"picked":"Perfected Strike","floor":8},{"not_picked":["Perfected Strike","Headbutt"],"picked":"ReplayTheSpireMod:Strike From Hell","floor":10},{"not_picked":["Perfected Strike","Uppercut"],"picked":"ReplayTheSpireMod:Stacked","floor":11},{"not_picked":["Run Through","Havoc"],"picked":"Clothesline","floor":12},{"not_picked":["ReplayTheSpireMod:Strike From Hell","Clash"],"picked":"Perfected Strike","floor":14},{"not_picked":["Eclipse","Immolate"],"picked":"Offering","floor":16},{"not_picked":["Looming Evil","Shame"],"picked":"AbeCurse","floor":17},{"not_picked":["AbeCurse","Overencumbered"],"picked":"Voices","floor":17},{"not_picked":["Regret","Overencumbered"],"picked":"CommonCold","floor":17},{"not_picked":["Body Slam","Whirlwind"],"picked":"Rupture","floor":18},{"not_picked":["ReplayTheSpireMod:LeadingStrike","Body Slam"],"picked":"Seeing Red","floor":19},{"not_picked":["True Grit","Immolate"],"picked":"Bloodletting","floor":20},{"not_picked":["Thunderclap","Headbutt"],"picked":"Body Slam+1","floor":23},{"not_picked":["Spot Weakness","Anger"],"picked":"ReplayTheSpireMod:Strike From Hell","floor":24},{"not_picked":["Entrench","True Grit"],"picked":"Perfected Strike","floor":27},{"not_picked":["Thunderclap","Replay:Many Hands"],"picked":"Infernal Blade","floor":28},{"not_picked":["Entrench","Replay:Undeath\u0027s Touch"],"picked":"Perfected Strike","floor":29},{"not_picked":["Shrug It Off+1","Anger"],"picked":"Twin Strike","floor":30},{"not_picked":["Whirlwind","Rupture"],"picked":"ReplayTheSpireMod:Muscle Training","floor":31},{"not_picked":["Iron Wave","Body Slam+1"],"picked":"Pummel","floor":32}],"player_experience":224191,"relics_obtained":[{"floor":3,"key":"Vajra"},{"floor":6,"key":"Replay:Accelerometer"},{"floor":8,"key":"Replay:Wax Seal"},{"floor":9,"key":"Ornamental Fan"},{"floor":11,"key":"Eternal Feather"},{"floor":23,"key":"Dream Catcher"},{"floor":26,"key":"Replay:Baseball"}],"event_choices":[{"damage_healed":0,"gold_gain":150,"player_choice":"AGREE","damage_taken":0,"max_hp_gain":0,"max_hp_loss":0,"event_name":"Liars Game","floor":2,"gold_loss":0,"cards_obtained":["Doubt"]},{"cards_removed":["Doubt"],"damage_healed":0,"gold_gain":0,"player_choice":"Purged","damage_taken":0,"max_hp_gain":0,"max_hp_loss":0,"event_name":"Purifier","floor":5,"gold_loss":0},{"damage_healed":0,"gold_gain":0,"player_choice":"Simplicity","damage_taken":0,"max_hp_gain":0,"max_hp_loss":0,"event_name":"Back to Basics","floor":22,"gold_loss":0,"cards_upgraded":["Strike_R","Strike_R","Strike_R","Strike_R","Strike_R","Defend_R","Defend_R","Defend_R","Defend_R"]},{"damage_healed":0,"gold_gain":0,"player_choice":"Ignored","damage_taken":0,"max_hp_gain":0,"max_hp_loss":0,"event_name":"Ghosts","floor":25,"gold_loss":0}],"is_beta":false,"boss_relics":[{"not_picked":["Runic Cube","Replay:Bronze Core"],"picked":"Replay:Ancient Bell"},{"not_picked":["Juzu Bracelet","Bag of Preparation"],"picked":"Omamori"},{"not_picked":["Mercury Hourglass","Pear"],"picked":"Letter Opener"},{"not_picked":["Du-Vu Doll","Durian"],"picked":"TungstenRod"}],"items_purged_floors":[21],"is_endless":false,"potions_floor_spawned":[1,4,11,14,20,30,31],"killed_by":"Automaton","ascension_level":15}}