{"host":"7tqog9fnhs0gxmti","time":1610971998,"event":{"mods":["AchievementEnabler","Act Like it!","BaseMod","Beaked The Cultist","Colored Map","Colored Powertips","Hermit","Highlight Path","Koishi","Minty Spire (QoL Compilation)","Robot Space Explorer","StSLib","The Gatherer","everything is the same but u backflip on backflip"],"gold_per_floor":[109,32,101,101,116,146,146,205,205,232,507,507,524,535,535,635,635,645,655,655,683,683,683],"floor_reached":22,"language":"ENG","playtime":706,"items_purged":[],"score":217,"play_id":"12501438-c9fd-46de-adcb-bf751f8ef35a","local_time":"20210118201318","is_ascension_mode":false,"campfire_choices":[{"data":"hermit:FullyLoaded","floor":7,"key":"SMITH"},{"data":"hermit:Glare","floor":12,"key":"SMITH"},{"data":"hermit:SprayPray","floor":15,"key":"SMITH"}],"circlet_count":0,"master_deck":["hermit:Strike_Hermit","hermit:Strike_Hermit","hermit:Strike_Hermit","hermit:Strike_Hermit","hermit:Defend_Hermit","hermit:Defend_Hermit+1","hermit:Defend_Hermit","hermit:Defend_Hermit","hermit:Snapshot","hermit:Covet+1","hermit:TrackingShot","hermit:Brawl+1","hermit:Enervate","hermit:FullyLoaded+1","hermit:Glare+1","hermit:SprayPray+1","Regret","hermit:FinalCanter","hermit:Brawl","hermit:Dive","hermit:Maintenance"],"relics":["hermit:Momento","NeowsBlessing","Strawberry","Bag of Preparation","Potion Belt","War Paint","Black Star","MutagenicStrength","Red Mask"],"acts_visited":["Exordium","TheCity"],"potions_floor_usage":[16,16,16,16,21,21],"damage_taken":[{"damage":0,"enemies":"Jaw Worm","floor":1,"turns":1},{"damage":0,"enemies":"2 Louse","floor":5,"turns":1},{"damage":0,"enemies":"Gremlin Nob","floor":6,"turns":1},{"damage":28,"enemies":"Lagavulin Event","floor":8,"turns":5},{"damage":13,"enemies":"Lagavulin","floor":10,"turns":5},{"damage":0,"enemies":"Cultist","floor":13,"turns":2},{"damage":7,"enemies":"Exordium Wildlife","floor":14,"turns":4},{"damage":35,"enemies":"The Guardian","floor":16,"turns":7},{"damage":25,"enemies":"Spheric Guardian","floor":18,"turns":4},{"damage":15,"enemies":"3 Byrds","floor":19,"turns":6},{"damage":26,"enemies":"Masked Bandits","floor":21,"turns":5},{"damage":21,"enemies":"Cultist and Chosen","floor":22,"turns":5}],"seed_played":"3285434904866014674","potions_obtained":[{"floor":1,"key":"Regen Potion"},{"floor":8,"key":"Weak Potion"},{"floor":10,"key":"hermit:BlackBile"},{"floor":14,"key":"Regen Potion"},{"floor":16,"key":"AttackPotion"},{"floor":18,"key":"hermit:Tonic"}],"is_trial":false,"path_per_floor":["M","$","?","?","M","E","R","?","T","E","?","R","M","M","R","B",null,"M","M","?","?","M"],"character_chosen":"HERMIT","items_purchased":["hermit:Brawl"],"campfire_rested":0,"item_purchase_floors":[2],"current_hp_per_floor":[75,75,75,75,75,82,82,54,54,41,41,41,41,34,34,44,82,57,42,42,16,0,0],"gold":683,"neow_bonus":"THREE_ENEMY_KILL","is_daily":false,"chose_seed":false,"campfire_upgraded":3,"win_rate":0.0,"timestamp":1610971998,"path_taken":["M","$","?","?","?","E","R","?","T","E","?","R","?","?","R","BOSS","M","M","?","?","M"],"items_purchased_type":["Card"],"build_version":"2020-12-22","purchased_purges":0,"victory":false,"max_hp_per_floor":[75,75,75,75,75,82,82,82,82,82,82,82,82,82,82,82,82,82,82,82,82,82,82],"card_choices":[{"not_picked":["hermit:DeadMansHand","hermit:HighCaliber"],"picked":"hermit:TrackingShot","floor":1},{"not_picked":["hermit:Feint","hermit:CalledShot"],"picked":"hermit:Enervate","floor":5},{"not_picked":["hermit:EternalForm","hermit:TrackingShot"],"picked":"hermit:FullyLoaded","floor":6},{"not_picked":["hermit:WideOpen","hermit:Snipe"],"picked":"hermit:Glare","floor":8},{"not_picked":["hermit:LowProfile","hermit:Feint"],"picked":"hermit:SprayPray","floor":10},{"not_picked":["hermit:CalledShot","hermit:Glare","hermit:LowProfile"],"picked":"SKIP","floor":13},{"not_picked":["hermit:ItchyTrigger","hermit:Desperado","hermit:Virtue"],"picked":"SKIP","floor":14},{"not_picked":["hermit:Gambit","hermit:Reprieve"],"picked":"hermit:FinalCanter","floor":16},{"not_picked":["hermit:Cheat+1","hermit:Headshot+1"],"picked":"hermit:Brawl","floor":18},{"not_picked":["hermit:CalledShot","hermit:FlashPowder"],"picked":"hermit:Dive","floor":19},{"not_picked":["hermit:Headshot","hermit:Brawl"],"picked":"hermit:Maintenance","floor":21}],"player_experience":782802,"relics_obtained":[{"floor":6,"key":"Strawberry"},{"floor":8,"key":"Bag of Preparation"},{"floor":9,"key":"Potion Belt"},{"floor":10,"key":"War Paint"},{"floor":21,"key":"Red Mask"}],"event_choices":[{"damage_healed":0,"gold_gain":69,"player_choice":"Gained Gold","damage_taken":0,"max_hp_gain":0,"max_hp_loss":0,"event_name":"Golden Wing","floor":3,"gold_loss":0},{"damage_healed":0,"gold_gain":0,"player_choice":"Forge","damage_taken":0,"max_hp_gain":0,"max_hp_loss":0,"event_name":"Accursed Blacksmith","floor":4,"gold_loss":0,"cards_upgraded":["hermit:Brawl"]},{"damage_healed":0,"gold_gain":0,"player_choice":"Searched \u00271\u0027 times","damage_taken":0,"max_hp_gain":0,"max_hp_loss":0,"event_name":"Dead Adventurer","floor":8,"gold_loss":0},{"damage_healed":0,"gold_gain":275,"player_choice":"Desecrate","damage_taken":0,"max_hp_gain":0,"max_hp_loss":0,"event_name":"Golden Shrine","floor":11,"gold_loss":0,"cards_obtained":["Regret"]},{"damage_healed":0,"gold_gain":0,"player_choice":"Inject Mutagens","damage_taken":0,"relics_obtained":["MutagenicStrength"],"max_hp_gain":0,"max_hp_loss":0,"event_name":"Drug Dealer","floor":20,"gold_loss":0},{"damage_healed":0,"gold_gain":0,"player_choice":"Fought Bandits","damage_taken":0,"max_hp_gain":0,"max_hp_loss":0,"event_name":"Masked Bandits","floor":21,"gold_loss":0}],"is_beta":false,"boss_relics":[{"not_picked":["Snecko Eye","hermit:BartenderGlass"],"picked":"Black Star"}],"items_purged_floors":[],"is_endless":false,"potions_floor_spawned":[1,8,10,14,16,18],"killed_by":"Cultist and Chosen","ascension_level":0}}