{"host":"fxrgx7wt2cpkbhka","time":1610964877,"event":{"mods":["AchievementEnabler","BaseMod","Colored Powertips","Minty Spire (QoL Compilation)","Permanent Neow","Slay-I","StSLib","Waifu the Spire"],"gold_per_floor":[115,115,115,190,248,279,292,292,292,292,327,342,361,379,379,476,476,495,248,248,169,183,183,36,36,36,63,63,63,63,144,144,252,279,292,342,4,13,28,62,62,74,74,92,92,142,174,13,13,13,13,13,13,41,41,41],"floor_reached":55,"language":"ENG","playtime":2208,"items_purged":[],"score":1202,"play_id":"baeb64da-ff7d-436c-a4e0-f18a9655fa80","local_time":"20210118021437","is_ascension_mode":true,"campfire_choices":[{"floor":8,"key":"REST"},{"floor":10,"key":"REST"},{"data":"Metallicize","floor":15,"key":"SMITH"},{"data":"Metallicize","floor":23,"key":"SMITH"},{"data":"Uppercut","floor":25,"key":"SMITH"},{"data":"Reaper","floor":28,"key":"SMITH"},{"data":"Dropkick","floor":30,"key":"SMITH"},{"floor":32,"key":"RECALL"},{"data":"Demon Form","floor":41,"key":"SMITH"},{"data":"Heavy Blade","floor":45,"key":"SMITH"},{"data":"Limit Break","floor":49,"key":"SMITH"},{"data":"Madness","floor":52,"key":"SMITH"}],"circlet_count":0,"master_deck":["AscendersBane","Strike_R","Strike_R","Defend_R","Defend_R","Defend_R","Bash+1","Metallicize+1","Metallicize+1","Limit Break+1","Dropkick+1","Reaper+1","Disarm+1","Metallicize+1","Uppercut+1","Armaments+1","Demon Form+1","Clash+1","Reaper+1","Infernal Blade+1","Cleave","Heavy Blade+1","Madness","Madness+1","Metallicize+1"],"relics":["Burning Blood","PreservedInsect","Orichalcum","Oddly Smooth Stone","Velvet Choker","Membership Card","Omamori","Lee\u0027s Waffle","Bronze Scales","Pear","CeramicFish","Mummified Hand","Astrolabe","Incense Burner","Frozen Egg 2","Frozen Eye","Darkstone Periapt","HornCleat","Eternal Feather","Magic Flower","Happy Flower","Blood Vial","Lantern","Paper Frog"],"acts_visited":["Exordium","TheCity","TheBeyond","TheEnding"],"potions_floor_usage":[7,16,18,27,33,47,47],"damage_taken":[{"damage":12,"enemies":"Jaw Worm","floor":1,"turns":2},{"damage":56,"enemies":"3 Sentries","floor":6,"turns":15},{"damage":2,"enemies":"2 Louse","floor":7,"turns":3},{"damage":19,"enemies":"Lagavulin","floor":11,"turns":5},{"damage":0,"enemies":"Small Slimes","floor":12,"turns":4},{"damage":4,"enemies":"3 Louse","floor":13,"turns":6},{"damage":4,"enemies":"Blue Slaver","floor":14,"turns":5},{"damage":19,"enemies":"The Guardian","floor":16,"turns":12},{"damage":19,"enemies":"Spheric Guardian","floor":18,"turns":9},{"damage":0,"enemies":"Shell Parasite","floor":22,"turns":6},{"damage":21,"enemies":"Slavers","floor":27,"turns":6},{"damage":51,"enemies":"Collector","floor":33,"turns":14},{"damage":0,"enemies":"3 Shapes","floor":35,"turns":10},{"damage":37,"enemies":"2 Orb Walkers","floor":36,"turns":5},{"damage":33,"enemies":"3 Darklings","floor":39,"turns":6},{"damage":36,"enemies":"Giant Head","floor":40,"turns":8},{"damage":41,"enemies":"Spire Growth","floor":42,"turns":7},{"damage":0,"enemies":"Mind Bloom Boss Battle","floor":46,"turns":5},{"damage":73,"enemies":"Nemesis","floor":47,"turns":9},{"damage":62,"enemies":"Awakened One","floor":50,"turns":11},{"damage":74,"enemies":"Shield and Spear","floor":54,"turns":6},{"damage":74,"enemies":"The Heart","floor":55,"turns":5}],"seed_played":"5182324588064024457","potions_obtained":[{"floor":6,"key":"Block Potion"},{"floor":11,"key":"Swift Potion"},{"floor":14,"key":"SkillPotion"},{"floor":16,"key":"Energy Potion"},{"floor":27,"key":"SpeedPotion"},{"floor":39,"key":"ElixirPotion"},{"floor":40,"key":"ColorlessPotion"}],"is_trial":false,"path_per_floor":["M","?","?","?","?","E","M","R","T","R","E","M","M","M","R","B",null,"M","$","?","$","M","R","$","R","T","E","R","?","R","T","R","B",null,"M","?","$","?","M","E","R","M","T","?","R","?","E","$","R","B",null,"R","$","E","B"],"character_chosen":"IRONCLAD","items_purchased":["Metallicize","Membership Card","Uppercut","Omamori","Lee\u0027s Waffle","Bronze Scales","Frozen Egg 2","Frozen Eye","Darkstone Periapt","Metallicize+1","Blood Vial","Lantern"],"campfire_rested":2,"item_purchase_floors":[19,19,19,21,24,24,37,37,37,48,48,48],"current_hp_per_floor":[66,71,71,60,60,10,14,39,39,64,51,57,59,61,61,48,76,67,67,67,67,79,79,92,92,92,95,95,95,95,95,95,65,93,102,102,102,102,102,91,91,102,102,89,101,102,94,94,102,98,101,102,102,37,0,0],"gold":41,"neow_bonus":"UPGRADE_CARD","is_daily":false,"chose_seed":false,"campfire_upgraded":9,"win_rate":0.0,"timestamp":1610964877,"path_taken":["M","?","?","?","?","E","M","R","T","R","E","M","?","M","R","BOSS","M","$","?","$","M","R","?","R","T","E","R","?","R","?","R","BOSS","M","?","$","?","?","E","R","M","T","?","R","?","E","$","R","BOSS","R","$","E","BOSS"],"items_purchased_type":["Card","Relic","Card","Relic","Relic","Relic","Relic","Relic","Relic","Card","Relic","Relic"],"build_version":"2020-12-22","purchased_purges":0,"victory":false,"max_hp_per_floor":[80,85,85,85,85,85,85,85,85,85,85,85,85,85,85,85,85,85,85,85,85,85,85,92,92,92,102,102,102,102,102,102,102,102,102,102,102,102,102,102,102,102,102,102,102,102,102,102,102,102,102,102,102,102,102,102],"card_choices":[{"not_picked":["Iron Wave","Flex"],"picked":"Metallicize","floor":1},{"not_picked":["Havoc","Headbutt","Sword Boomerang"],"picked":"SKIP","floor":6},{"not_picked":["Sword Boomerang","Wild Strike"],"picked":"Metallicize","floor":7},{"not_picked":["Reckless Charge","Wild Strike"],"picked":"Limit Break","floor":11},{"not_picked":["Clothesline","Sword Boomerang"],"picked":"Dropkick","floor":12},{"not_picked":["Shrug It Off","Havoc","Pommel Strike"],"picked":"SKIP","floor":13},{"not_picked":["Ghostly Armor","Evolve","Headbutt"],"picked":"SKIP","floor":14},{"not_picked":["Corruption","Brutality"],"picked":"Reaper","floor":16},{"not_picked":["Rage","Carnage"],"picked":"Disarm+1","floor":18},{"not_picked":["Thunderclap","Whirlwind","Shrug It Off"],"picked":"SKIP","floor":22},{"not_picked":["Second Wind","Carnage"],"picked":"Armaments+1","floor":27},{"not_picked":["Bludgeon","Exhume"],"picked":"Demon Form","floor":33},{"not_picked":["Clothesline","True Grit","Armaments"],"picked":"SKIP","floor":35},{"not_picked":["Warcry","True Grit","Ghostly Armor"],"picked":"SKIP","floor":39},{"not_picked":["Twin Strike","Reckless Charge"],"picked":"Heavy Blade","floor":40},{"not_picked":["Twin Strike","Combust+1","Second Wind"],"picked":"SKIP","floor":42},{"not_picked":["Cleave","Clash","True Grit"],"picked":"SKIP","floor":47},{"not_picked":["Clothesline","Exhume","Sword Boomerang"],"picked":"SKIP","floor":54}],"player_experience":712660,"relics_obtained":[{"floor":6,"key":"PreservedInsect"},{"floor":9,"key":"Orichalcum"},{"floor":11,"key":"Oddly Smooth Stone"},{"floor":27,"key":"Pear"},{"floor":31,"key":"Mummified Hand"},{"floor":36,"key":"Incense Burner"},{"floor":40,"key":"HornCleat"},{"floor":43,"key":"Eternal Feather"},{"floor":46,"key":"Magic Flower"},{"floor":47,"key":"Happy Flower"},{"floor":54,"key":"Paper Frog"}],"event_choices":[{"damage_healed":0,"gold_gain":0,"player_choice":"Donut","damage_taken":0,"max_hp_gain":5,"max_hp_loss":0,"event_name":"Big Fish","floor":2,"gold_loss":0},{"damage_healed":0,"gold_gain":0,"player_choice":"Leave","damage_taken":0,"max_hp_gain":0,"max_hp_loss":0,"event_name":"The Cleric","floor":3,"gold_loss":0},{"damage_healed":0,"gold_gain":75,"player_choice":"Gather Gold","damage_taken":11,"max_hp_gain":0,"max_hp_loss":0,"event_name":"World of Goop","floor":4,"gold_loss":0},{"damage_healed":0,"gold_gain":58,"player_choice":"Gained Gold","damage_taken":0,"max_hp_gain":0,"max_hp_loss":0,"event_name":"Golden Wing","floor":5,"gold_loss":0},{"damage_healed":0,"gold_gain":0,"player_choice":"Upgraded","damage_taken":0,"max_hp_gain":0,"max_hp_loss":0,"event_name":"Upgrade Shrine","floor":20,"gold_loss":0,"cards_upgraded":["Metallicize"]},{"damage_healed":0,"gold_gain":0,"player_choice":"Opened","damage_taken":0,"relics_obtained":["CeramicFish"],"max_hp_gain":0,"max_hp_loss":0,"event_name":"The Mausoleum","floor":29,"gold_loss":0},{"damage_healed":0,"gold_gain":0,"player_choice":"Fight","damage_taken":0,"max_hp_gain":0,"max_hp_loss":0,"event_name":"Mysterious Sphere","floor":36,"gold_loss":0},{"damage_healed":0,"gold_gain":0,"cards_transformed":["Strike_R"],"player_choice":"Transformed","damage_taken":0,"max_hp_gain":0,"max_hp_loss":0,"event_name":"Transmorgrifier","floor":38,"gold_loss":0,"cards_obtained":["Cleave"]},{"damage_healed":0,"gold_gain":0,"player_choice":"Embrace Madness","damage_taken":13,"max_hp_gain":0,"max_hp_loss":0,"event_name":"Winding Halls","floor":44,"gold_loss":0,"cards_obtained":["Madness","Madness"]},{"damage_healed":0,"gold_gain":0,"player_choice":"Fight","damage_taken":0,"max_hp_gain":0,"max_hp_loss":0,"event_name":"MindBloom","floor":46,"gold_loss":0}],"is_beta":false,"boss_relics":[{"not_picked":["Coffee Dripper","Snecko Eye"],"picked":"Velvet Choker"},{"not_picked":["Busted Crown","Philosopher\u0027s Stone"],"picked":"Astrolabe"}],"items_purged_floors":[],"is_endless":false,"potions_floor_spawned":[6,11,14,16,27,39,40,46],"killed_by":"The Heart","ascension_level":12}}