{"host":"qksop9n5mnq4zoi8","time":1610942786,"event":{"mods":["Act Like it!","Bard","BaseMod","Beaked The Cultist","BetterRewards","Conspire","Downfall","GifTheSpireLib","Highlight Path","Infinite Spire","Jedi Mod","Lobotomy","Mad Scientist","Minty Spire (QoL Compilation)","Shop Mod","StSLib","The Cursed","The Factory","The Witch","TheBandit","vexMod"],"gold_per_floor":[118,132,79,93,104,104,104,133,133,133,133,144,158,158,158,259,259,278,292,292,309,324,324,324,324],"floor_reached":24,"playtime":3959,"items_purged":[],"score":225,"play_id":"7abd149a-3962-4db7-b437-104bd2656806","local_time":"20210118020626","is_ascension_mode":false,"campfire_choices":[{"data":"beaked:Foresight","floor":6,"key":"SMITH"},{"data":"infinitespire:FutureSight","floor":15,"key":"SMITH"},{"data":"beaked:CrazyRituals","floor":23,"key":"SMITH"}],"circlet_count":0,"master_deck":["beaked:Defend_Y","beaked:Defend_Y","beaked:Defend_Y","beaked:Defend_Y","beaked:Ceremony","beaked:Ceremony","beaked:Ceremony","beaked:Foresight+1","beaked:Insight","beaked:Evade","beaked:MachineSpirit","infinitespire:FutureSight+1","beaked:BounceBack","beaked:WildInstinct","beaked:CrazyRituals+1","beaked:TuckingFeathers","Bite","Bite","Bite","Bite","Bite","beaked:Cower"],"relics":["beaked:MendingPlumage","Potion Belt","vexMod:FocusSash","infinitespire:Bottled Soul","conspire:SlowCooker"],"acts_visited":["Exordium","TheCity"],"potions_floor_usage":[13,16,16,19,22],"damage_taken":[{"damage":15,"enemies":"Small Slimes","floor":1,"turns":5},{"damage":14,"enemies":"2 Louse","floor":2,"turns":7},{"damage":11,"enemies":"Jaw Worm","floor":4,"turns":6},{"damage":1,"enemies":"Large Slime","floor":5,"turns":7},{"damage":18,"enemies":"Lagavulin","floor":8,"turns":7},{"damage":16,"enemies":"Red Slaver","floor":12,"turns":6},{"damage":27,"enemies":"Gremlin Gang","floor":13,"turns":8},{"damage":64,"enemies":"Hexaghost","floor":16,"turns":10},{"damage":68,"enemies":"3 Byrds","floor":18,"turns":7},{"damage":37,"enemies":"Spheric Guardian","floor":19,"turns":6},{"damage":22,"enemies":"conspire:HollyBat","floor":21,"turns":9},{"damage":43,"enemies":"Shelled Parasite and Fungi","floor":22,"turns":6},{"damage":52,"enemies":"Gremlin Leader","floor":24,"turns":2}],"seed_played":"-7594271956407038756","potions_obtained":[{"floor":1,"key":"BlessingOfTheForge"},{"floor":4,"key":"CultistPotion"},{"floor":13,"key":"PowerPotion"},{"floor":18,"key":"FearPotion"},{"floor":21,"key":"champ:CounterPotion"}],"is_trial":false,"path_per_floor":["M","M","$","M","M","R","$","E","T","?","?","M","M","?","R","B",null,"M","M","?","M","M","R","E"],"character_chosen":"BEAKED_THE_CULTIST","items_purchased":["beaked:Evade"],"campfire_rested":0,"item_purchase_floors":[3],"current_hp_per_floor":[47,50,50,46,50,50,50,45,45,33,26,40,48,48,48,34,50,8,6,6,40,39,39,0,0],"gold":324,"neow_bonus":"RANDOM_COMMON_RELIC","is_daily":false,"chose_seed":false,"campfire_upgraded":3,"win_rate":0.0,"timestamp":1610942786,"path_taken":["M","M","$","M","M","R","$","E","T","?","?","M","M","?","R","BOSS","M","M","?","M","M","R","E"],"items_purchased_type":["Card"],"build_version":"2020-12-22","purchased_purges":0,"victory":false,"max_hp_per_floor":[50,50,50,50,50,50,50,50,50,50,50,50,50,50,50,50,50,50,50,50,50,50,50,50,50],"card_choices":[{"not_picked":["beaked:Roost","beaked:Daydream"],"picked":"beaked:Foresight","floor":1},{"not_picked":["beaked:Tweet","beaked:MimicHuntress"],"picked":"beaked:Insight","floor":2},{"not_picked":["beaked:HuntressEssence","beaked:Daydream","beaked:HuntressSpirit"],"picked":"SKIP","floor":4},{"not_picked":["beaked:DesperateSwing","beaked:Flinch","beaked:Insight"],"picked":"SKIP","floor":5},{"not_picked":["beaked:Cower","beaked:Tweet"],"picked":"beaked:MachineSpirit","floor":8},{"not_picked":["infinitespire:SealOfDarkness+","infinitespire:NeuralNetwork"],"picked":"infinitespire:FutureSight","floor":10},{"not_picked":["beaked:Poke","beaked:DigDeeper","beaked:Tweet"],"picked":"SKIP","floor":12},{"not_picked":["beaked:Windmill","beaked:MimicMachine"],"picked":"beaked:BounceBack","floor":13},{"not_picked":["beaked:DarkTribute","beaked:LiftOff"],"picked":"beaked:WildInstinct","floor":16},{"not_picked":["beaked:Resilience","beaked:MimicHuntress"],"picked":"beaked:CrazyRituals","floor":18},{"not_picked":["beaked:SacrificialAttack","beaked:Evade"],"picked":"beaked:TuckingFeathers","floor":19},{"not_picked":["beaked:DigDeep","beaked:BraceForImpact+1"],"picked":"beaked:Cower","floor":21},{"not_picked":["beaked:WarriorSpirit","beaked:Negation","beaked:Resilience+1"],"picked":"SKIP","floor":22}],"player_experience":349312,"relics_obtained":[{"floor":8,"key":"Blood Vial"},{"floor":9,"key":"vexMod:FocusSash"}],"event_choices":[{"damage_healed":0,"gold_gain":0,"player_choice":"Success","damage_taken":7,"relics_obtained":["infinitespire:Bottled Soul"],"max_hp_gain":0,"max_hp_loss":0,"event_name":"Scrap Ooze","floor":11,"gold_loss":0},{"damage_healed":0,"gold_gain":0,"player_choice":"Became a vampire (Vial)","damage_taken":0,"max_hp_gain":0,"max_hp_loss":0,"event_name":"Vampires","floor":20,"relics_lost":["Blood Vial"],"gold_loss":0,"cards_obtained":["Bite","Bite","Bite","Bite","Bite"]}],"is_beta":false,"boss_relics":[{"not_picked":["Pandora\u0027s Box","beaked:SacredDeck"],"picked":"conspire:SlowCooker"}],"items_purged_floors":[],"is_endless":false,"potions_floor_spawned":[1,4,13,18,21],"killed_by":"Gremlin Leader","ascension_level":0}}