{"host":"d7fiu2yjkssjxoz6","time":1610931877,"event":{"mods":["AchievementEnabler","BaseMod","Duelist Mod","GifTheSpireLib","Minty Spire (QoL Compilation)","StSLib"],"gold_per_floor":[143,161,177,177,240,265,265,265,265,265,276,276,276],"floor_reached":12,"language":"ENG","playtime":1025,"items_purged":[],"score":113,"play_id":"aef119a7-c967-4725-b54d-1e10221ece4c","local_time":"20210117170437","is_ascension_mode":true,"campfire_choices":[{"floor":8,"key":"REST"},{"data":"theDuelist:MetalDragon","floor":10,"key":"SMITH"}],"circlet_count":0,"master_deck":["theDuelist:Biofalcon","theDuelist:CastleWalls","theDuelist:CastleWalls","theDuelist:Deskbot004","theDuelist:Deskbot004","theDuelist:Deskbot005","theDuelist:Deskbot005","theDuelist:GreenGadget","theDuelist:Sparks","theDuelist:Sparks","theDuelist:ElectromagneticTurtle","theDuelist:GreenGadget","theDuelist:PotDuality","theDuelist:MetalDragon+1","Parasite","theDuelist:CyberRaider"],"relics":["theDuelist:MillenniumPuzzle","theDuelist:CardPoolRelic","theDuelist:CardPoolBasicRelic","theDuelist:BoosterPackPoolRelic","theDuelist:CardPoolAddRelic","theDuelist:CardPoolMinusRelic","theDuelist:CardPoolSaveRelic","theDuelist:CardPoolOptionsRelic","theDuelist:BoosterPackTrapEgg","Toy Ornithopter","Mummified Hand"],"acts_visited":["Exordium"],"potions_floor_usage":[],"damage_taken":[{"damage":0,"enemies":"Cultist","floor":1,"turns":3},{"damage":6,"enemies":"Jaw Worm","floor":2,"turns":5},{"damage":0,"enemies":"2 Louse","floor":3,"turns":3},{"damage":48,"enemies":"Lagavulin","floor":6,"turns":8},{"damage":3,"enemies":"2 Fungi Beasts","floor":11,"turns":4},{"damage":47,"enemies":"3 Sentries","floor":12,"turns":12}],"seed_played":"-7325099746478076102","potions_obtained":[{"floor":2,"key":"theDuelist:MillenniumElixir"},{"floor":3,"key":"DuplicationPotion"},{"floor":11,"key":"theDuelist:ExtraOrbsBottle"}],"is_trial":false,"path_per_floor":["M","M","M","?","?","E","?","R","T","R","M","E"],"character_chosen":"THE_DUELIST","items_purchased":[],"campfire_rested":1,"item_purchase_floors":[],"current_hp_per_floor":[80,74,74,49,49,1,23,49,49,49,46,0,0],"gold":276,"neow_bonus":"TEN_PERCENT_HP_BONUS","is_daily":false,"chose_seed":false,"campfire_upgraded":1,"win_rate":0.0,"timestamp":1610931877,"path_taken":["M","?","M","?","?","E","?","R","T","R","M","E"],"items_purchased_type":[],"build_version":"2020-12-22","purchased_purges":0,"victory":false,"max_hp_per_floor":[88,88,88,88,88,88,88,88,88,88,88,88,88],"card_choices":[{"not_picked":["theDuelist:ParallelPortArmor","theDuelist:DigitalBug","theDuelist:Deskbot002","theDuelist:IronDraw"],"picked":"theDuelist:ElectromagneticTurtle","floor":1},{"not_picked":["theDuelist:GenexAllyBirdman","theDuelist:CyberArchfiend","theDuelist:Deskbot003","theDuelist:DigitalBug"],"picked":"theDuelist:GreenGadget","floor":2},{"not_picked":["theDuelist:LimiterRemoval","theDuelist:CoreBlaster","theDuelist:CyberneticFusion","theDuelist:ZONE"],"picked":"theDuelist:PotDuality","floor":3},{"not_picked":["theDuelist:BarrelDragon","theDuelist:AncientGearReactorDragon","theDuelist:AncientGearGadjiltron","theDuelist:MegafleetDragon"],"picked":"theDuelist:MetalDragon","floor":6},{"not_picked":["theDuelist:JunkWarrior","theDuelist:AncientGearChimera","theDuelist:YellowGadget","theDuelist:ZONE"],"picked":"theDuelist:CyberRaider","floor":11}],"player_experience":234808,"relics_obtained":[{"floor":6,"key":"Toy Ornithopter"},{"floor":9,"key":"Mummified Hand"}],"event_choices":[{"damage_healed":0,"gold_gain":0,"player_choice":"Success","damage_taken":25,"relics_obtained":["theDuelist:BoosterPackTrapEgg"],"max_hp_gain":0,"max_hp_loss":0,"event_name":"Scrap Ooze","floor":4,"gold_loss":0},{"damage_healed":0,"gold_gain":63,"player_choice":"Gained Gold","damage_taken":0,"max_hp_gain":0,"max_hp_loss":0,"event_name":"Golden Wing","floor":5,"gold_loss":0},{"damage_healed":22,"gold_gain":0,"player_choice":"Healed and dodged fight","damage_taken":0,"max_hp_gain":0,"max_hp_loss":0,"event_name":"Mushrooms","floor":7,"gold_loss":0,"cards_obtained":["Parasite"]}],"is_beta":false,"boss_relics":[],"items_purged_floors":[],"is_endless":false,"potions_floor_spawned":[2,3,11],"killed_by":"3 Sentries","ascension_level":9}}