{"host":"bg8va46pgqgvtzim","time":1610956291,"event":{"mods":["BaseMod","Downfall","Minty Spire (QoL Compilation)","Quick Restart","StSLib","SuperFastMode"],"gold_per_floor":[99,99,99,199,49,49,73,86,71,71,90,109,109,140,159,254,254,154,170,190,243,243,243,243,268,283,317,117,117,128,157,174,277,277,277,287,287,301,318,318,345,245,245,245,280,290,316,334,347,347,347,375,18,18,18,18],"floor_reached":57,"language":"ZHS","playtime":2663,"items_purged":["Defend_P","Strike_P+1","Strike_P+1"],"score":1526,"play_id":"e8464b74-6f62-4d51-b579-aea8f0439dea","local_time":"20210118155131","is_ascension_mode":true,"campfire_choices":[{"data":"Eruption","floor":1.0,"key":"SMITH"},{"data":"CrushJoints","floor":10.0,"key":"SMITH"},{"floor":13.0,"key":"RECALL"},{"floor":18.0,"key":"REST"},{"floor":23.0,"key":"REST"},{"floor":28.0,"key":"REST"},{"data":"Strike_P+1","floor":35.0,"key":"PURGE"},{"data":"Strike_P+1","floor":40.0,"key":"PURGE"},{"data":"Defend_P","floor":44,"key":"PURGE"},{"data":"Defend_P+1","floor":54,"key":"PURGE"}],"circlet_count":0,"master_deck":["Defend_P+1","Eruption+1","Vigilance+1","FlurryOfBlows+1","InnerPeace+1","LessonLearned+1","CrushJoints+1","Vengeance+1","BattleHymn+1","EmptyMind","Prostrate+1","MasterReality+1","Adaptation+1","Vault+1","MentalFortress+1","Wallop+1","MentalFortress+1","Tantrum+1","Meditate+1","Vault+1","DevaForm+1","expansioncontent:Chronoboost+1","InnerPeace+1"],"relics":["downfall:HeartsMalice","Ancient Tea Set","Bag of Marbles","Fusion Hammer","downfall:HeartBlessingRed","Bag of Preparation","Gremlin Horn","PreservedInsect","downfall:HeartBlessingGreen","downfall:HeartBlessingBlue","Nloth\u0027s Gift","Peace Pipe","SacredBark","Strawberry","Juzu Bracelet","Akabeko","Toxic Egg 2","Torii","ClockworkSouvenir"],"acts_visited":["Exordium","TheCity","TheBeyond","TheEnding"],"potions_floor_usage":[56,56],"damage_taken":[{"damage":0.0,"enemies":"Jaw Worm","floor":2.0,"turns":1.0},{"damage":0.0,"enemies":"Cultist","floor":3.0,"turns":1.0},{"damage":0.0,"enemies":"downfall:FleeingMerchant","floor":5.0,"turns":1.0},{"damage":5.0,"enemies":"Small Slimes","floor":8.0,"turns":3.0},{"damage":0.0,"enemies":"downfall:FleeingMerchant","floor":9.0,"turns":4.0},{"damage":0.0,"enemies":"Exordium Thugs","floor":11.0,"turns":4.0},{"damage":2.0,"enemies":"3 Louse","floor":12.0,"turns":3.0},{"damage":19.0,"enemies":"Gremlin Nob","floor":14.0,"turns":4.0},{"damage":0.0,"enemies":"2 Fungi Beasts","floor":15.0,"turns":3.0},{"damage":41.0,"enemies":"IC_STATUS_ARCHETYPE","floor":16.0,"turns":9.0},{"damage":0.0,"enemies":"3 Byrds","floor":19.0,"turns":4.0},{"damage":0.0,"enemies":"Spheric Guardian","floor":20.0,"turns":3.0},{"damage":0.0,"enemies":"downfall:FleeingMerchant","floor":21.0,"turns":4.0},{"damage":27.0,"enemies":"Book of Stabbing","floor":25.0,"turns":5.0},{"damage":0.0,"enemies":"Chosen and Byrds","floor":26.0,"turns":3.0},{"damage":0.0,"enemies":"Gremlin Leader","floor":27.0,"turns":4.0},{"damage":16.0,"enemies":"Snake Plant","floor":30.0,"turns":8.0},{"damage":0.0,"enemies":"Slavers","floor":31.0,"turns":3.0},{"damage":0.0,"enemies":"Sentry and Sphere","floor":32.0,"turns":4.0},{"damage":6.0,"enemies":"WA_ARCHETYPE_CALM","floor":33.0,"turns":8.0},{"damage":0.0,"enemies":"3 Darklings","floor":36.0,"turns":5.0},{"damage":0.0,"enemies":"3 Shapes","floor":38.0,"turns":4.0},{"damage":4.0,"enemies":"Maw","floor":39.0,"turns":6.0},{"damage":0,"enemies":"Giant Head","floor":45,"turns":6},{"damage":0,"enemies":"Transient","floor":46,"turns":7},{"damage":0,"enemies":"Reptomancer","floor":47,"turns":5},{"damage":0,"enemies":"4 Shapes","floor":48,"turns":5},{"damage":0,"enemies":"Maw","floor":49,"turns":6},{"damage":40,"enemies":"SI_POISON_ARCHETYPE","floor":50,"turns":6},{"damage":27,"enemies":"downfall:CharBossMerchant","floor":52,"turns":8},{"damage":8,"enemies":"downfall:NeowBoss","floor":55,"turns":7},{"damage":0,"enemies":"downfall:NeowBossFinal","floor":56,"turns":6}],"seed_played":"-8358840072848773742","potions_obtained":[{"floor":8.0,"key":"champ:CounterPotion"},{"floor":12.0,"key":"Swift Potion"},{"floor":15.0,"key":"Weak Potion"},{"floor":20.0,"key":"Block Potion"},{"floor":30.0,"key":"EssenceOfSteel"},{"floor":32.0,"key":"PowerPotion"},{"floor":45,"key":"DistilledChaos"}],"is_trial":false,"path_per_floor":["R","M","M","?","$","?","T","M","$","R","M","M","R","E","M","B",null,"R","M","M","$","?","R","T","E","M","E","R","?","M","E","M","B",null,"R","M","T","M","M","R","T","$","?","R","E","M","E","M","M","B",null,"E","$","R","B","B",null],"character_chosen":"WATCHER","items_purchased":["LessonLearned","MentalFortress","Bag of Preparation","ClockworkSouvenir","InnerPeace+1"],"campfire_rested":3,"item_purchase_floors":[5,21,21,53,53],"current_hp_per_floor":[72,72,72,72,72,72,72,67,67,67,67,65,65,46,46,5,72,72,72,72,72,72,72,72,45,45,45,79,79,63,63,63,57,82,82,82,89,89,85,85,85,85,85,85,85,85,85,85,85,45,89,62,62,62,54,54],"gold":18,"neow_bonus":"THREE_ENEMY_KILL","is_daily":false,"chose_seed":false,"campfire_upgraded":2,"win_rate":0.0,"timestamp":1610956291,"path_taken":["R","M","M","?","$","?","T","M","$","R","M","M","R","E","M","BOSS","R","M","M","$","?","R","T","E","M","E","R","?","M","E","M","BOSS","R","M","?","M","M","R","T","?","?","R","E","M","E","M","M","BOSS","E","$","R","BOSS","BOSS"],"items_purchased_type":["Card","Card","Relic","Relic","Card"],"build_version":"2020-12-22","purchased_purges":3,"victory":true,"max_hp_per_floor":[72,72,72,72,72,72,72,72,72,72,72,72,72,72,72,72,72,72,72,72,72,72,72,72,72,72,72,82,82,82,82,82,82,82,82,82,89,89,89,89,89,89,89,89,89,89,89,89,89,89,89,89,89,89,89,89],"card_choices":[{"not_picked":["EmptyBody","ThirdEye","EmptyFist"],"picked":"SKIP","floor":2.0},{"not_picked":["Worship","PathToVictory"],"picked":"FlurryOfBlows","floor":3.0},{"not_picked":["Prostrate","Crescendo"],"picked":"InnerPeace","floor":5.0},{"not_picked":["FlurryOfBlows","SignatureMove"],"picked":"CrushJoints","floor":8.0},{"not_picked":["Wish","FearNoEvil"],"picked":"Vengeance","floor":9.0},{"not_picked":["ThirdEye","EmptyBody"],"picked":"BattleHymn","floor":11.0},{"not_picked":["CrushJoints","FollowUp"],"picked":"EmptyMind","floor":12.0},{"not_picked":["CutThroughFate","Brilliance","EmptyBody"],"picked":"SKIP","floor":14.0},{"not_picked":["Evaluate","ReachHeaven"],"picked":"Prostrate","floor":15.0},{"not_picked":["SpiritShield","LessonLearned"],"picked":"MasterReality","floor":16.0},{"not_picked":["FlyingSleeves","WaveOfTheHand"],"picked":"Adaptation","floor":19.0},{"not_picked":["BowlingBash+1","JustLucky","PathToVictory+1"],"picked":"SKIP","floor":20.0},{"not_picked":["JustLucky","BowlingBash"],"picked":"Vault","floor":21.0},{"not_picked":["ForeignInfluence","Omniscience"],"picked":"Wallop","floor":25.0},{"not_picked":["EmptyFist+1","PathToVictory+1"],"picked":"MentalFortress","floor":26.0},{"not_picked":["JustLucky","Swivel+1"],"picked":"Tantrum","floor":27.0},{"not_picked":["Vengeance","WheelKick","InnerPeace"],"picked":"SKIP","floor":30.0},{"not_picked":["FlurryOfBlows+1","FlyingSleeves","Alpha"],"picked":"SKIP","floor":31.0},{"not_picked":["MentalFortress","Crescendo"],"picked":"Meditate","floor":32.0},{"not_picked":["LessonLearned","ConjureBlade"],"picked":"Vault","floor":33.0},{"not_picked":["Swivel+1","Protect","ThirdEye+1"],"picked":"SKIP","floor":36.0},{"not_picked":["EmptyFist","FlyingSleeves","ReachHeaven"],"picked":"SKIP","floor":38.0},{"not_picked":["FollowUp+1","FlyingSleeves"],"picked":"DevaForm","floor":39.0},{"not_picked":["expansioncontent:LastStand","expansioncontent:GuardianWhirl"],"picked":"expansioncontent:Chronoboost","floor":43},{"not_picked":["Judgement","Wireheading+1","WreathOfFlame"],"picked":"SKIP","floor":45},{"not_picked":["FearNoEvil","ClearTheMind+1","ForeignInfluence"],"picked":"SKIP","floor":46},{"not_picked":["SashWhip+1","EmptyFist+1","Judgement+1"],"picked":"SKIP","floor":47},{"not_picked":["Wallop+1","Nirvana","ThirdEye+1"],"picked":"SKIP","floor":48},{"not_picked":["Protect+1","Consecrate","ThirdEye+1"],"picked":"SKIP","floor":49},{"not_picked":["Brilliance","PathToVictory+1","ReachHeaven"],"picked":"SKIP","floor":52}],"player_experience":2296540,"relics_obtained":[{"floor":7.0,"key":"Ancient Tea Set"},{"floor":14.0,"key":"Bag of Marbles"},{"floor":25.0,"key":"Gremlin Horn"},{"floor":27.0,"key":"PreservedInsect"},{"floor":31.0,"key":"Peace Pipe"},{"floor":37.0,"key":"Strawberry"},{"floor":41.0,"key":"Juzu Bracelet"},{"floor":45,"key":"Akabeko"},{"floor":47,"key":"Toxic Egg 2"},{"floor":52,"key":"Torii"}],"event_choices":[{"damage_healed":0.0,"max_hp_gain":0.0,"max_hp_loss":0.0,"gold_gain":0.0,"event_name":"Accursed Blacksmith","player_choice":"Forge","floor":6.0,"gold_loss":0.0,"damage_taken":0.0,"cards_upgraded":["FlurryOfBlows"]}],"is_beta":false,"boss_relics":[{"not_picked":["bronze:MakeshiftBattery","Velvet Choker"],"picked":"Fusion Hammer"},{"not_picked":["Tiny House","Busted Crown"],"picked":"SacredBark"}],"items_purged_floors":[21,42,53],"is_endless":false,"potions_floor_spawned":[8,12,15,20,25,30,32,45,47,49],"ascension_level":1}}