{"host":"id1lehtnb7dzklac","time":1610957925,"event":{"mods":["AchievementEnabler","BaseMod","Bestiary","Block Reminder","Colored Map","Highlight Path","Minty Spire (QoL Compilation)","Permanent Neow","Random Character Button","StSLib","slay the spire mod where everything is the same but ironclad has a cowboy hat"],"gold_per_floor":[119,133,149,169,179,179,179,179],"floor_reached":7,"language":"ENG","playtime":278,"items_purged":[],"score":47,"play_id":"7e7343d0-4166-45da-ae9d-696dc200832f","local_time":"20210118161845","is_ascension_mode":true,"campfire_choices":[{"data":"BowlingBash","floor":6,"key":"SMITH"}],"circlet_count":0,"master_deck":["Strike_P","Strike_P","Strike_P","Strike_P","Defend_P","Defend_P","Defend_P","Defend_P","Eruption","Vigilance","BowlingBash+1","Weave","FlyingSleeves"],"relics":["Coffee Dripper"],"acts_visited":["Exordium"],"potions_floor_usage":[],"damage_taken":[{"damage":0,"enemies":"Jaw Worm","floor":1,"turns":3},{"damage":0,"enemies":"2 Louse","floor":2,"turns":2},{"damage":0,"enemies":"Cultist","floor":3,"turns":2},{"damage":24,"enemies":"Large Slime","floor":4,"turns":7},{"damage":0,"enemies":"Exordium Thugs","floor":5,"turns":2},{"damage":13,"enemies":"Lagavulin","floor":7,"turns":5}],"seed_played":"2306219052842647475","potions_obtained":[{"floor":1,"key":"SpeedPotion"}],"is_trial":false,"path_per_floor":["M","M","M","M","M","R","E"],"character_chosen":"WATCHER","items_purchased":[],"campfire_rested":0,"item_purchase_floors":[],"current_hp_per_floor":[72,72,72,48,48,48,35,35],"gold":179,"neow_bonus":"BOSS_RELIC","is_daily":false,"chose_seed":false,"campfire_upgraded":1,"win_rate":0.0,"timestamp":1610957925,"path_taken":["M","M","M","M","M","R","E"],"items_purchased_type":[],"build_version":"2020-12-22","purchased_purges":0,"victory":false,"max_hp_per_floor":[72,72,72,72,72,72,72,72],"card_choices":[{"not_picked":["PathToVictory","Protect"],"picked":"BowlingBash","floor":1},{"not_picked":["Evaluate","Sanctity","JustLucky"],"picked":"SKIP","floor":2},{"not_picked":["Crescendo","Nirvana","Wireheading"],"picked":"SKIP","floor":3},{"not_picked":["Crescendo","WaveOfTheHand","Weave"],"picked":"SKIP","floor":4},{"not_picked":["Crescendo","WaveOfTheHand"],"picked":"Weave","floor":4},{"not_picked":["Evaluate","ReachHeaven"],"picked":"FlyingSleeves","floor":5}],"player_experience":230994,"relics_obtained":[],"event_choices":[],"is_beta":false,"boss_relics":[],"items_purged_floors":[],"is_endless":false,"potions_floor_spawned":[1],"killed_by":"Lagavulin","ascension_level":1}}