{"host":"z0tqw7lu1gwakzxm","time":1610946847,"event":{"mods":["BaseMod","DeckTracker","Lobotomy","Minty Spire (QoL Compilation)","StSLib","slay the spire mod where everything is the same but ironclad has a cowboy hat"],"gold_per_floor":[118,141,63,10,10,10,37,37,90,90,34,47,47,79,79,181,181,193,292,292,217,217,217],"floor_reached":22,"language":"ENG","playtime":1353,"items_purged":[],"score":243,"play_id":"e325e1c5-3ec7-4cde-8ea8-4c7d45051394","local_time":"20210118001407","is_ascension_mode":true,"campfire_choices":[{"data":"Coolheaded","floor":6,"key":"SMITH"},{"data":"Zap","floor":8,"key":"SMITH"},{"data":"Double Energy","floor":10,"key":"SMITH"},{"data":"White Noise","floor":13,"key":"SMITH"},{"data":"Capacitor","floor":15,"key":"SMITH"}],"circlet_count":0,"master_deck":["Strike_B","Strike_B","Strike_B","Defend_B","Defend_B","Defend_B","Defend_B","Zap+1","Dualcast","Coolheaded+1","Capacitor+1","Conserve Battery","Double Energy+1","Steam","Self Repair","White Noise+1","Compile Driver","Rainbow","CurseOfTheBell"],"relics":["Cracked Core","NeowsBlessing","Pen Nib","The Courier","MealTicket","PreservedInsect","Calling Bell","Boot","Blue Candle","CaptainsWheel"],"acts_visited":["Exordium","TheCity"],"potions_floor_usage":[16],"damage_taken":[{"damage":0,"enemies":"Cultist","floor":1,"turns":1},{"damage":0,"enemies":"3 Sentries","floor":7,"turns":2},{"damage":0,"enemies":"Jaw Worm","floor":12,"turns":1},{"damage":4,"enemies":"Lagavulin","floor":14,"turns":7},{"damage":28,"enemies":"Slime Boss","floor":16,"turns":14},{"damage":26,"enemies":"Chosen","floor":18,"turns":6},{"damage":0,"enemies":"2 Thieves","floor":22,"turns":1}],"seed_played":"-6909174840008100320","potions_obtained":[{"floor":14,"key":"Dexterity Potion"},{"floor":16,"key":"Dexterity Potion"}],"is_trial":false,"path_per_floor":["M","T","$","$","?","R","E","R","T","R","$","M","R","E","R","B",null,"M","?","?","?","M"],"character_chosen":"DEFECT","items_purchased":["Capacitor","Conserve Battery","Self Repair"],"campfire_rested":0,"item_purchase_floors":[3,4,11],"current_hp_per_floor":[75,75,75,75,75,75,75,75,75,75,75,75,75,75,75,54,75,56,56,42,42,42,42],"gold":217,"neow_bonus":"THREE_ENEMY_KILL","is_daily":false,"chose_seed":false,"campfire_upgraded":5,"win_rate":0.0,"timestamp":1610946847,"path_taken":["M","?","?","$","?","R","E","R","T","R","$","?","R","E","R","BOSS","M","?","?","?","M"],"items_purchased_type":["Card","Card","Card"],"build_version":"2020-12-22","purchased_purges":0,"victory":false,"max_hp_per_floor":[75,75,75,75,75,75,75,75,75,75,75,75,75,75,75,75,75,75,75,80,80,80,80],"card_choices":[{"not_picked":["Sweeping Beam","Steam"],"picked":"Coolheaded","floor":1},{"not_picked":["Stack","Force Field"],"picked":"Steam","floor":7},{"not_picked":["Redo","Conserve Battery"],"picked":"White Noise","floor":12},{"not_picked":["Loop","Steam"],"picked":"Compile Driver","floor":14},{"not_picked":["Creative AI","Multi-Cast"],"picked":"Rainbow","floor":16},{"not_picked":["Streamline","Force Field"],"picked":"Beam Cell","floor":18}],"player_experience":339286,"relics_obtained":[{"floor":2,"key":"Pen Nib"},{"floor":7,"key":"The Courier"},{"floor":9,"key":"MealTicket"},{"floor":14,"key":"PreservedInsect"},{"floor":17,"key":"Boot"},{"floor":17,"key":"Blue Candle"},{"floor":17,"key":"CaptainsWheel"}],"event_choices":[{"damage_healed":0,"gold_gain":0,"cards_transformed":["Strike_B"],"player_choice":"Transformed","damage_taken":0,"max_hp_gain":0,"max_hp_loss":0,"event_name":"Transmorgrifier","floor":5,"gold_loss":0,"cards_obtained":["Double Energy"]},{"damage_healed":0,"gold_gain":99,"player_choice":"Stole From Cult","damage_taken":0,"max_hp_gain":0,"max_hp_loss":0,"event_name":"Nest","floor":19,"gold_loss":0},{"damage_healed":0,"gold_gain":0,"player_choice":"Shed Blood","damage_taken":19,"max_hp_gain":5,"max_hp_loss":0,"event_name":"Forgotten Altar","floor":20,"gold_loss":0},{"cards_removed":["Beam Cell"],"damage_healed":0,"gold_gain":0,"player_choice":"Gave Gold","damage_taken":0,"max_hp_gain":0,"max_hp_loss":0,"event_name":"Beggar","floor":21,"gold_loss":75}],"is_beta":false,"boss_relics":[{"not_picked":["Coffee Dripper","Astrolabe"],"picked":"Calling Bell"}],"items_purged_floors":[],"is_endless":false,"potions_floor_spawned":[14,16],"killed_by":"2 Thieves","ascension_level":3}}