{"host":"xjs3b8lu14idcd3l","time":1610989572,"event":{"mods":["Act Like it!","BaseMod","Friendly Minions","Gensokyo","Kiyohime£®«Âºß£©","Koishi","Marisa£®ÏF”Í°°ƒß¿Ì…≥£©","Minty Spire (QoL Compilation)","Prisma Mod","Reimu£®≤©¿ˆ¡È√Œ£©","Remilia£®¿Ÿ√◊¿Ú—«£©","Replay The Spire","StSLib","The Administrix","The Servant 0.9.4","Youmu£®ªÍ∆«—˝√Œ£©","Yuyuko"],"gold_per_floor":[112,124,124,124,139,139,139],"floor_reached":6,"language":"ZHS","playtime":142,"items_purged":[],"score":36,"play_id":"cfddcd50-db38-4a4f-90a0-fb1354fefd10","local_time":"20210119010612","is_ascension_mode":false,"campfire_choices":[],"circlet_count":0,"master_deck":["Fantasy Butterflies","Fantasy Butterflies","Fantasy Butterflies","Fantasy Butterflies","Fantasy Butterflies","Dreamy Sakura","Dreamy Sakura","Dreamy Sakura","Dreamy Sakura","Dreamy Sakura","Deathly Ground","Faramita\u0027s Temptation+1","The Forgotten Winter","Ghostdom Sakura","Phantom Gift"],"relics":["Coronal","Yuyuko\u0027s fan","NeowsBlessing"],"acts_visited":["Exordium"],"potions_floor_usage":[6],"damage_taken":[{"damage":1,"enemies":"Jaw Worm","floor":1,"turns":1},{"damage":1,"enemies":"Small Slimes","floor":2,"turns":1},{"damage":1,"enemies":"Cultist","floor":5,"turns":1},{"damage":13,"enemies":"Gremlin Nob","floor":6,"turns":3}],"seed_played":"1118739541391245180","potions_obtained":[{"floor":2,"key":"Fire Potion"}],"is_trial":false,"path_per_floor":["M","M","?","?","M","E"],"character_chosen":"YUYOKO","items_purchased":[],"campfire_rested":0,"item_purchase_floors":[],"current_hp_per_floor":[39,38,38,38,37,27,27],"gold":139,"neow_bonus":"THREE_ENEMY_KILL","is_daily":false,"chose_seed":false,"campfire_upgraded":0,"win_rate":0.0,"timestamp":1610989572,"path_taken":["M","M","?","?","M","E"],"items_purchased_type":[],"build_version":"2020-12-22","purchased_purges":0,"victory":false,"max_hp_per_floor":[40,40,40,40,40,40,40],"card_choices":[{"not_picked":["All Wander","Unborn Light"],"picked":"The Forgotten Winter","floor":1},{"not_picked":["Suicide","Final of Final"],"picked":"Ghostdom Sakura","floor":2},{"not_picked":["Ghostdom Sakura","Showy Withering"],"picked":"Phantom Gift","floor":5}],"player_experience":163159,"relics_obtained":[],"event_choices":[{"damage_healed":0,"gold_gain":0,"player_choice":"Ignored","damage_taken":0,"max_hp_gain":0,"max_hp_loss":0,"event_name":"NoteForYourself","floor":4,"gold_loss":0}],"is_beta":false,"boss_relics":[],"items_purged_floors":[],"is_endless":false,"potions_floor_spawned":[2],"killed_by":"Gremlin Nob","ascension_level":0}}