{"host":"5dow3bd5jfgo9g35","time":1610980335,"event":{"mods":["AchievementEnabler","BaseMod","Colored Powertips","Minty Spire (QoL Compilation)","Quick Restart"],"gold_per_floor":[109,34,34,209,209,222,222,222,222,238,277,277,295,328,328,457,457,476,492,508,508,508,508],"floor_reached":22,"language":"ENG","playtime":1198,"items_purged":["Strike_G"],"score":248,"play_id":"fd268bb1-d44a-433e-b31e-67e0901af78f","local_time":"20210118093215","is_ascension_mode":true,"campfire_choices":[{"data":"Dodge and Roll","floor":8,"key":"SMITH"},{"data":"Survivor","floor":15,"key":"SMITH"}],"circlet_count":0,"master_deck":["Strike_G","Strike_G","Strike_G","Strike_G","Defend_G","Defend_G","Defend_G","Defend_G","Defend_G+1","Survivor+1","Neutralize","Storm of Steel","Flying Knee","Doubt","Dodge and Roll+1","Slice","Caltrops","Slice","Noxious Fumes","Adrenaline","Distraction","Bane","Dash"],"relics":["Ring of the Snake","Golden Idol","Shuriken","Sundial","Pear","Blue Candle","WristBlade"],"acts_visited":["TheCity"],"potions_floor_usage":[11,16],"damage_taken":[{"damage":0,"enemies":"Cultist","floor":1,"turns":4},{"damage":4,"enemies":"Jaw Worm","floor":6,"turns":5},{"damage":0,"enemies":"2 Louse","floor":10,"turns":3},{"damage":16,"enemies":"Lagavulin","floor":11,"turns":9},{"damage":7,"enemies":"Large Slime","floor":13,"turns":8},{"damage":22,"enemies":"Gremlin Nob","floor":14,"turns":4},{"damage":8,"enemies":"Hexaghost","floor":16,"turns":8},{"damage":35,"enemies":"Spheric Guardian","floor":18,"turns":6},{"damage":10,"enemies":"Chosen","floor":19,"turns":5},{"damage":39,"enemies":"Shelled Parasite and Fungi","floor":20,"turns":7},{"damage":4,"enemies":"Cultist and Chosen","floor":22,"turns":1}],"seed_played":"-6967085802163849789","potions_obtained":[{"floor":10,"key":"GhostInAJar"},{"floor":13,"key":"SkillPotion"},{"floor":16,"key":"CultistPotion"},{"floor":19,"key":"Strength Potion"}],"is_trial":false,"path_per_floor":["M","$","?","?","?","M","T","R","T","M","E","?","M","E","R","B",null,"M","M","M","?","M"],"character_chosen":"THE_SILENT","items_purchased":[],"campfire_rested":0,"item_purchase_floors":[],"current_hp_per_floor":[70,70,75,75,57,53,53,53,53,53,47,85,78,56,56,48,85,50,40,1,1,0,0],"gold":508,"neow_bonus":"ONE_RANDOM_RARE_CARD","is_daily":false,"chose_seed":false,"campfire_upgraded":2,"win_rate":0.0,"timestamp":1610980335,"path_taken":["M","?","?","?","?","M","?","R","T","M","E","?","M","E","R","BOSS","M","?","M","?","M"],"items_purchased_type":[],"build_version":"2020-12-22","purchased_purges":1,"victory":false,"max_hp_per_floor":[70,70,75,75,75,75,75,75,75,75,85,85,85,85,85,85,85,85,85,85,85,85,85],"card_choices":[{"not_picked":["Blade Dance","Dagger Spray"],"picked":"Flying Knee","floor":1},{"not_picked":["Quick Slash","Flying Knee"],"picked":"Dodge and Roll","floor":6},{"not_picked":["Poisoned Stab","Deadly Poison"],"picked":"Slice","floor":10},{"not_picked":["Bane","Skewer"],"picked":"Caltrops","floor":11},{"not_picked":["Dash","Acrobatics"],"picked":"Slice","floor":13},{"not_picked":["Cloak And Dagger","Outmaneuver"],"picked":"Noxious Fumes","floor":14},{"not_picked":["Envenom","Burst"],"picked":"Adrenaline","floor":16},{"not_picked":["Crippling Poison","Dodge and Roll"],"picked":"Distraction","floor":18},{"not_picked":["Underhanded Strike","Sucker Punch"],"picked":"Bane","floor":19},{"not_picked":["Catalyst","Crippling Poison"],"picked":"Dash","floor":20}],"player_experience":1027121,"relics_obtained":[{"floor":7,"key":"Shuriken"},{"floor":9,"key":"Sundial"},{"floor":11,"key":"Pear"},{"floor":14,"key":"Blue Candle"}],"event_choices":[{"damage_healed":0,"gold_gain":0,"player_choice":"Donut","damage_taken":0,"max_hp_gain":5,"max_hp_loss":0,"event_name":"Big Fish","floor":3,"gold_loss":0},{"damage_healed":0,"gold_gain":175,"player_choice":"AGREE","damage_taken":0,"max_hp_gain":0,"max_hp_loss":0,"event_name":"Liars Game","floor":4,"gold_loss":0,"cards_obtained":["Doubt"]},{"damage_healed":0,"gold_gain":0,"player_choice":"Take Damage","damage_taken":18,"relics_obtained":["Golden Idol"],"max_hp_gain":0,"max_hp_loss":0,"event_name":"Golden Idol","floor":5,"gold_loss":0},{"damage_healed":38,"gold_gain":0,"player_choice":"Full Heal","damage_taken":0,"max_hp_gain":0,"max_hp_loss":0,"event_name":"Wheel of Change","floor":12,"gold_loss":0},{"damage_healed":0,"gold_gain":0,"player_choice":"Forge","damage_taken":0,"max_hp_gain":0,"max_hp_loss":0,"event_name":"Accursed Blacksmith","floor":21,"gold_loss":0,"cards_upgraded":["Defend_G"]}],"is_beta":false,"boss_relics":[{"not_picked":["Runic Dome","Empty Cage"],"picked":"WristBlade"}],"items_purged_floors":[2],"is_endless":false,"potions_floor_spawned":[10,13,16,19],"killed_by":"Cultist and Chosen","ascension_level":3}}