{"host":"l5xpox9cbdko122s","time":1610933094,"event":{"mods":["BaseMod","Minty Spire (QoL Compilation)"],"gold_per_floor":[113,186,136,61,61,61,87,87,87,87,99,99,125,155,155,253,253,264,363,74,40,40,40,55,55,55,72,72,82,82,82,82,82,82],"floor_reached":33,"language":"ENG","playtime":1499,"items_purged":["Defend_P","Strike_P"],"score":264,"play_id":"97f01726-9c6c-4a96-9293-d07ea61140ab","local_time":"20210117202454","is_ascension_mode":false,"campfire_choices":[{"floor":6,"key":"RECALL"},{"floor":8,"key":"REST"},{"floor":10,"key":"REST"},{"data":"PathToVictory","floor":12,"key":"SMITH"},{"data":"LikeWater","floor":15,"key":"SMITH"},{"floor":23,"key":"REST"},{"floor":28,"key":"REST"},{"floor":30,"key":"REST"},{"floor":32,"key":"REST"}],"circlet_count":0,"master_deck":["Strike_P","Strike_P","Strike_P","Defend_P","Defend_P","Defend_P","Vigilance","LikeWater+1","PathToVictory+1","PathToVictory+1"],"relics":["Black Star","Smiling Mask","Meat on the Bone","Dream Catcher","Potion Belt","SlaversCollar","Singing Bowl","Prayer Wheel"],"acts_visited":["Exordium","TheCity"],"potions_floor_usage":[16,18,21,33],"damage_taken":[{"damage":0,"enemies":"Cultist","floor":1,"turns":2},{"damage":43,"enemies":"Gremlin Nob","floor":7,"turns":8},{"damage":9,"enemies":"Jaw Worm","floor":11,"turns":6},{"damage":34,"enemies":"Hexaghost","floor":16,"turns":11},{"damage":8,"enemies":"Shell Parasite","floor":18,"turns":6},{"damage":24,"enemies":"2 Thieves","floor":21,"turns":5},{"damage":22,"enemies":"Snake Plant","floor":24,"turns":6},{"damage":0,"enemies":"Snecko","floor":27,"turns":4},{"damage":16,"enemies":"Centurion and Healer","floor":29,"turns":6},{"damage":111,"enemies":"Automaton","floor":33,"turns":12}],"seed_played":"-6520275589366854566","potions_obtained":[{"floor":11,"key":"EssenceOfSteel"},{"floor":16,"key":"Energy Potion"},{"floor":18,"key":"BottledMiracle"},{"floor":27,"key":"PowerPotion"}],"is_trial":false,"path_per_floor":["M","T","?","$","?","R","E","R","T","R","M","R","T","?","R","B",null,"M","?","$","M","?","R","M","?","T","M","R","M","R","?","R","B"],"character_chosen":"WATCHER","items_purchased":["Singing Bowl"],"campfire_rested":6,"item_purchase_floors":[20],"current_hp_per_floor":[72,72,72,72,77,77,34,57,57,77,68,68,68,68,68,46,77,69,69,69,47,47,72,50,44,44,48,75,63,92,92,95,0,0],"gold":82,"neow_bonus":"BOSS_RELIC","is_daily":false,"chose_seed":false,"campfire_upgraded":2,"win_rate":0.0,"timestamp":1610933094,"path_taken":["M","?","?","$","?","R","E","R","T","R","?","R","?","?","R","BOSS","M","?","$","M","?","R","M","?","T","M","R","?","R","?","R","BOSS"],"items_purchased_type":["Relic"],"build_version":"2020-12-22","purchased_purges":2,"victory":false,"max_hp_per_floor":[72,72,72,72,77,77,77,77,77,77,77,77,77,77,77,77,77,77,77,77,79,79,81,81,81,81,85,87,91,93,93,95,95,95],"card_choices":[{"not_picked":["SashWhip","CarveReality"],"picked":"LikeWater","floor":1},{"not_picked":["WreathOfFlame","Pray","EmptyFist"],"picked":"SKIP","floor":7},{"not_picked":["WaveOfTheHand","ClearTheMind"],"picked":"PathToVictory","floor":11},{"not_picked":["Protect","ThirdEye","JustLucky"],"picked":"SKIP","floor":18},{"not_picked":["Study","JustLucky","Protect+1"],"picked":"Singing Bowl","floor":21},{"not_picked":["MentalFortress+1","ThirdEye+1","TalkToTheHand"],"picked":"Singing Bowl","floor":23},{"not_picked":["EmptyBody+1","Conclude+1"],"picked":"PathToVictory+1","floor":24},{"not_picked":["Blasphemy","LikeWater","FlurryOfBlows"],"picked":"Singing Bowl","floor":27},{"not_picked":["SignatureMove","JustLucky+1","BowlingBash"],"picked":"Singing Bowl","floor":27},{"not_picked":["EmptyBody","JustLucky","Vengeance"],"picked":"Singing Bowl","floor":28},{"not_picked":["Prostrate","Nirvana","JustLucky"],"picked":"Singing Bowl","floor":29},{"not_picked":["EmptyFist","Consecrate+1","SandsOfTime+1"],"picked":"Singing Bowl","floor":29},{"not_picked":["PathToVictory","Omniscience","Wireheading"],"picked":"Singing Bowl","floor":30},{"not_picked":["Wallop+1","Consecrate","CutThroughFate"],"picked":"Singing Bowl","floor":32}],"player_experience":111818,"relics_obtained":[{"floor":7,"key":"Smiling Mask"},{"floor":7,"key":"Meat on the Bone"},{"floor":9,"key":"Dream Catcher"},{"floor":13,"key":"Potion Belt"},{"floor":26,"key":"Prayer Wheel"}],"event_choices":[{"cards_removed":["Eruption"],"damage_healed":0,"gold_gain":0,"player_choice":"Card Removal","damage_taken":0,"max_hp_gain":0,"max_hp_loss":0,"event_name":"The Cleric","floor":3,"gold_loss":50},{"damage_healed":0,"gold_gain":0,"player_choice":"Donut","damage_taken":0,"max_hp_gain":5,"max_hp_loss":0,"event_name":"Big Fish","floor":5,"gold_loss":0},{"damage_healed":0,"gold_gain":30,"player_choice":"Searched \u00271\u0027 times","damage_taken":0,"max_hp_gain":0,"max_hp_loss":0,"event_name":"Dead Adventurer","floor":14,"gold_loss":0},{"damage_healed":0,"gold_gain":99,"player_choice":"Stole From Cult","damage_taken":0,"max_hp_gain":0,"max_hp_loss":0,"event_name":"Nest","floor":19,"gold_loss":0},{"damage_healed":0,"gold_gain":0,"player_choice":"Ignored","damage_taken":0,"max_hp_gain":0,"max_hp_loss":0,"event_name":"Cursed Tome","floor":22,"gold_loss":0},{"damage_healed":0,"gold_gain":0,"player_choice":"","damage_taken":6,"max_hp_gain":0,"max_hp_loss":0,"event_name":"Knowing Skull","floor":25,"potions_obtained":[],"gold_loss":0,"cards_obtained":[]}],"is_beta":false,"boss_relics":[{"not_picked":["Coffee Dripper","Snecko Eye"],"picked":"SlaversCollar"}],"items_purged_floors":[4,20],"is_endless":false,"potions_floor_spawned":[11,16,18,27],"killed_by":"Automaton","ascension_level":0}}