{"host":"p245q48pmopyklqs","time":1610956073,"event":{"mods":["BaseMod","DeckTracker","Downfall","Minty Spire (QoL Compilation)","StSLib","SuperFastMode"],"gold_per_floor":[99,113,128,128,0,0,0,10,10,42,61,46,66,216,226,327,377,377,396,411,61,95,70,70,70,89,89,117,117,147,147,166,166,166,166],"floor_reached":33,"language":"ENG","playtime":3476,"items_purged":["Pain","hexamod:Strike","downfall:Icky"],"score":299,"play_id":"96de4d5f-5b3f-4702-908a-67862769d497","local_time":"20210118164753","is_ascension_mode":true,"campfire_choices":[{"data":"hexamod:Sear","floor":1.0,"key":"SMITH"},{"data":"hexamod:WildfireWeapon","floor":9.0,"key":"SMITH"},{"data":"hexamod:TimeOfNeed","floor":18.0,"key":"SMITH"},{"floor":25.0,"key":"REST"},{"floor":27.0,"key":"REST"}],"circlet_count":0,"master_deck":["hexamod:Strike+1","hexamod:Strike","hexamod:Defend","hexamod:Defend","hexamod:Defend","hexamod:Defend","hexamod:Sear+1","hexamod:Float+1","hexamod:WildfireWeapon+1","hexamod:ThermalTransfer","hexamod:BurningTouch","hexamod:DynamicBlow+1","hexamod:SoulSteal","hexamod:PhantomFireball","hexamod:HeatCrush","hexamod:Haunt","hexamod:TimeOfNeed+1","hexamod:FlamesFromBeyond","hexamod:RadiantFlame","hexamod:SearingWound","hexamod:FirstSeal","hexamod:SoulSteal","hexamod:PhantomFireball+1","hexamod:GhostOfSpirePast"],"relics":["hexamod:SpiritBrand","WarpedTongs","Whetstone","WingedGreaves","Ginger","Tiny House","Red Mask","MealTicket","Mummified Hand","Bronze Scales","Regal Pillow"],"acts_visited":["Exordium","TheCity"],"potions_floor_usage":[33],"damage_taken":[{"damage":0.0,"enemies":"Cultist","floor":2.0,"turns":3.0},{"damage":1.0,"enemies":"Jaw Worm","floor":3.0,"turns":3.0},{"damage":12.0,"enemies":"downfall:FleeingMerchant","floor":5.0,"turns":4.0},{"damage":0.0,"enemies":"2 Louse","floor":8.0,"turns":2.0},{"damage":13.0,"enemies":"Lagavulin","floor":10.0,"turns":6.0},{"damage":2.0,"enemies":"Blue Slaver","floor":11.0,"turns":3.0},{"damage":10.0,"enemies":"downfall:FleeingMerchant","floor":12.0,"turns":4.0},{"damage":0.0,"enemies":"2 Fungi Beasts","floor":13.0,"turns":4.0},{"damage":0.0,"enemies":"Large Slime","floor":15.0,"turns":4.0},{"damage":19.0,"enemies":"WA_ARCHETYPE_RETAIN","floor":16.0,"turns":6.0},{"damage":21.0,"enemies":"Spheric Guardian","floor":19.0,"turns":5.0},{"damage":21.0,"enemies":"Snake Plant","floor":20.0,"turns":3.0},{"damage":15.0,"enemies":"downfall:FleeingMerchant","floor":21.0,"turns":4.0},{"damage":9.0,"enemies":"Masked Bandits","floor":22.0,"turns":3.0},{"damage":0.0,"enemies":"downfall:FleeingMerchant","floor":23.0,"turns":2.0},{"damage":9.0,"enemies":"Centurion and Healer","floor":26.0,"turns":3.0},{"damage":25.0,"enemies":"Slavers","floor":28.0,"turns":4.0},{"damage":47.0,"enemies":"Gremlin Leader","floor":30.0,"turns":7.0},{"damage":1,"enemies":"Sentry and Sphere","floor":32,"turns":3},{"damage":21,"enemies":"DF_ARCHETYPE_CLAW","floor":33,"turns":3}],"seed_played":"2244896269534946637","potions_obtained":[{"floor":11.0,"key":"BlessingOfTheForge"},{"floor":13.0,"key":"sneckomod:MuddlingPotion"},{"floor":15.0,"key":"SteroidPotion"},{"floor":16.0,"key":"LiquidBronze"},{"floor":22.0,"key":"PowerPotion"},{"floor":26.0,"key":"Fire Potion"},{"floor":28.0,"key":"Fruit Juice"},{"floor":30.0,"key":"bronze:BurnAndBuffPotion"}],"is_trial":false,"path_per_floor":["R","M","M","?","$","T","T","M","R","E","M","$","M","?","M","B",null,"R","M","M","$","?","$","T","R","M","R","E","?","E","?","M","B"],"character_chosen":"THE_SPIRIT","items_purchased":["hexamod:DynamicBlow","hexamod:SearingWound","Block Potion","hexamod:FirstSeal","FairyPotion","MealTicket"],"campfire_rested":2,"item_purchase_floors":[5,21,21,21,23,23],"current_hp_per_floor":[63,63,62,62,50,50,50,50,50,37,35,25,25,25,25,6,68,68,47,26,11,9,9,9,29,20,40,27,27,9,9,15,0,0,0],"gold":166,"neow_bonus":"THREE_RARE_CARDS","is_daily":false,"chose_seed":false,"campfire_upgraded":3,"win_rate":0.0,"timestamp":1610956073,"path_taken":["R","M","M","?","$","?","T","M","R","E","M","?","?","?","M","BOSS","R","M","M","$","?","$","T","R","M","R","E","?","E","?","M","BOSS"],"items_purchased_type":["Card","Card","Potion","Card","Potion","Relic"],"build_version":"2020-12-22","purchased_purges":3,"victory":false,"max_hp_per_floor":[63,63,63,63,63,63,63,63,63,63,63,63,63,63,63,63,68,68,68,68,68,68,68,68,68,68,68,73,73,73,73,73,73,73,73],"card_choices":[{"not_picked":["hexamod:FifthSeal","hexamod:FlameSwitch"],"picked":"hexamod:WildfireWeapon","floor":0.0},{"not_picked":["hexamod:RainOfEmbers","hexamod:NightmareGuise"],"picked":"hexamod:ThermalTransfer","floor":2.0},{"not_picked":["hexamod:BacktrackSmack","hexamod:ChargedBarrage"],"picked":"hexamod:BurningTouch","floor":3.0},{"not_picked":["hexamod:HeatMetal","hexamod:AdvancingGuard","hexamod:BurningTouch"],"picked":"SKIP","floor":5.0},{"not_picked":["hexamod:GhostLash","hexamod:DynamicBlow","hexamod:SuperheatedStrike"],"picked":"SKIP","floor":8.0},{"not_picked":["hexamod:FourthSeal","hexamod:GhostOfSpireFuture"],"picked":"hexamod:SoulSteal","floor":10.0},{"not_picked":["hexamod:FlameSwitch","hexamod:GhostShield"],"picked":"hexamod:PhantomFireball","floor":11.0},{"not_picked":["hexamod:GhostflameBarrier","hexamod:Again"],"picked":"hexamod:HeatCrush","floor":12.0},{"not_picked":["hexamod:NightmareStrike","hexamod:BurningTouch","hexamod:FastForward"],"picked":"SKIP","floor":13.0},{"not_picked":["hexamod:HauntingEcho","hexamod:SuperheatedStrike"],"picked":"hexamod:Haunt","floor":15.0},{"not_picked":["hexamod:GhostOfSpirePresent","hexamod:TimeWarp"],"picked":"hexamod:TimeOfNeed","floor":16.0},{"not_picked":["hexamod:NecessarySacrifice","hexamod:SpectralSpark"],"picked":"hexamod:FlamesFromBeyond","floor":17.0},{"not_picked":["hexamod:CatchUp","hexamod:Hexaguard","hexamod:SwordOfDarkness"],"picked":"SKIP","floor":19.0},{"not_picked":["hexamod:ThermalTransfer+1","hexamod:AdvancingGuard+1"],"picked":"hexamod:RadiantFlame","floor":20.0},{"not_picked":["hexamod:ShieldOfDarkness+1","hexamod:RadiantFlame","hexamod:Hexaguard+1"],"picked":"SKIP","floor":21.0},{"not_picked":["hexamod:PowerFromBeyond","hexamod:SkipABeat+1","hexamod:AdvancingGuard"],"picked":"SKIP","floor":23.0},{"not_picked":["hexamod:UnleashSpirits","hexamod:RainOfEmbers"],"picked":"hexamod:SoulSteal","floor":26.0},{"not_picked":["hexamod:HeatMetal","hexamod:Hexaguard"],"picked":"hexamod:PhantomFireball+1","floor":28.0},{"not_picked":["hexamod:SkipABeat","hexamod:HeatMetal+1"],"picked":"hexamod:GhostOfSpirePast","floor":30.0},{"not_picked":["hexamod:GhostShield","hexamod:RainOfEmbers+1","hexamod:BurningTouch"],"picked":"SKIP","floor":32}],"player_experience":2386801,"relics_obtained":[{"floor":6.0,"key":"Whetstone"},{"floor":7.0,"key":"WingedGreaves"},{"floor":10.0,"key":"Ginger"},{"floor":22.0,"key":"Red Mask"},{"floor":24.0,"key":"Mummified Hand"},{"floor":28.0,"key":"Bronze Scales"},{"floor":30.0,"key":"Regal Pillow"}],"event_choices":[{"damage_healed":0.0,"max_hp_gain":0.0,"max_hp_loss":0.0,"gold_gain":0.0,"event_name":"Accursed Blacksmith","player_choice":"Rummage","floor":4.0,"gold_loss":0.0,"damage_taken":0.0,"relics_obtained":["WarpedTongs"],"cards_obtained":["Pain"]},{"damage_healed":0.0,"max_hp_gain":0.0,"max_hp_loss":0.0,"gold_gain":0.0,"event_name":"Masked Bandits","player_choice":"Fought Bandits","floor":22.0,"gold_loss":0.0,"damage_taken":0.0}],"is_beta":false,"boss_relics":[{"not_picked":["hexamod:IceCube","Calling Bell"],"picked":"Tiny House"}],"items_purged_floors":[5,21,23],"is_endless":false,"potions_floor_spawned":[11,13,15,16,22,26,28,30],"killed_by":"DF_ARCHETYPE_CLAW","ascension_level":1}}