{"host":"54jr43vd79817238","time":1610971782,"event":{"mods":["100% Spire Juice","ATMod(阿瑾Mod)","Act Like it!","Arknights The Spire","Aspiration","BaseMod","CapriCore","Dota2Spire","Friendly Minions","Gensokyo","Hallownest","Hermit","Jedi Mod","KinomotoSakuraMod(木之本樱)","Koishi","Lobotomy","LobotomyExtend","Mari Mod (Legacy)","Mari\u0027s V1 Patch","Marisa（F雨　魔理沙）","Minty Spire (QoL Compilation)","MostiFishMod","Quarter Circle Forward PUNCH!","Replay The Spire","Robot Space Explorer","RumiaBox-露米娅的神秘盒子","Spicy Shops","StSLib","TestMod","The Dragon Tamer","The Marked","WarShipGirlsR/战舰少女R mod","Yakumo Yukari mod","Youmu（魂魄妖梦）","vexMod","【遗物卡牌】REMEMod"],"gold_per_floor":[115,131,143,154,154,154,169,169,250,275,200,200,200,211,211,307,307,318,718,729,746,763,791,809,843,843,843,413,429,461,475,475,580,580,580,580,105,152,189,250,250,318,342,63,289,295,322,572,572,647,647,647,647,353,399,439],"floor_reached":57,"language":"ZHS","playtime":3171,"items_purged":["Koishi:PhilosophyOfTheDespised+1","Overencumbered"],"score":1849,"play_id":"358d67ea-8a4a-4560-86f5-d0e4977ccbcb","local_time":"20210118200942","is_ascension_mode":true,"campfire_choices":[{"floor":6,"key":"RECALL"},{"data":"Koishi:EmbryosDream","floor":8,"key":"SMITH"},{"data":"Koishi:ConditionedTeleport","floor":13,"key":"SMITH"},{"data":"Koishi:ReleaseOfTheId","floor":15,"key":"SMITH"},{"data":"Koishi:SubterraneanRose","floor":27,"key":"SMITH"},{"data":"Koishi:Prune","floor":32,"key":"SMITH"},{"data":"Koishi:SprinkleStarAndHeart","floor":41,"key":"SMITH"},{"floor":49,"key":"REST"},{"floor":53,"key":"REST"}],"circlet_count":0,"master_deck":["Koishi:BasicStrike+1","Koishi:BasicStrike+1","Koishi:BasicStrike+1","Koishi:BasicDefend+1","Koishi:BasicDefend+1","Koishi:BasicDefend+1","Koishi:BasicDefend+1","AT_MachinaRedman+1","Madness+1","Koishi:EmbryosDream+1","Koishi:SubterraneanRose+1","Koishi:RorschachInDanmaku+1","Koishi:ConditionedTeleport+1","Koishi:Whimsy+1","Koishi:ReleaseOfTheId+1","Koishi:RoseHell+1","Koishi:Prune+1","Koishi:RorschachInDanmaku+1","Koishi:RorschachInDanmaku+1","Koishi:SubterraneanRose+1","Koishi:SubterraneanRose+1","Koishi:JumpScare+1","Koishi:Prune+1","Koishi:RollingInRichesHeart+1","Koishi:SubconsciousSweep+1","Koishi:SprinkleStarAndHeart+1","Koishi:BramblyRoseGarden+1","Hallucinations","Koishi:UnconsciousUrges+1","Koishi:UnconsciousUrges+1","Koishi:HeartAttack+1","Koishi:SubterraneanRose","Koishi:UnconsciousUprising+1"],"relics":["DaveBox","REME_ComplimentaryCards","AT_ATBox","GreenFoldingFan","DSteel32","testmod-EqualTreatment","jedi:shrinkray","jedi:cryingmask","LetterFromLob","PatriotShield","Ccalipers","Bag of Marbles","qcfpunch:White_Boots","Membership Card","Blue Candle","qcfpunch:Red_Headband","vexMod:BarristanHead","Dota2Spire:ArcaneBoots","REME_DemonsWealth","hermit:Momento","Durian","ClockworkSouvenir","REME_ArchaeologicalTools","jedi:fakemustache","MagicDraw4","testmod-CrystalShield","Vajra","testmod-HeartOfStrike","GodSword5","Gaze_r","Thread and Needle","Blue Doll","Medical Kit","Sling","Koishi:ImperfectMetamorphosis"],"acts_visited":["Hallownest:Greenpath","TheCity","TheBeyond","TheEnding"],"potions_floor_usage":[3,29,55,56,56],"damage_taken":[{"damage":6,"enemies":"Hallownest:monsterHuskWarrior","floor":1,"turns":3},{"damage":4,"enemies":"Hallownest:2_Tiktiks_and_1_Crawlid","floor":2,"turns":2},{"damage":4,"enemies":"Hallownest:monsterHuskGuard","floor":3,"turns":2},{"damage":6,"enemies":"Hallownest:1_Baldur_1_Crawlid_1_Warrior","floor":4,"turns":3},{"damage":4,"enemies":"Hallownest:Guard_and_Warrior","floor":7,"turns":2},{"damage":8,"enemies":"Hallownest:eliteCrystalGuardian","floor":10,"turns":4},{"damage":4,"enemies":"Hallownest:monsterAspidMother","floor":12,"turns":2},{"damage":10,"enemies":"Hallownest:MossCreep_and_Mosskin","floor":14,"turns":5},{"damage":14,"enemies":"Hallownest:BossBrokenVessel","floor":16,"turns":6},{"damage":6,"enemies":"Spheric Guardian","floor":18,"turns":3},{"damage":4,"enemies":"3 Byrds","floor":20,"turns":2},{"damage":6,"enemies":"Sentry and Sphere","floor":21,"turns":3},{"damage":4,"enemies":"3 Cultists","floor":22,"turns":2},{"damage":6,"enemies":"Slavers","floor":23,"turns":3},{"damage":5,"enemies":"Cultist and Chosen","floor":24,"turns":2},{"damage":7,"enemies":"Gremlin Leader","floor":25,"turns":3},{"damage":4,"enemies":"Shelled Parasite and Fungi","floor":29,"turns":2},{"damage":5,"enemies":"Book of Stabbing","floor":30,"turns":2},{"damage":4,"enemies":"Snake Plant","floor":31,"turns":2},{"damage":10,"enemies":"Pondfish","floor":33,"turns":3},{"damage":2,"enemies":"3 Shapes","floor":38,"turns":2},{"damage":2,"enemies":"3 Darklings","floor":39,"turns":2},{"damage":2,"enemies":"R_Hoarder","floor":40,"turns":3},{"damage":2,"enemies":"Nemesis","floor":42,"turns":5},{"damage":2,"enemies":"4 Shapes","floor":45,"turns":2},{"damage":2,"enemies":"4 Shapes","floor":46,"turns":1},{"damage":0,"enemies":"Spire Growth","floor":47,"turns":2},{"damage":0,"enemies":"Giant Head","floor":48,"turns":2},{"damage":0,"enemies":"Time Eater","floor":50,"turns":8},{"damage":0,"enemies":"Shield and Spear","floor":55,"turns":5},{"damage":0,"enemies":"The Heart","floor":56,"turns":6}],"seed_played":"4170723789691196351","potions_obtained":[{"floor":1,"key":"Dexterity Potion"},{"floor":2,"key":"GamblersBrew"},{"floor":4,"key":"Energy Potion"},{"floor":18,"key":"LifebloodPotion"},{"floor":20,"key":"Dexterity Potion"},{"floor":29,"key":"REME_GoldPotion"},{"floor":31,"key":"Block Potion"},{"floor":47,"key":"Adrenaline Potion"},{"floor":48,"key":"Doom Potion"}],"is_trial":false,"path_per_floor":["M","M","M","M","?","R","M","R","T","E","$","M","R","M","R","B",null,"M","?","M","M","M","E","M","E","T","R","$","M","E","M","R","B",null,"M","?","$","M","M","E","R","E","T","$","M","?","M","E","R","B",null,null,"R","$","E","B",null],"character_chosen":"KOISHI","items_purchased":["jedi:cryingmask","Membership Card","Blue Candle","qcfpunch:Red_Headband","vexMod:BarristanHead","Durian","ClockworkSouvenir","REME_ArchaeologicalTools","jedi:fakemustache","testmod-HeartOfStrike","GodSword5","Blue Doll","Medical Kit","Sling","Koishi:UnconsciousUrges"],"campfire_rested":2,"item_purchase_floors":[11,28,28,28,28,37,37,37,37,44,44,54,54,54,54],"current_hp_per_floor":[60,60,60,60,60,60,60,60,60,60,60,60,60,60,60,60,60,60,60,60,60,60,60,60,60,60,60,60,60,60,60,60,60,60,60,60,65,65,65,65,65,65,65,65,65,65,65,65,65,65,65,65,65,65,65,65],"gold":439,"neow_bonus":"BOSS_RELIC","is_daily":false,"chose_seed":false,"campfire_upgraded":6,"win_rate":0.0,"timestamp":1610971782,"path_taken":["M","M","?","M","?","R","M","R","T","E","$","M","R","M","R","BOSS","M","?","M","M","M","E","M","E","T","R","$","M","E","M","R","BOSS","M","?","$","M","M","E","R","E","T","$","M","?","M","E","R","BOSS","R","$","E","BOSS"],"items_purchased_type":["Relic","Relic","Relic","Relic","Relic","Relic","Relic","Relic","Relic","Relic","Relic","Relic","Relic","Relic","Card"],"build_version":"2020-12-22","purchased_purges":2,"victory":true,"max_hp_per_floor":[60,60,60,60,60,60,60,60,60,60,60,60,60,60,60,60,60,60,60,60,60,60,60,60,60,60,60,60,60,60,60,60,60,60,60,60,65,65,65,65,65,65,65,65,65,65,65,65,65,65,65,65,65,65,65,65],"card_choices":[{"not_picked":["Koishi:ParalyzingFear","Koishi:RacingHeart"],"picked":"Koishi:EmbryosDream","floor":1},{"not_picked":["Koishi:DreadfulBlow","Koishi:SpiritedAway"],"picked":"Koishi:PhilosophyOfTheDespised","floor":2},{"not_picked":["Koishi:BloodcurdlingScream","Koishi:Prune"],"picked":"Koishi:SubterraneanRose","floor":3},{"not_picked":["Koishi:SpiritedAway","Koishi:StrangeCloudFist","Koishi:Vanish"],"picked":"SKIP","floor":4},{"not_picked":["Koishi:Whimsy","Koishi:BloodcurdlingScream"],"picked":"Koishi:RorschachInDanmaku","floor":7},{"not_picked":["Koishi:Vanish","Koishi:StrangeCloudFist"],"picked":"Koishi:ConditionedTeleport","floor":10},{"not_picked":["Koishi:CatchAndRose","Koishi:ParalyzingFear"],"picked":"Koishi:Whimsy","floor":12},{"not_picked":["Koishi:PhilosophyOfTheDespised","Koishi:Catatonia"],"picked":"Koishi:ReleaseOfTheId","floor":14},{"not_picked":["Koishi:ConfinedInnocent","Koishi:FadingMemory"],"picked":"Koishi:RoseHell","floor":16},{"not_picked":["Koishi:BloodcurdlingScream","Koishi:Untouchable+1"],"picked":"Koishi:Prune+1","floor":18},{"not_picked":["Koishi:EmbryosDream","Koishi:UnansweredLove"],"picked":"Koishi:RorschachInDanmaku+1","floor":20},{"not_picked":["Koishi:Jaunt","Koishi:ImGoingToCallYouNow","Koishi:RacingHeart"],"picked":"SKIP","floor":21},{"not_picked":["Koishi:UnansweredLove","Koishi:TraumaticStroke","Koishi:Jaunt+1"],"picked":"SKIP","floor":22},{"not_picked":["Koishi:RuptureMind","Koishi:EmbryosDream","Koishi:MindNumbingTerror+1"],"picked":"SKIP","floor":23},{"not_picked":["Koishi:JumpScare","Koishi:BloodcurdlingScream"],"picked":"Koishi:RorschachInDanmaku","floor":24},{"not_picked":["Koishi:StrangeCloudFist+1","Koishi:HeartfeltFancy+1"],"picked":"Koishi:SubterraneanRose","floor":25},{"not_picked":["Koishi:SpiritedAway+1","Koishi:Prune"],"picked":"Koishi:SubterraneanRose+1","floor":29},{"not_picked":["Koishi:HeartfeltFancy+1","Koishi:SpiritedAway"],"picked":"Koishi:JumpScare","floor":30},{"not_picked":["Koishi:CatchAndRose","Koishi:VengefulSpirit"],"picked":"Koishi:Prune","floor":31},{"not_picked":["Koishi:ConfinedInnocent","Koishi:GrowingPain"],"picked":"Koishi:RollingInRichesHeart","floor":33},{"not_picked":["Koishi:DreadfulBlow+1","Koishi:FleetingPhantom","Koishi:UnseenTerror","ReplayTheSpireMod:Splinters"],"picked":"SKIP","floor":38},{"not_picked":["Koishi:SubterraneanRose+1","Koishi:IdleWhim+1","Gensokyo:ImpossibleRequest"],"picked":"Koishi:SubconsciousSweep+1","floor":39},{"not_picked":["Koishi:TremblingHands+1","Koishi:StingingMind","Injury"],"picked":"Koishi:SprinkleStarAndHeart","floor":40},{"not_picked":["Koishi:StingingMind+1","Koishi:Whimsy+1","Replay:Hysterical Blindness"],"picked":"Koishi:BramblyRoseGarden","floor":42},{"not_picked":["Koishi:SpiritedAway","Koishi:ReflexRadar+1","Koishi:MentalBreakdown"],"picked":"Hallucinations","floor":45},{"not_picked":["Koishi:JumpScare","Koishi:BramblyRoseGarden","Amnesia"],"picked":"Koishi:UnconsciousUrges+1","floor":47},{"not_picked":["Koishi:Prune","Koishi:Jaunt+1","Koishi:EmbryosDream"],"picked":"Overencumbered","floor":48},{"not_picked":["Koishi:PredatoryInstincts","Koishi:DreadfulBlow","Regret"],"picked":"Koishi:UnconsciousUprising+1","floor":55}],"player_experience":256868,"relics_obtained":[{"floor":10,"key":"jedi:shrinkray"},{"floor":12,"key":"LetterFromLob"},{"floor":23,"key":"Ccalipers"},{"floor":25,"key":"Bag of Marbles"},{"floor":26,"key":"qcfpunch:White_Boots"},{"floor":30,"key":"Dota2Spire:ArcaneBoots"},{"floor":40,"key":"MagicDraw4"},{"floor":42,"key":"testmod-CrystalShield"},{"floor":43,"key":"Vajra"},{"floor":48,"key":"Thread and Needle"},{"floor":55,"key":"Koishi:ImperfectMetamorphosis"}],"event_choices":[{"damage_healed":0,"gold_gain":400,"player_choice":"Sell","damage_taken":0,"max_hp_gain":0,"max_hp_loss":0,"event_name":"恩洛斯的盘子","floor":19,"relics_lost":["testmod-TestBox"],"gold_loss":0},{"damage_healed":0,"gold_gain":0,"player_choice":"Swap Relic","damage_taken":0,"relics_obtained":["aspiration:Nostalgia"],"max_hp_gain":0,"max_hp_loss":0,"event_name":"给自己的盒子","floor":36,"relics_lost":["aspiration:Nostalgia"],"gold_loss":0}],"is_beta":false,"boss_relics":[{"not_picked":["testmod-BatchProcessingSystem","vexMod:FluxCapacitor"],"picked":"PatriotShield"},{"not_picked":["Astrolabe","ChewingGum"],"picked":"REME_DemonsWealth"}],"items_purged_floors":[37,54],"is_endless":false,"potions_floor_spawned":[1,2,4,18,20,25,29,31,45,46,47,48],"ascension_level":1}}