{"host":"0c22z74nxhh6l98a","time":1610936984,"event":{"mods":["BaseMod","BetterRewards","Card Forge","GungeonMod","Hubris","Infinite Spire","Minty Spire (QoL Compilation)","Potionbrewer","Shop Mod","StSLib"],"gold_per_floor":[179,179,199,199,58,134,194,269,269,385,398,515,602,692,692,855,855,934,834,908,979,1064,1092,1092,1180,1180,1274,998,998,998,842,842,1004,1004,1044,1319,1319,1339,1415,1504,1591,1357,1381,1461,1554,1625,1625,1650,1650,1680,1680,1680,1457,1521,1551],"floor_reached":56,"language":"ENG","playtime":6454,"items_purged":[],"score":3020,"play_id":"0c48c3cb-7e20-4c2b-bf9c-8fa216614eb9","local_time":"20210117202944","is_ascension_mode":true,"campfire_choices":[{"floor":15.0,"key":"REST"},{"floor":15.0,"key":"RECALL"},{"data":"Venomology","floor":30.0,"key":"SMITH"},{"data":"infinitespire:Neurotoxin","floor":32.0,"key":"SMITH"},{"data":"Calculated Gamble","floor":49,"key":"SMITH"},{"data":"After Image","floor":52,"key":"SMITH"}],"circlet_count":0,"master_deck":["A Thousand Cuts","After Image+1","Venomology+1","Adrenaline+1","Blade Dance","Calculated Gamble+1","Escape Plan+1","infinitespire:Neurotoxin+1","Noxious Fumes","Prepared","Reflex+1","hubris:Sniper","Tactician","Tools of the Trade","After Image","A Thousand Cuts","Venomology+1","Calculated Gamble+1","Escape Plan","infinitespire:Neurotoxin+1","Prepared+1","Reflex","hubris:Sniper+1","Tactician","DemoMod:Deposit+1","Escape Plan","Caltrops","Reflex","infinitespire:Neurotoxin+1","Calculated Gamble+1","Deep Breath","Venomology","infinitespire:Gouge","Calculated Gamble+1","Adrenaline+1","Prepared","Tactician+1"],"relics":["Ring of the Snake","Hammer of Thor","Seething Fire","Anvil of the Gods","MerchantsRug","hubris:EmptyBottle","infinitespire:PuzzleCube","hubris:ToyBattleship","infinitespire:Magic Flask","DemoMod:ClearGuonStone","DemoMod:AgedBell","infinitespire:ShieldingShard","potionbrewer:AlchemistFlask","Ice Cream","potionbrewer:BottledElixir","TheAbacus","DemoMod:LamentConfigurum","Juzu Bracelet","White Beast Statue","Turnip","infinitespire:Satchel","DemoMod:GlassGuonStoneRelic","DemoMod:PoisonVial","hubris:Metronome","Membership Card","DemoMod:NanoMachines","DemoMod:Armor","Bag of Preparation","TwistedFunnel","Red Mask","Centennial Puzzle","potionbrewer:Torch","potionbrewer:MortarAndPestle","Letter Opener","The Specimen","infinitespire:Lucky Rock","Ancient Tea Set","Snake Skull","Black Star","WristBlade","Bird Faced Urn","HornCleat","DemoMod:Metronome","Pen Nib","Pocketwatch","hubris:CuriousFeather","Gambling Chip","Vajra","DollysMirror","MealTicket","Calipers","Oddly Smooth Stone","hubris:Zylophone","Blood Vial","Singing Bowl","Boot","Lantern","DemoMod:MeatBun","Paper Crane","potionbrewer:RamsHorn","infinitespire:Beetle Shell"],"acts_visited":["Exordium","TheCity","TheBeyond","TheEnding"],"potions_floor_usage":[38,38,38,38,39,39,44,44,48,50,50,50,55,55,55,55,55,55,55],"damage_taken":[{"damage":0.0,"enemies":"2 Louse","floor":1.0,"turns":3.0},{"damage":0.0,"enemies":"Jaw Worm","floor":3.0,"turns":2.0},{"damage":0.0,"enemies":"Small Slimes","floor":6.0,"turns":4.0},{"damage":0.0,"enemies":"Gremlin Nob","floor":7.0,"turns":3.0},{"damage":0.0,"enemies":"3 Sentries","floor":10.0,"turns":5.0},{"damage":0.0,"enemies":"2 Fungi Beasts","floor":11.0,"turns":1.0},{"damage":1.0,"enemies":"Gremlin Nob","floor":12.0,"turns":4.0},{"damage":0.0,"enemies":"3 Sentries","floor":13.0,"turns":4.0},{"damage":18.0,"enemies":"Gremlin Nob","floor":14.0,"turns":3.0},{"damage":0.0,"enemies":"Hexaghost","floor":16.0,"turns":3.0},{"damage":0.0,"enemies":"Spheric Guardian","floor":18.0,"turns":2.0},{"damage":0.0,"enemies":"2 Thieves","floor":20.0,"turns":1.0},{"damage":0.0,"enemies":"Centurion and Healer","floor":21.0,"turns":2.0},{"damage":0.0,"enemies":"Masked Bandits","floor":22.0,"turns":1.0},{"damage":0.0,"enemies":"Slavers","floor":23.0,"turns":1.0},{"damage":0.0,"enemies":"Book of Stabbing","floor":25.0,"turns":2.0},{"damage":0.0,"enemies":"Slavers","floor":27.0,"turns":2.0},{"damage":0.0,"enemies":"Champ","floor":33.0,"turns":2.0},{"damage":0,"enemies":"3 Darklings","floor":35,"turns":2},{"damage":0,"enemies":"Orb Walker","floor":38,"turns":2},{"damage":0,"enemies":"Writhing Mass","floor":39,"turns":1},{"damage":0,"enemies":"Giant Head","floor":40,"turns":3},{"damage":0,"enemies":"Reptomancer","floor":41,"turns":1},{"damage":0,"enemies":"Mind Bloom Boss Battle","floor":44,"turns":2},{"damage":0,"enemies":"Nemesis","floor":45,"turns":1},{"damage":0,"enemies":"Transient","floor":46,"turns":3},{"damage":0,"enemies":"Reptomancer","floor":48,"turns":1},{"damage":0,"enemies":"Awakened One","floor":50,"turns":3},{"damage":0,"enemies":"Shield and Spear","floor":54,"turns":2},{"damage":0,"enemies":"The Heart","floor":55,"turns":3}],"seed_played":"1190730972639300302","potions_obtained":[{"floor":12.0,"key":"potionbrewer:DiscountPotion"},{"floor":14.0,"key":"SpeedPotion"},{"floor":20.0,"key":"SkillPotion"},{"floor":38,"key":"potionbrewer:NoxiousPotion"}],"is_trial":false,"path_per_floor":["M","?","M","?","$","M","E","?","T","E","M","E","E","E","R","B",null,"M","$","M","M","?","E","?","E","T","E","$","?","R","$","R","B",null,"M","?","AVR","M","M","E","E","$","T","?","E","M","?","E","R","B",null,"R","$","E","B",null],"character_chosen":"THE_SILENT","items_purchased":["MerchantsRug","hubris:EmptyBottle","infinitespire:PuzzleCube","hubris:ToyBattleship","DemoMod:ClearGuonStone","Lee\u0027s Waffle","infinitespire:ShieldingShard","potionbrewer:AlchemistFlask","DemoMod:WeirdEgg","TheAbacus","DemoMod:LamentConfigurum","DemoMod:NanoMachines","Bag of Preparation","TwistedFunnel","The Specimen","infinitespire:Lucky Rock","Deep Breath","Ancient Tea Set","Snake Skull","Gambling Chip","Vajra","DollysMirror","Boot","Lantern","DemoMod:MeatBun"],"campfire_rested":1,"item_purchase_floors":[0,0,0,0,0,0,0,0,0,5,5,19,19,19,28,28,28,31,31,42,42,42,53,53,53],"current_hp_per_floor":[77,77,77,72,72,72,72,61,61,61,61,60,60,42,65,65,74,74,74,74,74,74,74,74,74,74,74,74,74,74,74,74,74,76,76,76,76,77,77,77,77,77,77,77,77,77,87,89,89,89,89,89,89,91,91],"gold":1551,"neow_bonus":"","is_daily":false,"chose_seed":false,"campfire_upgraded":4,"win_rate":0.0,"timestamp":1610936984,"path_taken":["M","?","M","?","$","M","E","?","T","E","M","E","E","E","R","BOSS","M","$","M","M","?","E","?","E","T","E","?","?","R","$","R","BOSS","M","?","AVR","M","M","E","E","$","T","?","E","M","?","E","R","BOSS","R","$","E","BOSS"],"items_purchased_type":["Relic","Relic","Relic","Relic","Relic","Relic","Relic","Relic","Relic","Relic","Relic","Relic","Relic","Relic","Relic","Relic","Card","Relic","Relic","Relic","Relic","Relic","Relic","Relic","Relic"],"build_version":"2020-12-22","purchased_purges":0,"victory":true,"max_hp_per_floor":[77,77,77,77,77,77,77,77,77,77,77,77,77,77,77,77,77,77,77,77,77,77,77,77,77,77,77,77,77,77,77,77,77,77,77,77,77,77,77,77,77,77,77,77,77,77,87,89,89,89,89,89,89,91,91],"card_choices":[{"not_picked":["hubris:TrickCloak","Backflip"],"picked":"Escape Plan","floor":1.0},{"not_picked":["Skewer","hubris:TrickCloak"],"picked":"Caltrops","floor":3.0},{"not_picked":["Distraction","Flechettes","Leg Sweep"],"picked":"SKIP","floor":6.0},{"not_picked":["Infinite Blades","PiercingWail","Dodge and Roll"],"picked":"SKIP","floor":7.0},{"not_picked":["Dash","Accuracy","All Out Attack"],"picked":"SKIP","floor":10.0},{"not_picked":["Slice","Acrobatics","Flying Knee"],"picked":"SKIP","floor":11.0},{"not_picked":["Acrobatics","Sucker Punch","Quick Slash"],"picked":"SKIP","floor":12.0},{"not_picked":["Dodge and Roll","Flying Knee"],"picked":"Reflex","floor":13.0},{"not_picked":["Endless Agony","Crippling Poison","Blur"],"picked":"SKIP","floor":14.0},{"not_picked":["Venomology","Bullet Time"],"picked":"infinitespire:Neurotoxin","floor":16.0},{"not_picked":["Underhanded Strike","Backstab","Deflect"],"picked":"SKIP","floor":18.0},{"not_picked":["Night Terror","Leg Sweep+1"],"picked":"Catalyst+1","floor":20.0},{"not_picked":["Crippling Poison","Backstab+1","Deadly Poison"],"picked":"SKIP","floor":21.0},{"not_picked":["Backflip","Prepared"],"picked":"Calculated Gamble+1","floor":23.0},{"not_picked":["Cloak And Dagger","Unload","Crippling Poison+1"],"picked":"SKIP","floor":25.0},{"not_picked":["Predator+1","hubris:SlightOfHand","Infinite Blades"],"picked":"SKIP","floor":27.0},{"not_picked":["A Thousand Cuts","Burst"],"picked":"Venomology","floor":33.0},{"not_picked":["Sucker Punch","Deadly Poison+1","Caltrops"],"picked":"SKIP","floor":35},{"not_picked":["hubris:TrickCloak+1","hubris:Sniper+1","Reflex+1"],"picked":"SKIP","floor":38},{"not_picked":["Distraction+1","Prepared+1"],"picked":"Calculated Gamble","floor":39},{"not_picked":["Tactician","Outmaneuver+1","Glass Knife"],"picked":"SKIP","floor":40},{"not_picked":["Prepared","Cloak And Dagger","hubris:Sniper+1"],"picked":"SKIP","floor":41},{"not_picked":["hubris:SlightOfHand+1","Dash"],"picked":"Prepared","floor":44},{"not_picked":["Prepared+1","hubris:Sniper+1"],"picked":"Tactician+1","floor":45},{"not_picked":["Burst","Backflip+1","Setup"],"picked":"SKIP","floor":46},{"not_picked":["Choke+1","Bane","Riddle With Holes+1"],"picked":"Singing Bowl","floor":48},{"not_picked":["Riddle With Holes","Skewer+1","Dodge and Roll+1"],"picked":"Singing Bowl","floor":54}],"player_experience":879870,"relics_obtained":[{"floor":7.0,"key":"Juzu Bracelet"},{"floor":10.0,"key":"White Beast Statue"},{"floor":12.0,"key":"Turnip"},{"floor":13.0,"key":"infinitespire:Satchel"},{"floor":14.0,"key":"DemoMod:PoisonVial"},{"floor":22.0,"key":"Red Mask"},{"floor":23.0,"key":"Centennial Puzzle"},{"floor":25.0,"key":"potionbrewer:Torch"},{"floor":26.0,"key":"potionbrewer:MortarAndPestle"},{"floor":27.0,"key":"Letter Opener"},{"floor":40,"key":"DemoMod:Metronome"},{"floor":40,"key":"Pen Nib"},{"floor":41,"key":"Pocketwatch"},{"floor":41,"key":"hubris:CuriousFeather"},{"floor":43,"key":"MealTicket"},{"floor":44,"key":"Calipers"},{"floor":45,"key":"Oddly Smooth Stone"},{"floor":45,"key":"hubris:Zylophone"},{"floor":48,"key":"Blood Vial"},{"floor":48,"key":"Singing Bowl"},{"floor":54,"key":"potionbrewer:RamsHorn"},{"floor":54,"key":"infinitespire:Beetle Shell"}],"event_choices":[{"damage_healed":0.0,"max_hp_gain":0.0,"max_hp_loss":0.0,"gold_gain":0.0,"event_name":"Golden Wing","player_choice":"Ignored","floor":2.0,"gold_loss":0.0,"damage_taken":0.0},{"damage_healed":0.0,"max_hp_gain":0.0,"max_hp_loss":0.0,"gold_gain":0.0,"event_name":"Scrap Ooze","player_choice":"Success","floor":4.0,"gold_loss":0.0,"damage_taken":7.0,"relics_obtained":["potionbrewer:BottledElixir"]},{"damage_healed":0.0,"max_hp_gain":0.0,"max_hp_loss":0.0,"gold_gain":75.0,"event_name":"World of Goop","player_choice":"Gather Gold","floor":8.0,"gold_loss":0.0,"damage_taken":11.0},{"damage_healed":0.0,"max_hp_gain":0.0,"max_hp_loss":0.0,"gold_gain":0.0,"event_name":"Masked Bandits","player_choice":"Fought Bandits","floor":22.0,"gold_loss":0.0,"damage_taken":0.0},{"damage_healed":0.0,"max_hp_gain":0.0,"max_hp_loss":0.0,"gold_gain":0.0,"event_name":"Vampires","player_choice":"Ignored","floor":24.0,"gold_loss":0.0,"damage_taken":0.0},{"damage_healed":0.0,"max_hp_gain":0.0,"max_hp_loss":0.0,"gold_gain":0.0,"event_name":"Beggar","player_choice":"Ignored","floor":29.0,"gold_loss":0.0,"damage_taken":0.0},{"damage_healed":0,"gold_gain":275,"player_choice":"Desecrate","damage_taken":0,"max_hp_gain":0,"max_hp_loss":0,"event_name":"Golden Shrine","floor":36,"gold_loss":0,"cards_obtained":["Regret"]},{"damage_healed":0,"gold_gain":0,"player_choice":"Fight","damage_taken":0,"max_hp_gain":0,"max_hp_loss":0,"event_name":"MindBloom","floor":44,"gold_loss":0},{"cards_removed":["DemoMod:Deposit"],"damage_healed":0,"gold_gain":0,"player_choice":"Offered Rare","damage_taken":0,"max_hp_gain":10,"max_hp_loss":0,"event_name":"Bonfire Elementals","floor":47,"gold_loss":0}],"is_beta":false,"boss_relics":[{"not_picked":["potionbrewer:BhaskarasWheel","Snecko Eye"],"picked":"hubris:Backtick"},{"not_picked":["Sozu","Fusion Hammer"],"picked":"Black Star"}],"items_purged_floors":[],"is_endless":false,"potions_floor_spawned":[3,10,11,12,13,14,16,18,20,21,22,23,25,27,33,35,38,39,40,41,44,45,46,48,54],"ascension_level":9}}