{"host":"szp1d6dso4pv7ddl","time":1610943225,"event":{"mods":["AchievementEnabler","Alarm Clock","BaseMod","Bestiary","Block Reminder","Colored Map","Colored Powertips","Curses Come First","Dark Map","Displayed Cursed Tome","Highlight Path","Minty Spire (QoL Compilation)","Permanent Neow","Quick Restart","Relic Sorter","Relic Stats","StSLib","Synergy Search"],"gold_per_floor":[113,38,52,17,30,30,58,77,131,131,160,180,230,264,264,343,343,362,362,6,18,18,18],"floor_reached":22,"language":"ENG","playtime":1027,"items_purged":["Decay"],"score":377,"play_id":"78d02173-d283-47d2-8d98-ef51286cdc35","local_time":"20210117201345","is_ascension_mode":true,"campfire_choices":[{"data":"Blade Dance","floor":6,"key":"SMITH"},{"floor":10,"key":"REST"},{"floor":15,"key":"REST"}],"circlet_count":0,"master_deck":["AscendersBane","Strike_G","Strike_G","Strike_G","Strike_G","Defend_G","Defend_G","Defend_G","Defend_G","Survivor","Neutralize","Blade Dance+1","Sucker Punch","Backflip","Slice","Accuracy","Prepared","Quick Slash","Malaise","Backflip+1","Slice"],"relics":["Ring of the Snake","Incense Burner","Mercury Hourglass","Boot","Omamori","Bird Faced Urn","Empty Cage","Tough Bandages"],"acts_visited":["Exordium","TheCity"],"potions_floor_usage":[7,11,14,16,22,22],"damage_taken":[{"damage":0,"enemies":"2 Louse","floor":1,"turns":4},{"damage":0,"enemies":"Cultist","floor":3,"turns":4},{"damage":4,"enemies":"Small Slimes","floor":5,"turns":4},{"damage":22,"enemies":"3 Sentries","floor":7,"turns":10},{"damage":13,"enemies":"Exordium Wildlife","floor":8,"turns":4},{"damage":12,"enemies":"Gremlin Nob","floor":11,"turns":3},{"damage":0,"enemies":"2 Fungi Beasts","floor":12,"turns":3},{"damage":12,"enemies":"3 Sentries","floor":14,"turns":5},{"damage":13,"enemies":"The Guardian","floor":16,"turns":15},{"damage":38,"enemies":"Spheric Guardian","floor":18,"turns":6},{"damage":0,"enemies":"3 Byrds","floor":21,"turns":4},{"damage":29,"enemies":"Snecko","floor":22,"turns":7}],"seed_played":"-1935983300906711444","potions_obtained":[{"floor":3,"key":"SkillPotion"},{"floor":5,"key":"SteroidPotion"},{"floor":11,"key":"CunningPotion"},{"floor":14,"key":"AttackPotion"},{"floor":18,"key":"Energy Potion"},{"floor":21,"key":"DistilledChaos"}],"is_trial":false,"path_per_floor":["M","$","M","?","M","R","E","M","T","R","E","M","?","E","R","B",null,"M","?","$","M","M"],"character_chosen":"THE_SILENT","items_purchased":["Tough Bandages","Slice"],"campfire_rested":2,"item_purchase_floors":[20,20],"current_hp_per_floor":[59,59,59,66,62,62,40,27,27,46,34,34,34,22,41,30,57,21,21,21,21,0,0],"gold":18,"neow_bonus":"ONE_RARE_RELIC","is_daily":false,"chose_seed":false,"campfire_upgraded":1,"win_rate":0.0,"timestamp":1610943225,"path_taken":["M","$","M","?","M","R","E","M","T","R","E","M","?","E","R","BOSS","M","?","$","M","M"],"items_purchased_type":["Relic","Card"],"build_version":"2020-12-22","purchased_purges":1,"victory":false,"max_hp_per_floor":[66,66,66,66,66,66,66,66,66,66,66,66,66,66,66,66,66,66,66,66,66,66,66],"relic_stats":{"Tough Bandages":[9],"counters":[12,69],"Bird Faced Urn":[4],"Boot":[78],"obtain_stats":[{"Tough Bandages":20,"Bird Faced Urn":14,"Incense Burner":0,"Omamori":11,"Boot":9,"Empty Cage":17,"Ring of the Snake":0,"Mercury Hourglass":7},{"Tough Bandages":10,"Bird Faced Urn":8,"Incense Burner":0,"Omamori":6,"Boot":5,"Empty Cage":9,"Ring of the Snake":0,"Mercury Hourglass":4},{"Tough Bandages":58,"Bird Faced Urn":37,"Incense Burner":0,"Omamori":29,"Boot":26,"Empty Cage":52,"Ring of the Snake":0,"Mercury Hourglass":22}],"Ring of the Snake":[24],"Mercury Hourglass":[164]},"card_choices":[{"not_picked":["Deadly Poison","Acrobatics"],"picked":"Blade Dance","floor":1},{"not_picked":["Deflect","Dodge and Roll"],"picked":"Sucker Punch","floor":3},{"not_picked":["Caltrops","Dagger Spray"],"picked":"Backflip","floor":5},{"not_picked":["PiercingWail","Deadly Poison"],"picked":"Slice","floor":7},{"not_picked":["Reflex","Cloak And Dagger"],"picked":"Accuracy","floor":8},{"not_picked":["Underhanded Strike","Sucker Punch"],"picked":"Prepared","floor":11},{"not_picked":["Poisoned Stab","Crippling Poison"],"picked":"Quick Slash","floor":12},{"not_picked":["Dodge and Roll","Deadly Poison","Wraith Form v2"],"picked":"SKIP","floor":14},{"not_picked":["Die Die Die","Glass Knife"],"picked":"Malaise","floor":16},{"not_picked":["Quick Slash","Bane"],"picked":"Backflip+1","floor":18},{"not_picked":["Sucker Punch","Expertise+1","Backflip"],"picked":"SKIP","floor":21}],"player_experience":1214006,"relics_obtained":[{"floor":7,"key":"Mercury Hourglass"},{"floor":9,"key":"Boot"},{"floor":11,"key":"Omamori"},{"floor":14,"key":"Bird Faced Urn"}],"event_choices":[{"damage_healed":16,"gold_gain":0,"player_choice":"Healed","damage_taken":0,"max_hp_gain":0,"max_hp_loss":0,"event_name":"The Cleric","floor":4,"gold_loss":35},{"damage_healed":0,"gold_gain":50,"player_choice":"Pray","damage_taken":0,"max_hp_gain":0,"max_hp_loss":0,"event_name":"Golden Shrine","floor":13,"gold_loss":0},{"damage_healed":0,"gold_gain":0,"player_choice":"Ignored","damage_taken":0,"max_hp_gain":0,"max_hp_loss":0,"event_name":"N\u0027loth","floor":19,"gold_loss":0}],"is_beta":false,"boss_relics":[{"not_picked":["Ring of the Serpent","Sozu"],"picked":"Empty Cage"}],"items_purged_floors":[2],"is_endless":false,"potions_floor_spawned":[3,5,11,14,18,21],"killed_by":"Snecko","ascension_level":17}}