{"host":"sc0o2qwpf9j16a4i","time":1610977037,"event":{"mods":["AchievementEnabler","BaseMod","BetterRewards","Block Reminder","Colored Map","Colored Powertips","Custom Start","Highlight Path","Minty Spire (QoL Compilation)","Relic Stats"],"gold_per_floor":[116,126,138,138,138,171,171,205,283,283,358,38,51,51,51,142,142,167,185,209,124,143,178,178,192,264,264,295,310,348,348,348,443,443,467,467,467,490,359,359,397,397,397,397,430,763,788,799,799,799,799,799],"floor_reached":51,"language":"ENG","playtime":1488,"items_purged":["Pain"],"score":2192,"play_id":"75eba589-3294-4cfd-9820-30103b623bd3","local_time":"20210118153717","is_ascension_mode":true,"campfire_choices":[{"data":"Uppercut","floor":7,"key":"SMITH"},{"data":"Carnage","floor":10,"key":"SMITH"},{"data":"Bash","floor":15,"key":"SMITH"},{"floor":24,"key":"REST"},{"data":"Feel No Pain","floor":32,"key":"SMITH"},{"floor":40,"key":"RECALL"},{"data":"Writhe","floor":42,"key":"PURGE"},{"data":"Strike_R","floor":49,"key":"PURGE"}],"circlet_count":0,"master_deck":["AscendersBane","Strike_R","Strike_R","Strike_R","Defend_R","Defend_R","Defend_R","Defend_R","Bash+1","Feel No Pain+1","Infernal Blade","Inflame+1","Thunderclap","Carnage+1","Uppercut+1","Wild Strike","Blood for Blood","Evolve","Limit Break","CurseOfTheBell","Shrug It Off","Limit Break","Inflame","Feel No Pain","Feel No Pain+1","Corruption+1","Shrug It Off","Shrug It Off","Havoc+1","Feel No Pain+1","Demon Form+1"],"relics":["Burning Blood","Magic Flower","Bag of Marbles","Toy Ornithopter","Paper Frog","Sling","Medical Kit","Singing Bowl","Dream Catcher","Shuriken","MealTicket","Peace Pipe","Gremlin Horn","Bird Faced Urn","Happy Flower","Matryoshka","Vajra","ClockworkSouvenir","Calling Bell","Strawberry","Sundial","Du-Vu Doll","Darkstone Periapt","Gambling Chip","Meat on the Bone","White Beast Statue","Red Skull","Bag of Preparation","Frozen Egg 2","Fusion Hammer","WarpedTongs","Toxic Egg 2","Art of War","Mango","CaptainsWheel"],"acts_visited":["Exordium","TheCity","TheBeyond"],"potions_floor_usage":[8,16,23,23,29,30,33,38,41,45,48,50,51],"damage_taken":[{"damage":0,"enemies":"Small Slimes","floor":1,"turns":2},{"damage":0,"enemies":"Jaw Worm","floor":2,"turns":1},{"damage":0,"enemies":"2 Louse","floor":3,"turns":1},{"damage":6,"enemies":"Gremlin Nob","floor":6,"turns":3},{"damage":19,"enemies":"Lagavulin","floor":8,"turns":4},{"damage":6,"enemies":"Lots of Slimes","floor":13,"turns":2},{"damage":46,"enemies":"Hexaghost","floor":16,"turns":6},{"damage":23,"enemies":"2 Thieves","floor":18,"turns":4},{"damage":12,"enemies":"Chosen","floor":19,"turns":3},{"damage":9,"enemies":"Centurion and Healer","floor":20,"turns":4},{"damage":1,"enemies":"Cultist and Chosen","floor":22,"turns":3},{"damage":55,"enemies":"Slavers","floor":23,"turns":3},{"damage":0,"enemies":"Chosen and Byrds","floor":25,"turns":3},{"damage":45,"enemies":"Book of Stabbing","floor":28,"turns":4},{"damage":29,"enemies":"Centurion and Healer","floor":29,"turns":4},{"damage":12,"enemies":"Gremlin Leader","floor":30,"turns":5},{"damage":0,"enemies":"Champ","floor":33,"turns":7},{"damage":4,"enemies":"3 Shapes","floor":35,"turns":7},{"damage":36,"enemies":"Orb Walker","floor":38,"turns":4},{"damage":22,"enemies":"Nemesis","floor":41,"turns":5},{"damage":0,"enemies":"Reptomancer","floor":45,"turns":4},{"damage":0,"enemies":"Mind Bloom Boss Battle","floor":47,"turns":5},{"damage":0,"enemies":"Transient","floor":48,"turns":6},{"damage":120,"enemies":"Donu and Deca","floor":50,"turns":7},{"damage":84,"enemies":"Awakened One","floor":51,"turns":6}],"seed_played":"8770862147521615258","potions_obtained":[{"floor":1,"key":"EssenceOfSteel"},{"floor":3,"key":"FearPotion"},{"floor":13,"key":"Swift Potion"},{"floor":19,"key":"Strength Potion"},{"floor":23,"key":"LiquidBronze"},{"floor":28,"key":"Swift Potion"},{"floor":29,"key":"BloodPotion"},{"floor":30,"key":"SpeedPotion"},{"floor":33,"key":"LiquidBronze"},{"floor":35,"key":"Swift Potion"},{"floor":38,"key":"FearPotion"},{"floor":41,"key":"PowerPotion"},{"floor":45,"key":"EssenceOfSteel"},{"floor":47,"key":"DistilledChaos"},{"floor":48,"key":"BlessingOfTheForge"}],"is_trial":false,"path_per_floor":["M","M","M","?","?","E","R","E","T","R","?","$","M","?","R","B",null,"M","M","M","?","M","E","R","M","T","?","E","M","E","?","R","B",null,"M","?","?","M","$","R","E","R","T","?","E","?","?","M","R","B","B"],"character_chosen":"IRONCLAD","items_purchased":["Magic Flower","Bag of Marbles","Feel No Pain","Infernal Blade","Inflame","Toy Ornithopter","Paper Frog","Sling","Medical Kit","Singing Bowl","Dream Catcher","Shuriken","MealTicket","Peace Pipe","Gremlin Horn","Thunderclap","Vajra","ClockworkSouvenir","Shrug It Off"],"campfire_rested":1,"item_purchase_floors":[0,0,0,0,0,0,0,0,0,0,0,0,0,0,0,0,12,12,39],"current_hp_per_floor":[30,39,48,48,48,53,53,59,59,59,48,63,69,69,69,38,71,62,59,62,62,73,38,64,78,78,84,74,79,95,95,95,95,95,95,95,101,79,94,94,102,102,102,102,119,119,119,119,119,41,0,0],"gold":799,"neow_bonus":"","is_daily":false,"chose_seed":false,"campfire_upgraded":4,"win_rate":0.0,"timestamp":1610977037,"path_taken":["M","M","M","?","?","E","R","E","T","R","?","$","M","?","R","BOSS","M","?","M","?","M","E","R","M","T","?","E","M","E","?","R","BOSS","M","?","?","?","$","R","E","R","T","?","E","?","?","M","R","BOSS","BOSS"],"items_purchased_type":["Relic","Relic","Card","Card","Card","Relic","Relic","Relic","Relic","Relic","Relic","Relic","Relic","Relic","Relic","Card","Relic","Relic","Card"],"build_version":"2020-12-22","purchased_purges":1,"victory":false,"max_hp_per_floor":[75,75,75,75,68,70,70,72,72,72,72,72,72,72,72,72,79,81,81,81,81,81,81,83,85,85,91,93,95,95,95,95,95,95,95,95,101,103,103,103,103,103,103,103,119,119,119,119,119,119,119,119],"relic_stats":{"Darkstone Periapt":12,"Singing Bowl":32,"Gremlin Horn":[29,29],"Happy Flower":[56],"counters":[82,407],"Magic Flower":[115],"Bag of Preparation":[117],"Medical Kit":[33],"Burning Blood":431,"WarpedTongs":[37],"Peace Pipe":2,"Dream Catcher":1,"Shuriken":[36],"Sundial":[6],"Bird Faced Urn":[138],"Gambling Chip":[58],"MealTicket":30,"Art of War":[2],"obtain_stats":[{"Ice Cream":0,"Gremlin Horn":0,"CeramicFish":9,"Vajra":12,"Ginger":0,"Whetstone":46,"Sling":0,"DollysMirror":19,"Sundial":17,"Strawberry":22,"MealTicket":0,"Fusion Hammer":34,"Toxic Egg 2":41,"Happy Flower":8,"Oddly Smooth Stone":8,"Eternal Feather":55,"Pen Nib":12,"WarpedTongs":37,"Du-Vu Doll":17,"OrangePellets":22,"Shuriken":0,"Bronze Scales":0,"Bird Faced Urn":6,"Snecko Eye":17,"Molten Egg 2":0,"CultistMask":20,"Unceasing Top":39,"Meat on the Bone":9,"Darkstone Periapt":21,"Lantern":13,"Singing Bowl":0,"Magic Flower":0,"StoneCalendar":41,"Mango":42,"Bag of Preparation":28,"Smiling Mask":10,"Cursed Key":34,"Burning Blood":0,"ClockworkSouvenir":0,"Dream Catcher":0,"Matryoshka":9,"Mummified Hand":26,"Gambling Chip":30,"Pantograph":24,"Chemical X":38,"Red Skull":25,"Paper Frog":0,"Lee\u0027s Waffle":0,"Golden Idol":5,"Omamori":10,"Frozen Egg 2":30,"Medical Kit":38,"White Beast Statue":26,"Peace Pipe":0,"Calling Bell":17,"Anchor":55,"CaptainsWheel":41,"Ornamental Fan":7,"Orrery":48,"Bag of Marbles":44,"Art of War":43,"Membership Card":0,"FossilizedHelix":14,"Toy Ornithopter":0},{"Ice Cream":29,"Gremlin Horn":57,"CeramicFish":4,"Vajra":62,"Ginger":29,"Whetstone":51,"Sling":57,"DollysMirror":10,"Sundial":64,"Strawberry":38,"MealTicket":57,"Fusion Hammer":44,"Toxic Egg 2":77,"Happy Flower":62,"Oddly Smooth Stone":4,"Eternal Feather":56,"Pen Nib":33,"WarpedTongs":75,"Du-Vu Doll":64,"OrangePellets":38,"Shuriken":29,"Bronze Scales":29,"Bird Faced Urn":61,"Snecko Eye":9,"Molten Egg 2":29,"CultistMask":37,"Unceasing Top":21,"Meat on the Bone":32,"Darkstone Periapt":67,"Lantern":8,"Singing Bowl":57,"Magic Flower":57,"StoneCalendar":22,"Mango":23,"Bag of Preparation":71,"Smiling Mask":5,"Cursed Key":18,"Burning Blood":0,"ClockworkSouvenir":29,"Dream Catcher":57,"Matryoshka":62,"Mummified Hand":14,"Gambling Chip":16,"Pantograph":39,"Chemical X":20,"Red Skull":14,"Paper Frog":57,"Lee\u0027s Waffle":29,"Golden Idol":60,"Omamori":32,"Frozen Egg 2":73,"Medical Kit":46,"White Beast Statue":70,"Peace Pipe":57,"Calling Bell":64,"Anchor":28,"CaptainsWheel":48,"Ornamental Fan":32,"Orrery":25,"Bag of Marbles":50,"Art of War":77,"Membership Card":29,"FossilizedHelix":8,"Toy Ornithopter":29},{"Ice Cream":165,"Gremlin Horn":304,"CeramicFish":19,"Vajra":315,"Ginger":165,"Whetstone":259,"Sling":304,"DollysMirror":44,"Sundial":323,"Strawberry":200,"MealTicket":304,"Fusion Hammer":229,"Toxic Egg 2":379,"Happy Flower":315,"Oddly Smooth Stone":19,"Eternal Feather":295,"Pen Nib":182,"WarpedTongs":370,"Du-Vu Doll":323,"OrangePellets":200,"Shuriken":165,"Bronze Scales":165,"Bird Faced Urn":311,"Snecko Eye":40,"Molten Egg 2":165,"CultistMask":196,"Unceasing Top":104,"Meat on the Bone":177,"Darkstone Periapt":334,"Lantern":33,"Singing Bowl":304,"Magic Flower":304,"StoneCalendar":108,"Mango":112,"Bag of Preparation":347,"Smiling Mask":22,"Cursed Key":89,"Burning Blood":0,"ClockworkSouvenir":165,"Dream Catcher":304,"Matryoshka":315,"Mummified Hand":68,"Gambling Chip":77,"Pantograph":204,"Chemical X":99,"Red Skull":68,"Paper Frog":304,"Lee\u0027s Waffle":165,"Golden Idol":308,"Omamori":177,"Frozen Egg 2":356,"Medical Kit":235,"White Beast Statue":343,"Peace Pipe":304,"Calling Bell":323,"Anchor":155,"CaptainsWheel":247,"Ornamental Fan":177,"Orrery":125,"Bag of Marbles":254,"Art of War":379,"Membership Card":165,"FossilizedHelix":33,"Toy Ornithopter":165}],"Toy Ornithopter":67,"Meat on the Bone":84},"card_choices":[{"not_picked":["Thunderclap","Armaments"],"picked":"Carnage","floor":1},{"not_picked":["Iron Wave","Perfected Strike"],"picked":"Uppercut","floor":2},{"not_picked":["Shrug It Off","Iron Wave"],"picked":"Wild Strike","floor":3},{"not_picked":["Uppercut","True Grit","Fire Breathing"],"picked":"Singing Bowl","floor":6},{"not_picked":["Double Tap","Dark Embrace","Dual Wield"],"picked":"Singing Bowl","floor":8},{"not_picked":["Clothesline","Perfected Strike"],"picked":"Blood for Blood","floor":13},{"not_picked":["Double Tap","Exhume"],"picked":"Limit Break","floor":16},{"not_picked":["Pummel","Flex","Wild Strike"],"picked":"Singing Bowl","floor":18},{"not_picked":["Searing Blow","Warcry"],"picked":"Shrug It Off","floor":19},{"not_picked":["Bloodletting","Warcry"],"picked":"Limit Break","floor":20},{"not_picked":["Clash","Battle Trance"],"picked":"Inflame","floor":22},{"not_picked":["Metallicize","Disarm"],"picked":"Feel No Pain","floor":23},{"not_picked":["Second Wind","Metallicize","Dual Wield"],"picked":"Singing Bowl","floor":24},{"not_picked":["Dual Wield","Second Wind","Perfected Strike"],"picked":"Singing Bowl","floor":25},{"not_picked":["Headbutt","Double Tap","Flex"],"picked":"Singing Bowl","floor":28},{"not_picked":["Heavy Blade","Second Wind","Clash"],"picked":"Singing Bowl","floor":29},{"not_picked":["Power Through","Cleave"],"picked":"Feel No Pain+1","floor":30},{"not_picked":["Bludgeon","Exhume"],"picked":"Corruption+1","floor":33},{"not_picked":["Clothesline","Warcry"],"picked":"Shrug It Off","floor":35},{"not_picked":["Hemokinesis","Pommel Strike","Twin Strike"],"picked":"Singing Bowl","floor":38},{"not_picked":["Heavy Blade","Sword Boomerang"],"picked":"Havoc+1","floor":41},{"not_picked":["Headbutt+1","Searing Blow+1","Flex+1"],"picked":"Singing Bowl","floor":45},{"not_picked":["Havoc+1","Burning Pact+1"],"picked":"Feel No Pain+1","floor":47},{"not_picked":["Evolve+1","Bloodletting+1"],"picked":"Demon Form+1","floor":48}],"player_experience":715517,"relics_obtained":[{"floor":6,"key":"Bird Faced Urn"},{"floor":8,"key":"Happy Flower"},{"floor":9,"key":"Matryoshka"},{"floor":17,"key":"Strawberry"},{"floor":17,"key":"Sundial"},{"floor":17,"key":"Du-Vu Doll"},{"floor":23,"key":"Gambling Chip"},{"floor":26,"key":"Meat on the Bone"},{"floor":26,"key":"White Beast Statue"},{"floor":28,"key":"Bag of Preparation"},{"floor":30,"key":"Frozen Egg 2"},{"floor":41,"key":"Toxic Egg 2"},{"floor":43,"key":"Art of War"},{"floor":45,"key":"Mango"},{"floor":47,"key":"CaptainsWheel"}],"event_choices":[{"damage_healed":0,"gold_gain":0,"player_choice":"Grow","damage_taken":0,"max_hp_gain":0,"max_hp_loss":0,"event_name":"Living Wall","floor":4,"gold_loss":0,"cards_upgraded":["Inflame"]},{"damage_healed":0,"gold_gain":0,"player_choice":"Lose Max HP","damage_taken":0,"relics_obtained":["Golden Idol"],"max_hp_gain":0,"max_hp_loss":7,"event_name":"Golden Idol","floor":5,"gold_loss":0},{"damage_healed":0,"gold_gain":75,"player_choice":"Gather Gold","damage_taken":11,"max_hp_gain":0,"max_hp_loss":0,"event_name":"World of Goop","floor":11,"gold_loss":0},{"damage_healed":0,"gold_gain":0,"player_choice":"1 cards matched","damage_taken":0,"max_hp_gain":0,"max_hp_loss":0,"event_name":"Match and Keep!","floor":14,"gold_loss":0,"cards_obtained":["Evolve"]},{"damage_healed":0,"gold_gain":0,"player_choice":"Obtained Relic","damage_taken":0,"relics_obtained":["Darkstone Periapt"],"max_hp_gain":0,"max_hp_loss":0,"event_name":"Addict","floor":21,"gold_loss":85},{"damage_healed":0,"gold_gain":0,"player_choice":"Opened","damage_taken":0,"relics_obtained":["Red Skull"],"max_hp_gain":0,"max_hp_loss":0,"event_name":"The Mausoleum","floor":27,"gold_loss":0,"cards_obtained":["Writhe"]},{"damage_healed":0,"gold_gain":0,"player_choice":"Ignored","damage_taken":0,"max_hp_gain":0,"max_hp_loss":0,"event_name":"Vampires","floor":31,"gold_loss":0},{"damage_healed":0,"gold_gain":0,"player_choice":"Ignored","damage_taken":0,"max_hp_gain":0,"max_hp_loss":0,"event_name":"Tomb of Lord Red Mask","floor":36,"gold_loss":0},{"damage_healed":0,"gold_gain":0,"player_choice":"Rummage","damage_taken":0,"relics_obtained":["WarpedTongs"],"max_hp_gain":0,"max_hp_loss":0,"event_name":"Accursed Blacksmith","floor":37,"gold_loss":0,"cards_obtained":["Pain"]},{"cards_removed":["Strike_R"],"damage_healed":0,"gold_gain":0,"player_choice":"Removed Attack","damage_taken":0,"max_hp_gain":0,"max_hp_loss":0,"event_name":"Falling","floor":44,"gold_loss":0},{"damage_healed":0,"gold_gain":333,"player_choice":"Gave Idol","damage_taken":0,"max_hp_gain":0,"max_hp_loss":0,"event_name":"The Moai Head","floor":46,"relics_lost":["Golden Idol"],"gold_loss":0},{"damage_healed":0,"gold_gain":0,"player_choice":"Fight","damage_taken":0,"max_hp_gain":0,"max_hp_loss":0,"event_name":"MindBloom","floor":47,"gold_loss":0}],"is_beta":false,"boss_relics":[{"not_picked":["Black Star","Pandora\u0027s Box"],"picked":"Calling Bell"},{"not_picked":["Runic Cube","Coffee Dripper"],"picked":"Fusion Hammer"}],"items_purged_floors":[39],"is_endless":false,"potions_floor_spawned":[1,3,13,19,22,23,28,29,30,33,35,38,41,45,47,48],"killed_by":"Awakened One","ascension_level":20}}