{"host":"2se5dq1do2gp0x9k","time":1610949478,"event":{"mods":["AchievementEnabler","BaseMod","Block Reminder","Colored Map","Colored Powertips","Minty Spire (QoL Compilation)","Relic Stats","StSLib","SuperFastMode"],"gold_per_floor":[115,40,52,102,118,118,151,151,174,203,203,203,234,58,58,58,58],"floor_reached":16,"language":"ENG","playtime":391,"items_purged":[],"score":232,"play_id":"55906aa8-34ec-41a4-bee2-33e423a9e426","local_time":"20210117215758","is_ascension_mode":true,"campfire_choices":[{"data":"Doom and Gloom","floor":6.0,"key":"SMITH"},{"data":"Defragment","floor":8.0,"key":"SMITH"},{"floor":12.0,"key":"REST"},{"data":"Redo","floor":15.0,"key":"SMITH"}],"circlet_count":0,"master_deck":["AscendersBane","Strike_B","Strike_B","Strike_B","Defend_B+1","Defend_B","Defend_B","Defend_B","Zap","Dualcast+1","Defragment+1","Coolheaded","Doom and Gloom+1","Rebound","Coolheaded","Redo+1","Conserve Battery"],"relics":["Cracked Core","War Paint","Juzu Bracelet","Anchor","Pen Nib","Golden Idol","The Courier","OrangePellets"],"acts_visited":["Exordium"],"potions_floor_usage":[16,16],"damage_taken":[{"damage":7.0,"enemies":"Jaw Worm","floor":1.0,"turns":3.0},{"damage":0.0,"enemies":"Cultist","floor":3.0,"turns":4.0},{"damage":5.0,"enemies":"Small Slimes","floor":5.0,"turns":3.0},{"damage":11.0,"enemies":"Gremlin Nob","floor":7.0,"turns":3.0},{"damage":12.0,"enemies":"Lagavulin","floor":10.0,"turns":7.0},{"damage":21.0,"enemies":"Gremlin Nob","floor":13.0,"turns":4.0},{"damage":27,"enemies":"Hexaghost","floor":16,"turns":9}],"seed_played":"7384440638192015738","potions_obtained":[{"floor":1.0,"key":"Fruit Juice"},{"floor":5.0,"key":"Dexterity Potion"},{"floor":7.0,"key":"Fire Potion"},{"floor":13.0,"key":"ColorlessPotion"}],"is_trial":false,"path_per_floor":["M","?","M","?","M","R","E","R","T","E","?","R","E","$","R","B"],"character_chosen":"DEFECT","items_purchased":["OrangePellets","Conserve Battery"],"campfire_rested":1,"item_purchase_floors":[14,14],"current_hp_per_floor":[57,57,57,50,45,45,34,34,34,22,22,41,20,20,20,0,0],"gold":58,"neow_bonus":"RANDOM_COMMON_RELIC","is_daily":false,"chose_seed":false,"campfire_upgraded":3,"win_rate":0.0,"timestamp":1610949478,"path_taken":["M","?","M","?","?","R","E","R","T","E","?","R","E","?","R","BOSS"],"items_purchased_type":["Relic","Card"],"build_version":"2020-12-22","purchased_purges":0,"victory":false,"max_hp_per_floor":[71,71,71,71,71,71,71,71,71,71,64,64,64,64,64,69,69],"relic_stats":{"OrangePellets":[0],"counters":[7,33],"Golden Idol":6,"Pen Nib":[1],"Juzu Bracelet":0,"War Paint":["Defend_B","Dualcast"],"obtain_stats":[{"OrangePellets":14,"Anchor":9,"Golden Idol":11,"Pen Nib":10,"The Courier":13,"Juzu Bracelet":7,"War Paint":0,"Cracked Core":0},{"OrangePellets":6,"Anchor":4,"Golden Idol":5,"Pen Nib":5,"The Courier":6,"Juzu Bracelet":4,"War Paint":0,"Cracked Core":0},{"OrangePellets":24,"Anchor":13,"Golden Idol":20,"Pen Nib":20,"The Courier":24,"Juzu Bracelet":13,"War Paint":0,"Cracked Core":0}]},"card_choices":[{"not_picked":["Storm","White Noise"],"picked":"Defragment","floor":1.0},{"not_picked":["Compile Driver","Loop"],"picked":"Coolheaded","floor":3.0},{"not_picked":["Rebound","Turbo"],"picked":"Doom and Gloom","floor":5.0},{"not_picked":["Aggregate","Skim"],"picked":"Rebound","floor":7.0},{"not_picked":["Steam","White Noise"],"picked":"Coolheaded","floor":10.0},{"not_picked":["Steam","Beam Cell"],"picked":"Redo","floor":13.0}],"player_experience":3914291,"relics_obtained":[{"floor":7.0,"key":"Juzu Bracelet"},{"floor":9.0,"key":"Anchor"},{"floor":10.0,"key":"Pen Nib"},{"floor":13.0,"key":"The Courier"}],"event_choices":[{"cards_removed":["Strike_B"],"damage_healed":0.0,"max_hp_gain":0.0,"max_hp_loss":0.0,"gold_gain":0.0,"event_name":"The Cleric","player_choice":"Card Removal","floor":2.0,"gold_loss":75.0,"damage_taken":0.0},{"damage_healed":0.0,"max_hp_gain":0.0,"max_hp_loss":0.0,"gold_gain":50.0,"event_name":"FaceTrader","player_choice":"Touch","floor":4.0,"gold_loss":0.0,"damage_taken":7.0},{"damage_healed":0.0,"max_hp_gain":0.0,"max_hp_loss":7.0,"gold_gain":0.0,"event_name":"Golden Idol","player_choice":"Lose Max HP","floor":11.0,"gold_loss":0.0,"damage_taken":0.0,"relics_obtained":["Golden Idol"]}],"is_beta":false,"boss_relics":[],"items_purged_floors":[],"is_endless":false,"potions_floor_spawned":[1,5,7,13],"killed_by":"Hexaghost","ascension_level":20}}