{"host":"at8674jmuidj9jgx","time":1610988534,"event":{"mods":["AchievementEnabler","BaseMod","Colored Map","Colored Powertips","Minty Spire (QoL Compilation)","SuperFastMode"],"gold_per_floor":[109,119,69,69,89,89,120,139,188,202,202,202,214,227,227,227,227],"floor_reached":16,"language":"ENG","playtime":791,"items_purged":[],"score":104,"play_id":"6aeb29ce-bc31-49ab-b9f5-7db1347aa08c","local_time":"20210118194854","is_ascension_mode":false,"campfire_choices":[{"data":"Distraction","floor":6,"key":"SMITH"},{"floor":12,"key":"REST"},{"data":"Tactician","floor":15,"key":"SMITH"}],"circlet_count":0,"master_deck":["Strike_G","Strike_G","Strike_G","Strike_G","Strike_G","Defend_G","Defend_G","Defend_G","Defend_G","Survivor","Neutralize","Choke","Distraction+1","Underhanded Strike","Dagger Throw","Finisher","Heel Hook","Tactician+1","Tactician"],"relics":["Ring of the Snake","Eternal Feather","Oddly Smooth Stone","Smiling Mask"],"acts_visited":["Exordium"],"potions_floor_usage":[7,7],"damage_taken":[{"damage":1,"enemies":"Cultist","floor":1,"turns":4},{"damage":2,"enemies":"Small Slimes","floor":2,"turns":3},{"damage":3,"enemies":"Jaw Worm","floor":5,"turns":2},{"damage":33,"enemies":"3 Sentries","floor":7,"turns":7},{"damage":10,"enemies":"Exordium Wildlife","floor":8,"turns":4},{"damage":5,"enemies":"Lots of Slimes","floor":10,"turns":5},{"damage":15,"enemies":"Gremlin Gang","floor":13,"turns":6},{"damage":8,"enemies":"Exordium Wildlife","floor":14,"turns":3},{"damage":47,"enemies":"The Guardian","floor":16,"turns":9}],"seed_played":"-4349744482788822294","potions_obtained":[{"floor":1,"key":"DuplicationPotion"},{"floor":5,"key":"CunningPotion"},{"floor":10,"key":"Poison Potion"},{"floor":13,"key":"Ancient Potion"}],"is_trial":false,"path_per_floor":["M","M","?","?","M","R","E","M","T","M","?","R","M","M","R","B"],"character_chosen":"THE_SILENT","items_purchased":[],"campfire_rested":1,"item_purchase_floors":[],"current_hp_per_floor":[76,74,74,74,71,71,38,28,28,23,23,55,40,32,41,0,0],"gold":227,"neow_bonus":"TEN_PERCENT_HP_BONUS","is_daily":false,"chose_seed":false,"campfire_upgraded":2,"win_rate":0.0,"timestamp":1610988534,"path_taken":["M","M","?","?","M","R","E","?","T","M","?","R","M","M","R","BOSS"],"items_purchased_type":[],"build_version":"2020-12-22","purchased_purges":0,"victory":false,"max_hp_per_floor":[77,77,77,77,77,77,77,77,77,77,77,77,77,77,77,77,77],"card_choices":[{"not_picked":["Predator","Bane"],"picked":"Choke","floor":1},{"not_picked":["Dagger Throw","Deadly Poison"],"picked":"Distraction","floor":2},{"not_picked":["PiercingWail","Caltrops"],"picked":"Underhanded Strike","floor":5},{"not_picked":["Choke","Backflip"],"picked":"Dagger Throw","floor":7},{"not_picked":["Well Laid Plans","Catalyst"],"picked":"Finisher","floor":8},{"not_picked":["All Out Attack","Adrenaline"],"picked":"Heel Hook","floor":10},{"not_picked":["Dodge and Roll","Outmaneuver"],"picked":"Tactician","floor":13},{"not_picked":["PiercingWail","Distraction"],"picked":"Tactician","floor":14}],"player_experience":106844,"relics_obtained":[{"floor":7,"key":"Eternal Feather"},{"floor":9,"key":"Oddly Smooth Stone"}],"event_choices":[{"cards_removed":["Defend_G"],"damage_healed":0,"gold_gain":0,"player_choice":"Card Removal","damage_taken":0,"max_hp_gain":0,"max_hp_loss":0,"event_name":"The Cleric","floor":3,"gold_loss":50},{"damage_healed":0,"gold_gain":0,"player_choice":"Bought 0 Potions","damage_taken":0,"max_hp_gain":0,"max_hp_loss":0,"event_name":"The Woman in Blue","floor":4,"gold_loss":0},{"damage_healed":0,"gold_gain":0,"player_choice":"Gave Potion","damage_taken":0,"relics_obtained":["Smiling Mask"],"max_hp_gain":0,"max_hp_loss":0,"event_name":"WeMeetAgain","floor":11,"gold_loss":0}],"is_beta":false,"boss_relics":[],"items_purged_floors":[],"is_endless":false,"potions_floor_spawned":[1,5,10,13],"killed_by":"The Guardian","ascension_level":0}}