{"host":"dcj2yvrgcvh5dl2s","time":1610969842,"event":{"mods":["BaseMod","Better Note","Block Reminder","Colored Powertips","DeckTracker","Minty Spire (QoL Compilation)","Quick Restart","Rare Cards Sparkle","Relic Stats","StSLib"],"gold_per_floor":[116,116,191,22,42,42,42],"floor_reached":6,"language":"ENG","playtime":112,"items_purged":[],"score":44,"play_id":"e46985d8-1345-4409-8fca-a3bd562921d8","local_time":"20210118213722","is_ascension_mode":true,"campfire_choices":[],"circlet_count":0,"master_deck":["Strike_G","Strike_G","Strike_G","Strike_G","Strike_G","Defend_G","Defend_G","Defend_G","Defend_G","Defend_G","Survivor","Neutralize","Slice","Deflect","Dagger Spray"],"relics":["Runic Pyramid","Letter Opener","Omamori"],"acts_visited":["Exordium"],"potions_floor_usage":[],"damage_taken":[{"damage":7,"enemies":"Small Slimes","floor":1,"turns":4},{"damage":2,"enemies":"2 Louse","floor":5,"turns":3},{"damage":32,"enemies":"Gremlin Nob","floor":6,"turns":3}],"seed_played":"1645521684552407090","potions_obtained":[{"floor":1,"key":"Fire Potion"}],"is_trial":false,"path_per_floor":["M","?","?","$","M","E"],"character_chosen":"THE_SILENT","items_purchased":["Omamori","Deflect"],"campfire_rested":0,"item_purchase_floors":[4,4],"current_hp_per_floor":[56,44,33,33,31,0,0],"gold":42,"neow_bonus":"BOSS_RELIC","is_daily":false,"chose_seed":false,"campfire_upgraded":0,"win_rate":0.0,"timestamp":1610969842,"path_taken":["M","?","?","$","M","E"],"items_purchased_type":["Relic","Card"],"build_version":"2020-12-22","purchased_purges":0,"victory":false,"max_hp_per_floor":[70,70,70,70,70,70,70],"relic_stats":{"counters":[3,10],"Letter Opener":[0],"obtain_stats":[{"Omamori":4,"Letter Opener":2,"Ring of the Snake":0,"Runic Pyramid":0},{"Omamori":1,"Letter Opener":1,"Ring of the Snake":0,"Runic Pyramid":0},{"Omamori":4,"Letter Opener":4,"Ring of the Snake":0,"Runic Pyramid":0}]},"card_choices":[{"not_picked":["Eviscerate","Leg Sweep"],"picked":"Slice","floor":1},{"not_picked":["Outmaneuver","Setup"],"picked":"Dagger Spray","floor":5}],"player_experience":2240899,"relics_obtained":[],"event_choices":[{"damage_healed":0,"gold_gain":0,"player_choice":"Success","damage_taken":12,"relics_obtained":["Letter Opener"],"max_hp_gain":0,"max_hp_loss":0,"event_name":"Scrap Ooze","floor":2,"gold_loss":0},{"damage_healed":0,"gold_gain":75,"player_choice":"Gather Gold","damage_taken":11,"max_hp_gain":0,"max_hp_loss":0,"event_name":"World of Goop","floor":3,"gold_loss":0}],"is_beta":false,"boss_relics":[],"items_purged_floors":[],"is_endless":false,"potions_floor_spawned":[1],"killed_by":"Gremlin Nob","ascension_level":6}}