{"host":"o5jvvi5yapo90aia","time":1610962035,"event":{"mods":["BaseMod","CapriCore","Minty Spire (QoL Compilation)","MostiFishMod","Prisma Mod","Spicy Shops","StSLib","TestMod","The Immortal","Yakumo Yukari mod","【人物mod】游戏王New YuGiOh mod","【功能Mod】Neow奖励"],"gold_per_floor":[114,114,114,134,154,184,10,40,40,67,4,31,50,61,61,135,135,147,147,164,59,73,99,99,134,134,147,147,159,171,190,190,271,271,294,294,294,294,294,328,328,367,367,392,414,201,282,313,313,320,330,330,330,22,64,75],"floor_reached":57,"language":"ZHS","playtime":1160,"items_purged":["Strike_R","Strike_R","Strike_R","Battle Trance+1"],"score":3720,"play_id":"f15e11a6-0487-4c99-91ce-931e27085a58","local_time":"20210118172715","is_ascension_mode":true,"campfire_choices":[{"data":"Strike_R","floor":15.0,"key":"PURGE"},{"data":"Strike_R","floor":24.0,"key":"PURGE"},{"data":"Sword Boomerang","floor":28.0,"key":"PURGE"},{"data":"Bash","floor":32.0,"key":"PURGE"},{"data":"MostiFishMod:DarkDeal+1","floor":41.0,"key":"PURGE"},{"floor":49.0,"key":"RECALL"},{"data":"testmod-RabbitOfFibonacci","floor":53,"key":"SMITH"}],"circlet_count":0,"master_deck":["AscendersBane","Defend_R+1","Defend_R+1","Defend_R+1","Defend_R+1","Impervious+1","Burning Pact+1","MostiFishMod:CullingBlade+1","testmod-TaurusBlackCat+1","Limit Break+1","Heavy Blade+1","Shockwave+1","testmod-RabbitOfFibonacci+1"],"relics":["DaveBox","testmod-TestBox","RhineSuit","Membership Card","testmod-SaigiyounoYou","SynthV:TestCard","Tiny Chest","PreservedInsect","Eternal Feather","Dream Catcher","Bronze Scales","Snecko Eye","testmod-Acrobat","White Beast Statue","Matryoshka","testmod-TimeTraveler","Mark of the Bloom","testmod-AssaultLearning","SentryEyes","Boot","Happy Flower","Lantern","Du-Vu Doll","Bottled Tornado","Toxic Egg 2","testmod-Hope","Strange Spoon","testmod-CasingShield","Bag of Marbles"],"acts_visited":["Exordium","TheCity","TheBeyond","TheEnding"],"potions_floor_usage":[56,56,56,56,56,56],"damage_taken":[{"damage":0.0,"enemies":"Cultist","floor":1.0,"turns":2.0},{"damage":8.0,"enemies":"2 Louse","floor":4.0,"turns":2.0},{"damage":3.0,"enemies":"Small Slimes","floor":5.0,"turns":2.0},{"damage":16.0,"enemies":"3 Sentries","floor":6.0,"turns":6.0},{"damage":5.0,"enemies":"Gremlin Nob","floor":8.0,"turns":3.0},{"damage":12.0,"enemies":"3 Sentries","floor":10.0,"turns":3.0},{"damage":0.0,"enemies":"Gremlin Nob","floor":12.0,"turns":2.0},{"damage":0.0,"enemies":"Red Slaver","floor":13.0,"turns":1.0},{"damage":0.0,"enemies":"3 Louse","floor":14.0,"turns":3.0},{"damage":5.0,"enemies":"Slime Boss","floor":16.0,"turns":3.0},{"damage":21.0,"enemies":"Shell Parasite","floor":18.0,"turns":2.0},{"damage":0.0,"enemies":"3 Byrds","floor":20.0,"turns":2.0},{"damage":0.0,"enemies":"Snake Plant","floor":22.0,"turns":1.0},{"damage":0.0,"enemies":"Slavers","floor":23.0,"turns":1.0},{"damage":0.0,"enemies":"Book of Stabbing","floor":25.0,"turns":2.0},{"damage":0.0,"enemies":"Chosen and Byrds","floor":27.0,"turns":1.0},{"damage":0.0,"enemies":"Shelled Parasite and Fungi","floor":29.0,"turns":2.0},{"damage":0.0,"enemies":"Snecko","floor":30.0,"turns":1.0},{"damage":0.0,"enemies":"Snake Plant","floor":31.0,"turns":1.0},{"damage":0.0,"enemies":"Collector","floor":33.0,"turns":3.0},{"damage":0.0,"enemies":"3 Shapes","floor":35.0,"turns":1.0},{"damage":0.0,"enemies":"Nemesis","floor":40.0,"turns":1.0},{"damage":0.0,"enemies":"Reptomancer","floor":42.0,"turns":1.0},{"damage":0.0,"enemies":"3 Darklings","floor":44.0,"turns":1.0},{"damage":0.0,"enemies":"Sphere and 2 Shapes","floor":45.0,"turns":1.0},{"damage":0.0,"enemies":"Giant Head","floor":48.0,"turns":2.0},{"damage":0.0,"enemies":"Donu and Deca","floor":50.0,"turns":3.0},{"damage":0.0,"enemies":"Awakened One","floor":51.0,"turns":4.0},{"damage":0,"enemies":"Shield and Spear","floor":55,"turns":1},{"damage":0,"enemies":"The Heart","floor":56,"turns":6}],"seed_played":"-1015945496038742344","potions_obtained":[{"floor":1.0,"key":"FearPotion"},{"floor":6.0,"key":"ColorlessPotion"},{"floor":13.0,"key":"SteroidPotion"},{"floor":16.0,"key":"SpeedPotion"},{"floor":22.0,"key":"Fire Potion"},{"floor":25.0,"key":"testmod-SpacePotion"},{"floor":27.0,"key":"ColorlessPotion"},{"floor":29.0,"key":"Explosive Potion"},{"floor":33.0,"key":"testmod-SpacePotion"},{"floor":35.0,"key":"EntropicBrew"},{"floor":40.0,"key":"DistilledChaos"},{"floor":45.0,"key":"DuplicationPotion"}],"is_trial":false,"path_per_floor":["M","?","?","M","M","E","$","E","T","E","$","E","M","M","R","B",null,"M","?","M","$","M","E","R","E","T","M","R","M","M","M","R","B",null,"M","?","T","?","?","E","R","E","T","M","M","$","T","E","R","B","B",null,"R","$","E","B",null],"character_chosen":"IRONCLAD","items_purchased":["PreservedInsect","testmod-TaurusBlackCat","Bottled Tornado","Strange Spoon","testmod-CasingShield","SkillPotion"],"campfire_rested":0,"item_purchase_floors":[7,21,46,54,54,54],"current_hp_per_floor":[74,74,74,69,73,69,69,72,72,70,70,75,75,75,75,74,75,56,56,75,75,75,75,75,75,75,75,75,75,75,75,75,75,75,75,75,75,75,75,75,75,75,75,75,75,75,75,75,75,75,75,75,75,75,75,75],"gold":75,"neow_bonus":"BOSS_RELIC","is_daily":false,"chose_seed":false,"campfire_upgraded":1,"win_rate":0.0,"timestamp":1610962035,"path_taken":["M","?","?","M","M","E","$","E","T","E","$","E","?","M","R","BOSS","M","?","M","$","M","E","R","E","T","M","R","M","M","M","R","BOSS","M","?","?","?","?","E","R","E","T","M","?","$","?","E","R","BOSS","BOSS","R","$","E","BOSS"],"items_purchased_type":["Relic","Card","Relic","Relic","Relic","Potion"],"build_version":"2020-12-22","purchased_purges":4,"victory":true,"max_hp_per_floor":[75,75,75,75,75,75,75,75,75,75,75,75,75,75,75,75,75,75,75,75,75,75,75,75,75,75,75,75,75,75,75,75,75,75,75,75,75,75,75,75,75,75,75,75,75,75,75,75,75,75,75,75,75,75,75,75],"card_choices":[{"not_picked":["Intimidate","Reckless Charge","Clothesline"],"picked":"SKIP","floor":1.0},{"not_picked":["Carnage","True Grit","Power Through","Iron Wave"],"picked":"Sword Boomerang","floor":2.0},{"not_picked":["Spot Weakness","Whirlwind","Evolve","Hemokinesis"],"picked":"Impervious","floor":2.0},{"not_picked":["Heavy Blade","Clothesline","Sword Boomerang","Flex"],"picked":"Burning Pact","floor":4.0},{"not_picked":["Searing Blow","Shrug It Off","Anger","Uppercut","Flex"],"picked":"SKIP","floor":5.0},{"not_picked":["Headbutt","Sword Boomerang","Sever Soul","Twin Strike"],"picked":"MostiFishMod:DarkDeal","floor":6.0},{"not_picked":["Thunderclap","Sword Boomerang","Exhume","Shrug It Off","Hemokinesis"],"picked":"SKIP","floor":8.0},{"not_picked":["Twin Strike","Clothesline","Intimidate","Hemokinesis","Perfected Strike"],"picked":"SKIP","floor":10.0},{"not_picked":["Infernal Blade","Clash","Iron Wave","Burning Pact","Anger"],"picked":"SKIP","floor":12.0},{"not_picked":["Anger","Whirlwind","Perfected Strike","Pommel Strike","Demon Form"],"picked":"SKIP","floor":13.0},{"not_picked":["Battle Trance","Armaments","Disarm","Clash","Whirlwind"],"picked":"SKIP","floor":14.0},{"not_picked":["Immolate","MostiFishMod:TemporaryOutbreak","MostiFishMod:DarkDeal","MostiFishMod:WingOfPhoenix"],"picked":"MostiFishMod:CullingBlade","floor":16.0},{"not_picked":["Dark Embrace","MostiFishMod:BrandingRite","Feel No Pain","True Grit","Sever Soul"],"picked":"SKIP","floor":18.0},{"not_picked":["Anger","Pommel Strike","Havoc","Blood for Blood","Burning Pact"],"picked":"SKIP","floor":20.0},{"not_picked":["Battle Trance+1","Twin Strike","Spot Weakness","Body Slam","Rupture"],"picked":"SKIP","floor":22.0},{"not_picked":["Ghostly Armor","Pummel","Armaments","Heavy Blade+1"],"picked":"Limit Break","floor":23.0},{"not_picked":["Thunderclap","Carnage+1","Shrug It Off","Reckless Charge","Double Tap"],"picked":"SKIP","floor":25.0},{"not_picked":["Wild Strike","True Grit","Flex","Inflame","Heavy Blade"],"picked":"SKIP","floor":27.0},{"not_picked":["Wild Strike","True Grit","Flex","Inflame"],"picked":"Heavy Blade","floor":27.0},{"not_picked":["Clash","Carnage","Twin Strike","Impervious"],"picked":"Shockwave","floor":29.0},{"not_picked":["Thunderclap","Rage","Wild Strike","Fire Breathing","Sword Boomerang"],"picked":"SKIP","floor":30.0},{"not_picked":["Anger","Body Slam","Havoc","Thunderclap","Rampage"],"picked":"SKIP","floor":31.0},{"not_picked":["Heavy Blade","Armaments","Iron Wave","Thunderclap","Spot Weakness"],"picked":"SKIP","floor":35.0},{"not_picked":["testmod-Mystery","Purity","testmod-SubstituteBySubterfuge","testmod-LimitFlipper"],"picked":"testmod-RabbitOfFibonacci","floor":38.0},{"not_picked":["Twin Strike","True Grit","Flex+1","Pummel+1","MostiFishMod:RainCloud"],"picked":"SKIP","floor":40.0},{"not_picked":["Limit Break","Clothesline","Intimidate","Havoc","Heavy Blade"],"picked":"SKIP","floor":42.0},{"not_picked":["Flex","Pummel+1","Cleave","Headbutt","Anger"],"picked":"SKIP","floor":44.0},{"not_picked":["Sword Boomerang","MostiFishMod:ChineseTea","Power Through","Cleave+1","Flame Barrier"],"picked":"SKIP","floor":45.0},{"not_picked":["Cleave","MostiFishMod:#F4004+1","Clothesline","Havoc+1","Perfected Strike"],"picked":"SKIP","floor":48.0},{"not_picked":["Blood for Blood","Anger","Sword Boomerang","Pummel+1","Flex+1"],"picked":"SKIP","floor":55}],"player_experience":1462464,"relics_obtained":[{"floor":1.0,"key":"SynthV:TestCard"},{"floor":6.0,"key":"Tiny Chest"},{"floor":8.0,"key":"Eternal Feather"},{"floor":10.0,"key":"Dream Catcher"},{"floor":12.0,"key":"Bronze Scales"},{"floor":23.0,"key":"testmod-Acrobat"},{"floor":25.0,"key":"White Beast Statue"},{"floor":26.0,"key":"Matryoshka"},{"floor":37.0,"key":"testmod-AssaultLearning"},{"floor":37.0,"key":"SentryEyes"},{"floor":40.0,"key":"Boot"},{"floor":42.0,"key":"Happy Flower"},{"floor":43.0,"key":"Lantern"},{"floor":43.0,"key":"Du-Vu Doll"},{"floor":47.0,"key":"Toxic Egg 2"},{"floor":48.0,"key":"testmod-Hope"},{"floor":55,"key":"Bag of Marbles"}],"event_choices":[{"damage_healed":0.0,"max_hp_gain":0.0,"max_hp_loss":0.0,"gold_gain":0.0,"event_name":"给自己的盒子","player_choice":"Swap Relic","floor":2.0,"relics_lost":["Orrery"],"gold_loss":0.0,"damage_taken":0.0,"relics_obtained":["Orrery"]},{"damage_healed":0.0,"max_hp_gain":0.0,"max_hp_loss":0.0,"gold_gain":0.0,"event_name":"Match and Keep!","player_choice":"1 cards matched","floor":3.0,"gold_loss":0.0,"damage_taken":0.0,"cards_obtained":["Battle Trance"]},{"damage_healed":0.0,"max_hp_gain":0.0,"max_hp_loss":0.0,"gold_gain":0.0,"event_name":"Upgrade Shrine","player_choice":"Upgraded","floor":19.0,"gold_loss":0.0,"damage_taken":0.0,"cards_upgraded":["MostiFishMod:CullingBlade"]},{"damage_healed":0.0,"max_hp_gain":0.0,"max_hp_loss":0.0,"gold_gain":0.0,"event_name":"MindBloom","player_choice":"Upgrade","floor":36.0,"gold_loss":0.0,"damage_taken":0.0,"cards_upgraded":["Defend_R","Defend_R","Defend_R","Defend_R","Impervious","Battle Trance","Burning Pact","MostiFishMod:DarkDeal","testmod-TaurusBlackCat","Limit Break","Heavy Blade","Shockwave"],"relics_obtained":["Mark of the Bloom"]},{"damage_healed":0.0,"max_hp_gain":0.0,"max_hp_loss":0.0,"gold_gain":0.0,"event_name":"SensoryStone","player_choice":"Memory 1","floor":38.0,"gold_loss":0.0,"damage_taken":0.0},{"damage_healed":0.0,"max_hp_gain":0.0,"max_hp_loss":0.0,"gold_gain":0.0,"event_name":"Tomb of Lord Red Mask","player_choice":"Ignored","floor":39.0,"gold_loss":0.0,"damage_taken":0.0}],"is_beta":false,"boss_relics":[{"not_picked":["SynthV:MejaisSoulstealer","testmod-HarvestTotem"],"picked":"Snecko Eye"},{"not_picked":["Runic Cube","EE1DDrone"],"picked":"testmod-TimeTraveler"}],"items_purged_floors":[7,7,11,46],"is_endless":false,"potions_floor_spawned":[1,6,13,14,16,22,25,27,29,30,31,33,35,40,42,44,45,48,55],"ascension_level":20}}