{"host":"sy0sbf0rsk5t5kf4","time":1610982913,"event":{"mods":["BaseMod","Downfall","Minty Spire (QoL Compilation)","StSLib"],"gold_per_floor":[99,99,99,99,99,99,152,182,198,226,151,101,39,51,64,162,162,112,131,131,149,149,99,99,49,49,67,17,28,28,55,73,168,168,118,468,468,483,113,128,128,148,148,32,66,76,94,128,140,140],"floor_reached":51,"language":"ZHS","playtime":3050,"items_purged":["Pride","downfall:Malfunctioning"],"score":783,"play_id":"6fedd127-4043-4bbb-9f5a-2ee07a1e98d2","local_time":"20210118231513","is_ascension_mode":false,"campfire_choices":[{"floor":1,"key":"RECALL"},{"data":"Slimebound:Split","floor":12,"key":"SMITH"},{"data":"Slimebound:Equalize","floor":18,"key":"SMITH"},{"data":"Slimebound:Overexert","floor":23,"key":"SMITH"},{"data":"Slimebound:GoopSpray","floor":25,"key":"SMITH"},{"data":"Slimebound:LivingWall","floor":28,"key":"SMITH"},{"data":"Slimebound:FirmFortitude","floor":35,"key":"SMITH"}],"circlet_count":0,"master_deck":["Slimebound:Tackle","Slimebound:Defend_Slimebound","Slimebound:Defend_Slimebound","Slimebound:Defend_Slimebound","Slimebound:Defend_Slimebound","Slimebound:Split+1","Slimebound:CorrosiveSpit+1","Slimebound:ComboTackle","Slimebound:SlimeSpikes+1","Slimebound:SpikyOuterGoop","Slimebound:SamplingLick","Slimebound:RollThrough","Slimebound:ItLooksTasty","Slimebound:LivingWall+1","Slimebound:GoopSpray+1","Slimebound:Equalize+1","Slimebound:MegaLick","Slimebound:SlimeTap","Slimebound:FlameTackle+1","Bite","Bite","Bite","Bite","Bite","Slimebound:GoopTackle+1","Slimebound:SplitMire+1","Slimebound:SpikyOuterGoop","Slimebound:SamplingLick","Slimebound:FirmFortitude+1","Slimebound:TongueLash+1","Slimebound:Darklings","Slimebound:AcidTongue+1","Slimebound:Gluttony+1","Slimebound:GoopSpray+1","Slimebound:SamplingLick+1","Slimebound:LeechLife+1","Slimebound:LeechEnergy+1","Slimebound:DouseInSlime+1","Slimebound:ItLooksTasty","Slimebound:GoopSpray+1","Slimebound:GoopTackle","Slimebound:ForwardTackle+1","Slimebound:LeechingTouch+1","Slimebound:Replication+1"],"relics":["Slimebound:AbsorbEndCombat","downfall:HeartsMalice","Mummified Hand","Bag of Preparation","HornCleat","Bronze Scales","Slimebound:GreedOozeRelic","Coffee Dripper","Ice Cream","Sundial","Gremlin Horn","bronze:MakeshiftBattery","Old Coin","Toxic Egg 2","TungstenRod","Bag of Marbles","Mercury Hourglass","Darkstone Periapt"],"acts_visited":["Exordium","TheCity","TheBeyond"],"potions_floor_usage":[16,16,19,42,44,50],"damage_taken":[{"damage":0,"enemies":"Jaw Worm","floor":2,"turns":1},{"damage":0,"enemies":"Small Slimes","floor":3,"turns":1},{"damage":0,"enemies":"Cultist","floor":6,"turns":1},{"damage":36,"enemies":"Gremlin Nob","floor":8,"turns":5},{"damage":2,"enemies":"Blue Slaver","floor":9,"turns":3},{"damage":13,"enemies":"Lagavulin","floor":10,"turns":6},{"damage":0,"enemies":"downfall:FleeingMerchant","floor":13,"turns":4},{"damage":0,"enemies":"2 Fungi Beasts","floor":14,"turns":3},{"damage":0,"enemies":"Exordium Wildlife","floor":15,"turns":2},{"damage":18,"enemies":"WA_ARCHETYPE_RETAIN","floor":16,"turns":7},{"damage":8,"enemies":"Spheric Guardian","floor":19,"turns":4},{"damage":0,"enemies":"Chosen","floor":21,"turns":3},{"damage":0,"enemies":"Snake Plant","floor":27,"turns":2},{"damage":0,"enemies":"Chosen and Byrds","floor":29,"turns":4},{"damage":16,"enemies":"Book of Stabbing","floor":31,"turns":3},{"damage":4,"enemies":"Shelled Parasite and Fungi","floor":32,"turns":3},{"damage":35,"enemies":"IC_MUSHROOM_ARCHETYPE","floor":33,"turns":6},{"damage":1,"enemies":"IC_MUSHROOM_ARCHETYPE","floor":36,"turns":3},{"damage":0,"enemies":"Orb Walker","floor":38,"turns":3},{"damage":0,"enemies":"downfall:FleeingMerchant","floor":39,"turns":4},{"damage":0,"enemies":"3 Shapes","floor":40,"turns":2},{"damage":12,"enemies":"Writhing Mass","floor":42,"turns":4},{"damage":1,"enemies":"downfall:FleeingMerchant","floor":44,"turns":3},{"damage":1,"enemies":"Nemesis","floor":45,"turns":3},{"damage":22,"enemies":"Jaw Worm Horde","floor":46,"turns":3},{"damage":2,"enemies":"Spire Growth","floor":47,"turns":4},{"damage":8,"enemies":"Giant Head","floor":48,"turns":6},{"damage":0,"enemies":"Maw","floor":49,"turns":4},{"damage":50,"enemies":"DF_ARCHETYPE_ORBS","floor":50,"turns":7}],"seed_played":"-5841841358884495259","potions_obtained":[{"floor":8,"key":"Guardian:BlockOnCardUsePotion"},{"floor":10,"key":"PowerPotion"},{"floor":14,"key":"Fire Potion"},{"floor":16,"key":"Fruit Juice"},{"floor":32,"key":"SteroidPotion"},{"floor":33,"key":"DistilledChaos"},{"floor":45,"key":"Strength Potion"},{"floor":46,"key":"SpeedPotion"},{"floor":48,"key":"SkillPotion"}],"is_trial":false,"path_per_floor":["R","M","M","?","?","M","T","E","M","E","?","R","$","M","M","B",null,"R","M","?","M","?","R","T","R","?","M","R","M","?","E","M","B",null,"R","?","?","M","$","M","T","M","?","$","E","M","M","E","M","B",null],"character_chosen":"SLIMEBOUND","items_purchased":["Slimebound:GoopSpray","Toxic Egg 2","Slimebound:GoopSpray+1","Slimebound:DouseInSlime+1","Bag of Marbles","Slimebound:ItLooksTasty"],"campfire_rested":0,"item_purchase_floors":[13,39,39,44,44,44],"current_hp_per_floor":[65,65,65,65,62,62,62,28,28,21,21,21,25,27,29,22,65,65,62,62,70,70,70,70,70,49,49,49,49,42,31,34,19,54,54,54,54,54,54,54,54,44,44,54,54,43,51,54,54,19],"gold":140,"neow_bonus":"THREE_ENEMY_KILL","is_daily":false,"chose_seed":false,"campfire_upgraded":6,"win_rate":0.0,"timestamp":1610982913,"path_taken":["R","M","M","?","?","M","T","E","M","E","?","R","?","?","M","BOSS","R","M","?","M","?","R","T","R","?","M","R","?","?","E","M","BOSS","R","?","?","M","$","M","T","M","?","$","E","?","M","E","M","BOSS"],"items_purchased_type":["Card","Relic","Card","Card","Relic","Card"],"build_version":"2020-12-22","purchased_purges":2,"victory":true,"max_hp_per_floor":[65,65,65,65,65,65,65,65,65,65,65,65,65,65,65,65,65,65,70,70,70,70,70,70,70,49,49,49,49,54,54,54,54,54,54,54,54,54,54,54,54,54,54,54,54,54,54,54,54,54],"card_choices":[{"not_picked":["Slimebound:SplitBruiser","Slimebound:LeechEnergy"],"picked":"Slimebound:ComboTackle","floor":2},{"not_picked":["Slimebound:PressTheAttack","Slimebound:SplitBruiser"],"picked":"Slimebound:SlimeSpikes","floor":3},{"not_picked":["Slimebound:LeechEnergy","Slimebound:OozeBath"],"picked":"Slimebound:SpikyOuterGoop","floor":6},{"not_picked":["Slimebound:SplitLeeching","Slimebound:ServeAndProtect"],"picked":"Slimebound:SamplingLick","floor":8},{"not_picked":["Slimebound:LevelUp","Slimebound:SlimeSpikes"],"picked":"Slimebound:RollThrough","floor":9},{"not_picked":["Slimebound:GoopTackle","Slimebound:Schlurp"],"picked":"Slimebound:ItLooksTasty","floor":10},{"not_picked":["Slimebound:BestDefense","Slimebound:LeechEnergy"],"picked":"Slimebound:LivingWall","floor":13},{"not_picked":["Slimebound:MegaLick","Slimebound:FinishingTackle"],"picked":"Slimebound:Equalize","floor":14},{"not_picked":["Slimebound:SplitAcid","Slimebound:LeechEnergy"],"picked":"Slimebound:MegaLick","floor":15},{"not_picked":["Slimebound:PrepareCrush","Slimebound:SlimeSlap"],"picked":"Slimebound:Overexert","floor":16},{"not_picked":["Slimebound:SamplingLick+1","Slimebound:SplitBruiser+1"],"picked":"Slimebound:SlimeTap","floor":19},{"not_picked":["Slimebound:BestDefense","Slimebound:FinishingTackle"],"picked":"Slimebound:FlameTackle+1","floor":21},{"not_picked":["Slimebound:SplitLeeching","Slimebound:Schlurp"],"picked":"Slimebound:GoopTackle+1","floor":27},{"not_picked":["Slimebound:PressTheAttack","Slimebound:LeechEnergy"],"picked":"Slimebound:SplitMire+1","floor":29},{"not_picked":["Slimebound:Nibble","Slimebound:ViciousTackle"],"picked":"Slimebound:SpikyOuterGoop","floor":31},{"not_picked":["Slimebound:LivingWall+1","Slimebound:SpikyOuterGoop"],"picked":"Slimebound:SamplingLick","floor":32},{"not_picked":["Slimebound:DuplicatedForm","Slimebound:CheckThePlaybook"],"picked":"Slimebound:FirmFortitude","floor":33},{"not_picked":["Slimebound:BestDefense","Slimebound:MegaLick+1"],"picked":"Slimebound:TongueLash+1","floor":36},{"not_picked":["Slimebound:ViciousTackle+1","Slimebound:ItLooksTasty"],"picked":"Slimebound:AcidTongue+1","floor":38},{"not_picked":["Slimebound:GoopTackle+1","Slimebound:Dissolve"],"picked":"Slimebound:Gluttony+1","floor":39},{"not_picked":["Slimebound:SplitBruiser+1","Slimebound:BestDefense"],"picked":"Slimebound:SamplingLick+1","floor":40},{"not_picked":["Slimebound:SplitAcid+1","Slimebound:LeechEnergy+1"],"picked":"Slimebound:LeechLife","floor":42},{"not_picked":["Slimebound:SpikyOuterGoop+1","Slimebound:ComboTackle"],"picked":"Slimebound:LeechEnergy+1","floor":44},{"not_picked":["Slimebound:ComboTackle","Slimebound:Nibble"],"picked":"Slimebound:GoopSpray+1","floor":45},{"not_picked":["Slimebound:SplitAcid+1","Slimebound:FinishingTackle"],"picked":"Slimebound:GoopTackle","floor":46},{"not_picked":["Slimebound:Equalize+1","Slimebound:SlimeSpikes+1"],"picked":"Slimebound:ForwardTackle+1","floor":47},{"not_picked":["Slimebound:SlimeSpikes+1","Slimebound:SplitAcid+1"],"picked":"Slimebound:LeechingTouch+1","floor":48},{"not_picked":["Slimebound:SamplingLick+1","Slimebound:FinishingTackle"],"picked":"Slimebound:Replication+1","floor":49}],"player_experience":169512,"relics_obtained":[{"floor":7,"key":"Bag of Preparation"},{"floor":8,"key":"HornCleat"},{"floor":10,"key":"Bronze Scales"},{"floor":24,"key":"Sundial"},{"floor":31,"key":"Gremlin Horn"},{"floor":36,"key":"Old Coin"},{"floor":41,"key":"TungstenRod"},{"floor":45,"key":"Mercury Hourglass"},{"floor":48,"key":"Darkstone Periapt"}],"event_choices":[{"damage_healed":0,"gold_gain":0,"player_choice":"Success","damage_taken":3,"relics_obtained":["Mummified Hand"],"max_hp_gain":0,"max_hp_loss":0,"event_name":"Scrap Ooze","floor":5,"gold_loss":0},{"damage_healed":0,"gold_gain":0,"player_choice":"Ignored","damage_taken":0,"max_hp_gain":0,"max_hp_loss":0,"event_name":"Ghosts","floor":20,"gold_loss":0},{"damage_healed":0,"gold_gain":0,"player_choice":"Stole Relic","damage_taken":0,"relics_obtained":["Ice Cream"],"max_hp_gain":0,"max_hp_loss":0,"event_name":"Addict","floor":22,"gold_loss":0,"cards_obtained":["Pride"]},{"damage_healed":0,"gold_gain":0,"player_choice":"Became a vampire","damage_taken":0,"max_hp_gain":0,"max_hp_loss":21,"event_name":"Vampires","floor":26,"gold_loss":0,"cards_obtained":["Bite","Bite","Bite","Bite","Bite"]}],"is_beta":false,"boss_relics":[{"not_picked":["Cursed Key","Velvet Choker"],"picked":"Coffee Dripper"},{"not_picked":["Snecko Eye","Fusion Hammer"],"picked":"bronze:MakeshiftBattery"}],"items_purged_floors":[39,44],"is_endless":false,"potions_floor_spawned":[8,10,14,16,32,33,40,45,46,48,49],"ascension_level":0}}