{"host":"2se5dq1do2gp0x9k","time":1610940666,"event":{"mods":["AchievementEnabler","BaseMod","Block Reminder","Colored Map","Colored Powertips","Minty Spire (QoL Compilation)","Relic Stats","StSLib","SuperFastMode"],"gold_per_floor":[119,131,101,117,132,162,176,176,176,176,51,71,71,106,106,182,182,132,182,95,145,163,163,163,163],"floor_reached":24,"language":"ENG","playtime":707,"items_purged":["Strike_B"],"score":412,"play_id":"e374c89e-557d-4998-b926-8d93ea38e125","local_time":"20210117193106","is_ascension_mode":true,"campfire_choices":[{"data":"Zap","floor":8,"key":"SMITH"},{"data":"Melter","floor":10,"key":"SMITH"},{"data":"Hologram","floor":13,"key":"SMITH"},{"data":"Coolheaded","floor":15,"key":"SMITH"},{"data":"Chill","floor":23,"key":"SMITH"}],"circlet_count":0,"master_deck":["AscendersBane","Strike_B","Strike_B","Strike_B","Defend_B","Defend_B","Defend_B","Defend_B","Zap+1","Dualcast","Melter+1","Ball Lightning","Chill+1","Ball Lightning","Genetic Algorithm","Hologram+1","Coolheaded+1","Self Repair","Echo Form","CurseOfTheBell","Recycle+1","Glacier","Hologram+1"],"relics":["Cracked Core","NeowsBlessing","Incense Burner","Meat on the Bone","Toy Ornithopter","Calling Bell","Blood Vial","InkBottle","Thread and Needle"],"acts_visited":["Exordium","TheCity"],"potions_floor_usage":[6,18,18,18,24],"damage_taken":[{"damage":0,"enemies":"Cultist","floor":1,"turns":1},{"damage":0,"enemies":"Jaw Worm","floor":2,"turns":1},{"damage":0,"enemies":"2 Louse","floor":4,"turns":1},{"damage":0,"enemies":"Exordium Thugs","floor":5,"turns":4},{"damage":25,"enemies":"Lagavulin","floor":6,"turns":6},{"damage":16,"enemies":"Large Slime","floor":7,"turns":5},{"damage":0,"enemies":"3 Louse","floor":12,"turns":4},{"damage":15,"enemies":"3 Sentries","floor":14,"turns":5},{"damage":28,"enemies":"The Guardian","floor":16,"turns":12},{"damage":37,"enemies":"2 Thieves","floor":18,"turns":5},{"damage":2,"enemies":"Chosen","floor":22,"turns":4},{"damage":75,"enemies":"Gremlin Leader","floor":24,"turns":5}],"seed_played":"8087413089060196678","potions_obtained":[{"floor":2,"key":"Energy Potion"},{"floor":3,"key":"Energy Potion"},{"floor":3,"key":"LiquidMemories"},{"floor":4,"key":"EntropicBrew"},{"floor":6,"key":"LiquidBronze"},{"floor":18,"key":"LiquidBronze"}],"is_trial":false,"path_per_floor":["M","M","?","M","M","E","M","R","T","R","$","M","R","E","R","B",null,"M","?","$","?","M","R","E"],"character_chosen":"DEFECT","items_purchased":["Hologram","Glacier"],"campfire_rested":0,"item_purchase_floors":[11,20],"current_hp_per_floor":[64,64,64,64,64,39,23,23,23,23,23,35,35,32,32,23,59,53,53,53,53,67,67,0,0],"gold":163,"neow_bonus":"THREE_ENEMY_KILL","is_daily":false,"chose_seed":false,"campfire_upgraded":5,"win_rate":0.0,"timestamp":1610940666,"path_taken":["M","?","?","M","M","E","M","R","T","R","$","?","R","E","R","BOSS","M","?","$","?","M","R","E"],"items_purchased_type":["Card","Card"],"build_version":"2020-12-22","purchased_purges":1,"victory":false,"max_hp_per_floor":[71,71,71,71,71,71,71,71,71,71,71,71,71,71,71,71,71,71,71,71,71,71,71,71,71],"relic_stats":{"Blood Vial":6,"counters":[12,53],"obtain_stats":[{"Calling Bell":17,"Blood Vial":17,"NeowsBlessing":0,"Thread and Needle":17,"Incense Burner":6,"Cracked Core":0,"Toy Ornithopter":14,"InkBottle":17,"Meat on the Bone":9},{"Calling Bell":9,"Blood Vial":9,"NeowsBlessing":0,"Thread and Needle":9,"Incense Burner":5,"Cracked Core":0,"Toy Ornithopter":8,"InkBottle":9,"Meat on the Bone":6},{"Calling Bell":39,"Blood Vial":39,"NeowsBlessing":0,"Thread and Needle":39,"Incense Burner":13,"Cracked Core":0,"Toy Ornithopter":27,"InkBottle":39,"Meat on the Bone":18}],"Toy Ornithopter":17,"InkBottle":[4],"Meat on the Bone":36},"card_choices":[{"not_picked":["Turbo","Beam Cell"],"picked":"Melter","floor":1},{"not_picked":["Leap","Reinforced Body"],"picked":"Ball Lightning","floor":2},{"not_picked":["Reprogram","Rebound"],"picked":"Chill","floor":4},{"not_picked":["Stack","Melter"],"picked":"Ball Lightning","floor":5},{"not_picked":["Steam","Skim"],"picked":"Genetic Algorithm","floor":6},{"not_picked":["Melter","FTL","Double Energy"],"picked":"SKIP","floor":7},{"not_picked":["Gash","Meteor Strike"],"picked":"Coolheaded","floor":12},{"not_picked":["Double Energy","Meteor Strike"],"picked":"Self Repair","floor":14},{"not_picked":["Reboot","Thunder Strike"],"picked":"Echo Form","floor":16},{"not_picked":["Ball Lightning","Reprogram+1"],"picked":"Recycle+1","floor":18},{"not_picked":["Barrage","Streamline+1"],"picked":"Hologram+1","floor":22}],"player_experience":3911051,"relics_obtained":[{"floor":6,"key":"Incense Burner"},{"floor":9,"key":"Meat on the Bone"},{"floor":14,"key":"Toy Ornithopter"},{"floor":17,"key":"Blood Vial"},{"floor":17,"key":"InkBottle"},{"floor":17,"key":"Thread and Needle"}],"event_choices":[{"damage_healed":0,"gold_gain":0,"player_choice":"Bought 2 Potions","damage_taken":0,"max_hp_gain":0,"max_hp_loss":0,"event_name":"The Woman in Blue","floor":3,"gold_loss":0},{"damage_healed":0,"gold_gain":50,"player_choice":"Stole From Cult","damage_taken":0,"max_hp_gain":0,"max_hp_loss":0,"event_name":"Nest","floor":19,"gold_loss":0},{"damage_healed":0,"gold_gain":50,"player_choice":"Pray","damage_taken":0,"max_hp_gain":0,"max_hp_loss":0,"event_name":"Golden Shrine","floor":21,"gold_loss":0}],"is_beta":false,"boss_relics":[{"not_picked":["Runic Dome","Tiny House"],"picked":"Calling Bell"}],"items_purged_floors":[11],"is_endless":false,"potions_floor_spawned":[2,4,6,14,18],"killed_by":"Gremlin Leader","ascension_level":20}}