{"host":"e52c7hvho6xny3hd","time":1610938896,"event":{"mods":["AchievementEnabler","BaseMod","Colored Map","DeckTracker","Minty Spire (QoL Compilation)","Permanent Neow","StSLib"],"gold_per_floor":[36,90,120,155,155,155,181,193,205,217,270,308,320,332,344,356,356],"floor_reached":16,"language":"KOR","playtime":587,"items_purged":[],"score":215,"play_id":"a6c440fc-079b-42e4-9767-92e273bdc4af","local_time":"20210118120136","is_ascension_mode":true,"campfire_choices":[{"floor":6,"key":"REST"},{"floor":8,"key":"REST"},{"data":"Juggernaut","floor":10,"key":"SMITH"},{"floor":13,"key":"REST"},{"data":"Evolve","floor":15,"key":"SMITH"}],"circlet_count":0,"master_deck":["AscendersBane","Strike_R","Strike_R","Strike_R","Strike_R","Strike_R","Defend_R","Defend_R+1","Defend_R","Defend_R","Bash","HandOfGreed+1","Evolve+1","Shrug It Off","Rage","Juggernaut+1","Second Wind"],"relics":["Burning Blood","MawBank","Art of War","Meat on the Bone"],"acts_visited":["Exordium"],"potions_floor_usage":[7],"damage_taken":[{"damage":17,"enemies":"Small Slimes","floor":1,"turns":6},{"damage":10,"enemies":"2 Louse","floor":2,"turns":4},{"damage":8,"enemies":"Jaw Worm","floor":3,"turns":7},{"damage":6,"enemies":"Looter","floor":4,"turns":3},{"damage":56,"enemies":"Gremlin Nob","floor":7,"turns":5},{"damage":14,"enemies":"Exordium Thugs","floor":11,"turns":4},{"damage":17,"enemies":"Lagavulin","floor":12,"turns":7},{"damage":50,"enemies":"Hexaghost","floor":16,"turns":9}],"seed_played":"8620426999258400392","potions_obtained":[{"floor":1,"key":"ElixirPotion"},{"floor":4,"key":"BloodPotion"},{"floor":12,"key":"Energy Potion"}],"is_trial":false,"path_per_floor":["M","M","M","M","?","R","E","R","T","R","M","E","R","?","R","B"],"character_chosen":"IRONCLAD","items_purchased":[],"campfire_rested":3,"item_purchase_floors":[],"current_hp_per_floor":[57,53,51,51,28,50,15,37,37,37,29,18,40,45,45,0,0],"gold":356,"neow_bonus":"RANDOM_COLORLESS_2","is_daily":false,"chose_seed":false,"campfire_upgraded":2,"win_rate":0.0,"timestamp":1610938896,"path_taken":["M","M","M","M","?","R","E","R","T","R","M","E","R","?","R","BOSS"],"items_purchased_type":[],"build_version":"2020-12-22","purchased_purges":0,"victory":false,"max_hp_per_floor":[75,75,75,75,75,75,75,75,75,75,75,75,75,80,80,80,80],"card_choices":[{"not_picked":["The Bomb","Transmutation"],"picked":"HandOfGreed","floor":0},{"not_picked":["Warcry","Blood for Blood"],"picked":"Evolve","floor":1},{"not_picked":["Dual Wield","Evolve"],"picked":"Shrug It Off","floor":2},{"not_picked":["Seeing Red","Armaments"],"picked":"Rage","floor":3},{"not_picked":["Armaments","Wild Strike","Thunderclap"],"picked":"SKIP","floor":4},{"not_picked":["Armaments","Wild Strike"],"picked":"Juggernaut","floor":7},{"not_picked":["Anger","Havoc","Pommel Strike"],"picked":"SKIP","floor":11},{"not_picked":["Seeing Red","Blood for Blood"],"picked":"Second Wind","floor":12}],"player_experience":686546,"relics_obtained":[{"floor":7,"key":"MawBank"},{"floor":9,"key":"Art of War"},{"floor":12,"key":"Meat on the Bone"}],"event_choices":[{"damage_healed":0,"gold_gain":0,"player_choice":"Entered Light","damage_taken":23,"max_hp_gain":0,"max_hp_loss":0,"event_name":"Shining Light","floor":5,"gold_loss":0,"cards_upgraded":["Defend_R","HandOfGreed"]},{"damage_healed":0,"gold_gain":0,"player_choice":"Donut","damage_taken":0,"max_hp_gain":5,"max_hp_loss":0,"event_name":"Big Fish","floor":14,"gold_loss":0}],"is_beta":false,"boss_relics":[],"items_purged_floors":[],"is_endless":false,"potions_floor_spawned":[1,4,12],"killed_by":"Hexaghost","ascension_level":19}}