{"host":"aqym1xxr3lb31d9m","time":1610975664,"event":{"mods":["BaseMod","Block Reminder","Colored Map","Colored Powertips","DeckTracker","Highlight Path","Minty Spire (QoL Compilation)","Quick Restart","Random Character Button","StSLib","SuperFastMode","UnlockEverythingMod"],"gold_per_floor":[112,127,202,212,212,212,223,223,247,247,266,298,311,268,268,268,268],"floor_reached":16,"language":"JPN","playtime":3893,"items_purged":[],"score":204,"play_id":"f6079461-b14c-4495-92db-09a44ba8dadc","local_time":"20210118221424","is_ascension_mode":true,"campfire_choices":[{"data":"Bash","floor":6.0,"key":"SMITH"},{"data":"Perfected Strike","floor":8.0,"key":"SMITH"},{"data":"Combust","floor":15,"key":"SMITH"}],"circlet_count":0,"master_deck":["AscendersBane","Strike_R","Strike_R","Strike_R","Strike_R","Strike_R","Defend_R","Defend_R","Defend_R","Defend_R","Bash+1","Carnage","Battle Trance","Impervious","Perfected Strike+1","Pummel","Power Through","Perfected Strike","Combust+1"],"relics":["Burning Blood","NeowsBlessing","Akabeko","Regal Pillow"],"acts_visited":["Exordium"],"potions_floor_usage":[12,16],"damage_taken":[{"damage":0.0,"enemies":"2 Louse","floor":1.0,"turns":1.0},{"damage":0.0,"enemies":"Cultist","floor":2.0,"turns":1.0},{"damage":0.0,"enemies":"Jaw Worm","floor":4.0,"turns":1.0},{"damage":18.0,"enemies":"Large Slime","floor":7.0,"turns":7.0},{"damage":9,"enemies":"Lots of Slimes","floor":11,"turns":5},{"damage":30,"enemies":"3 Sentries","floor":12,"turns":8},{"damage":0,"enemies":"Looter","floor":13,"turns":2},{"damage":44,"enemies":"Slime Boss","floor":16,"turns":8}],"seed_played":"2308251521554368611","potions_obtained":[{"floor":2.0,"key":"Regen Potion"},{"floor":7.0,"key":"Fire Potion"}],"is_trial":false,"path_per_floor":["M","M","?","M","?","R","M","R","T","$","M","E","M","$","R","B"],"character_chosen":"IRONCLAD","items_purchased":["Combust"],"campfire_rested":0,"item_purchase_floors":[14],"current_hp_per_floor":[74,75,64,70,70,70,58,58,58,58,55,31,37,37,37,0,0],"gold":268,"neow_bonus":"THREE_ENEMY_KILL","is_daily":false,"chose_seed":false,"campfire_upgraded":3,"win_rate":0.0,"timestamp":1610975664,"path_taken":["M","M","?","M","?","R","M","R","T","$","?","E","M","?","R","BOSS"],"items_purchased_type":["Card"],"build_version":"2020-12-22","purchased_purges":0,"victory":false,"max_hp_per_floor":[75,75,75,75,75,75,75,75,75,75,75,75,75,75,75,75,75],"card_choices":[{"not_picked":["Clash","Warcry","Burning Pact"],"picked":"SKIP","floor":1.0},{"not_picked":["Metallicize","Intimidate"],"picked":"Carnage","floor":2.0},{"not_picked":["Perfected Strike","Shrug It Off"],"picked":"Battle Trance","floor":4.0},{"not_picked":["Intimidate","Armaments"],"picked":"Perfected Strike","floor":7.0},{"not_picked":["Heavy Blade","Cleave"],"picked":"Pummel","floor":11},{"not_picked":["Searing Blow","Clothesline"],"picked":"Power Through","floor":12},{"not_picked":["Clash","Intimidate"],"picked":"Perfected Strike","floor":13}],"player_experience":3948945,"relics_obtained":[{"floor":9.0,"key":"Akabeko"},{"floor":12,"key":"Regal Pillow"}],"event_choices":[{"damage_healed":0.0,"max_hp_gain":0.0,"max_hp_loss":0.0,"gold_gain":75.0,"event_name":"World of Goop","player_choice":"Gather Gold","floor":3.0,"gold_loss":0.0,"damage_taken":11.0},{"damage_healed":0.0,"max_hp_gain":0.0,"max_hp_loss":0.0,"gold_gain":0.0,"event_name":"Match and Keep!","player_choice":"1 cards matched","floor":5.0,"gold_loss":0.0,"damage_taken":0.0,"cards_obtained":["Impervious"]}],"is_beta":false,"boss_relics":[],"items_purged_floors":[],"is_endless":false,"potions_floor_spawned":[2,7],"killed_by":"Slime Boss","ascension_level":20}}