{"host":"z9811rt50ti81n54","time":1610974391,"event":{"mods":["BaseMod","Better Match","Better Skull","Better Third Choice","Minty Spire (QoL Compilation)","Permanent Neow","StSLib","SuperFastMode"],"gold_per_floor":[118,130,148,167,342,342,342,352,352,32,32,61,74,88,88,188,188,198,212,137,52,106,139,139,39,39,57,57,17,17,17,17,115,115,130,5,55,71,71,71,88,165,165,165,183,183,213,244,256,268],"floor_reached":51,"language":"ENG","playtime":1389,"items_purged":["Doubt","Strike_G","Strike_G"],"score":717,"play_id":"09375b2b-4c86-4086-8901-7dfa35211747","local_time":"20210118215311","is_ascension_mode":false,"campfire_choices":[{"data":"Neutralize","floor":6,"key":"SMITH"},{"data":"Burst","floor":11,"key":"SMITH"},{"data":"Caltrops","floor":15,"key":"SMITH"},{"data":"After Image","floor":24,"key":"SMITH"},{"data":"Blade Dance","floor":28,"key":"SMITH"},{"data":"Well Laid Plans","floor":32,"key":"SMITH"},{"floor":40,"key":"DIG"},{"floor":46,"key":"DIG"},{"floor":49,"key":"DIG"}],"circlet_count":0,"master_deck":["Strike_G","Strike_G","Defend_G","Defend_G","Defend_G","Defend_G","Defend_G","Survivor","Neutralize+1","Endless Agony","Dash","Flying Knee","Burst+1","Well Laid Plans+1","Blade Dance+1","Cloak And Dagger+1","Caltrops+1","Accuracy","Escape Plan","Malaise","After Image+1","Choke+1","Unload+1","Bouncing Flask","Cloak And Dagger+1","Blade Dance+1","Bane+1"],"relics":["Ring of the Snake","NeowsBlessing","Shuriken","Sling","Meat on the Bone","SlaversCollar","Molten Egg 2","Juzu Bracelet","Blue Candle","Ninja Scroll","Sozu","Shovel","Lizard Tail","Sundial","Ornamental Fan","MawBank","Vajra"],"acts_visited":["Exordium","TheCity","TheBeyond"],"potions_floor_usage":[12,16,16,23,33,33,50],"damage_taken":[{"damage":0,"enemies":"Small Slimes","floor":1,"turns":1},{"damage":0,"enemies":"Cultist","floor":2,"turns":1},{"damage":0,"enemies":"Jaw Worm","floor":3,"turns":1},{"damage":1,"enemies":"Blue Slaver","floor":4,"turns":3},{"damage":3,"enemies":"Large Slime","floor":8,"turns":7},{"damage":0,"enemies":"Lagavulin","floor":12,"turns":4},{"damage":8,"enemies":"Red Slaver","floor":13,"turns":2},{"damage":0,"enemies":"2 Fungi Beasts","floor":14,"turns":3},{"damage":6,"enemies":"Slime Boss","floor":16,"turns":7},{"damage":0,"enemies":"3 Byrds","floor":18,"turns":3},{"damage":3,"enemies":"2 Thieves","floor":19,"turns":4},{"damage":4,"enemies":"Book of Stabbing","floor":23,"turns":5},{"damage":0,"enemies":"Cultist and Chosen","floor":27,"turns":4},{"damage":22,"enemies":"Collector","floor":33,"turns":6},{"damage":0,"enemies":"Orb Walker","floor":35,"turns":2},{"damage":2,"enemies":"Mind Bloom Boss Battle","floor":37,"turns":5},{"damage":0,"enemies":"3 Shapes","floor":38,"turns":4},{"damage":5,"enemies":"Transient","floor":41,"turns":5},{"damage":4,"enemies":"Writhing Mass","floor":45,"turns":6},{"damage":0,"enemies":"Jaw Worm Horde","floor":47,"turns":3},{"damage":2,"enemies":"Maw","floor":48,"turns":7},{"damage":19,"enemies":"Awakened One","floor":50,"turns":9}],"seed_played":"345498499026027220","potions_obtained":[{"floor":1,"key":"Strength Potion"},{"floor":3,"key":"FearPotion"},{"floor":14,"key":"BlessingOfTheForge"},{"floor":18,"key":"Swift Potion"},{"floor":23,"key":"SkillPotion"},{"floor":29,"key":"PowerPotion"},{"floor":29,"key":"Weak Potion"}],"is_trial":false,"path_per_floor":["M","M","M","M","?","R","?","M","T","$","R","E","M","M","R","B",null,"M","M","?","?","T","E","R","$","T","M","R","?","?","$","R","B",null,"M","$","?","M","?","R","M","T","T","?","M","R","M","M","R","B",null],"character_chosen":"THE_SILENT","items_purchased":["Sling","Blade Dance","Cloak And Dagger"],"campfire_rested":0,"item_purchase_floors":[10,10,10],"current_hp_per_floor":[70,70,70,69,69,69,69,66,66,66,66,66,58,58,58,52,70,70,67,67,67,67,63,63,63,63,63,63,63,63,63,63,41,70,70,70,68,68,68,68,63,63,63,63,59,59,59,57,57,38],"gold":280,"neow_bonus":"THREE_ENEMY_KILL","is_daily":false,"chose_seed":false,"campfire_upgraded":6,"win_rate":0.0,"timestamp":1610974391,"path_taken":["M","M","M","M","?","R","?","M","T","$","R","E","?","M","R","BOSS","M","M","?","?","?","E","R","?","T","M","R","?","?","$","R","BOSS","M","$","?","M","?","R","M","?","T","?","M","R","M","M","R","BOSS"],"items_purchased_type":["Relic","Card","Card"],"build_version":"2020-12-22","purchased_purges":3,"victory":true,"max_hp_per_floor":[70,70,70,70,70,70,70,70,70,70,70,70,70,70,70,70,70,70,70,70,70,70,70,70,70,70,70,70,70,70,70,70,70,70,70,70,70,70,70,70,70,70,70,66,66,66,66,66,66,66],"card_choices":[{"not_picked":["Escape Plan","Reflex"],"picked":"Endless Agony","floor":1},{"not_picked":["Cloak And Dagger","Predator"],"picked":"Dash","floor":2},{"not_picked":["Blade Dance","Sucker Punch"],"picked":"Flying Knee","floor":3},{"not_picked":["Bane","Flying Knee"],"picked":"Burst","floor":4},{"not_picked":["Quick Slash","Calculated Gamble"],"picked":"Well Laid Plans","floor":8},{"not_picked":["Backflip","Skewer"],"picked":"Caltrops","floor":12},{"not_picked":["Backstab","Deadly Poison"],"picked":"Accuracy","floor":13},{"not_picked":["Backflip","Setup"],"picked":"Escape Plan","floor":14},{"not_picked":["Night Terror","Venomology"],"picked":"Malaise","floor":16},{"not_picked":["Acrobatics","Quick Slash+1","Sucker Punch"],"picked":"SKIP","floor":18},{"not_picked":["Acrobatics","Flying Knee","Riddle With Holes"],"picked":"SKIP","floor":19},{"not_picked":["Poisoned Stab+1","Deadly Poison"],"picked":"After Image","floor":23},{"not_picked":["Expertise","Riddle With Holes+1"],"picked":"Choke+1","floor":27},{"not_picked":["Grand Finale+1","Night Terror"],"picked":"Unload+1","floor":33},{"not_picked":["Cloak And Dagger+1","Outmaneuver+1"],"picked":"Bouncing Flask","floor":35},{"not_picked":["PiercingWail","Slice+1"],"picked":"Cloak And Dagger+1","floor":37},{"not_picked":["Prepared","Cloak And Dagger"],"picked":"Blade Dance+1","floor":38},{"not_picked":["Bane+1","Noxious Fumes+1","Sucker Punch+1"],"picked":"SKIP","floor":41},{"not_picked":["Leg Sweep","Slice+1","Dodge and Roll+1"],"picked":"SKIP","floor":45},{"not_picked":["Masterful Stab+1","Sucker Punch+1"],"picked":"Bane+1","floor":47},{"not_picked":["Dagger Throw+1","Tactician","Outmaneuver+1"],"picked":"SKIP","floor":48}],"player_experience":395875,"relics_obtained":[{"floor":9,"key":"Shuriken"},{"floor":12,"key":"Meat on the Bone"},{"floor":22,"key":"Juzu Bracelet"},{"floor":23,"key":"Blue Candle"},{"floor":26,"key":"Ninja Scroll"},{"floor":37,"key":"Shovel"},{"floor":40,"key":"Lizard Tail"},{"floor":42,"key":"Sundial"},{"floor":43,"key":"Ornamental Fan"},{"floor":46,"key":"MawBank"},{"floor":49,"key":"Vajra"}],"event_choices":[{"damage_healed":0,"gold_gain":175,"player_choice":"AGREE","damage_taken":0,"max_hp_gain":0,"max_hp_loss":0,"event_name":"Liars Game","floor":5,"gold_loss":0,"cards_obtained":["Doubt"]},{"damage_healed":0,"gold_gain":0,"player_choice":"Ignored","damage_taken":0,"max_hp_gain":0,"max_hp_loss":0,"event_name":"NoteForYourself","floor":7,"gold_loss":0},{"cards_removed":["Strike_G"],"damage_healed":0,"gold_gain":0,"player_choice":"Gave Gold","damage_taken":0,"max_hp_gain":0,"max_hp_loss":0,"event_name":"Beggar","floor":20,"gold_loss":75},{"damage_healed":0,"gold_gain":0,"player_choice":"Obtained Relic","damage_taken":0,"relics_obtained":["Molten Egg 2"],"max_hp_gain":0,"max_hp_loss":0,"event_name":"Addict","floor":21,"gold_loss":85},{"damage_healed":0,"gold_gain":0,"player_choice":"Bought 3 Potions","damage_taken":0,"max_hp_gain":0,"max_hp_loss":0,"event_name":"The Woman in Blue","floor":29,"gold_loss":0},{"damage_healed":0,"gold_gain":0,"player_choice":"Upgraded","damage_taken":0,"max_hp_gain":0,"max_hp_loss":0,"event_name":"Upgrade Shrine","floor":30,"gold_loss":0,"cards_upgraded":["Cloak And Dagger"]},{"damage_healed":0,"gold_gain":0,"player_choice":"Fight","damage_taken":0,"max_hp_gain":0,"max_hp_loss":0,"event_name":"MindBloom","floor":37,"gold_loss":0},{"damage_healed":0,"gold_gain":0,"player_choice":"Ignored","damage_taken":0,"max_hp_gain":0,"max_hp_loss":0,"event_name":"Tomb of Lord Red Mask","floor":39,"gold_loss":0},{"damage_healed":0,"gold_gain":0,"player_choice":"Max HP","damage_taken":0,"max_hp_gain":0,"max_hp_loss":4,"event_name":"Winding Halls","floor":44,"gold_loss":0}],"is_beta":false,"boss_relics":[{"not_picked":["Snecko Eye","WristBlade"],"picked":"SlaversCollar"},{"not_picked":["Empty Cage","Tiny House"],"picked":"Sozu"}],"items_purged_floors":[10,25,36],"is_endless":false,"potions_floor_spawned":[1,3,14,18,23,35,37,41,47],"ascension_level":0}}