{"host":"h3vysik1bw5w0dm6","time":1610970579,"event":{"mods":["AchievementEnabler","Aspiration","BaseMod","Better Note","Better Sensory Stone","Better Vampires","BetterRewards","Colored Powertips","Conspire","Downfall","Friendly Minions","Googly Eyes","Gremlin Skip","Halation","Infinite Spire","Minty Spire (QoL Compilation)","Quick Restart","Shop Mod","StSLib"],"gold_per_floor":[110,110,126,38,38,69,69,85,112,140,152,191,203,248,260,368,380,403,385,94,114,114,114,140,140,221,131,131,144,164,178,178,277,277,320,332,493,509,509,509,581,614,661,695,714,714,817,830,830,860],"floor_reached":51,"language":"ENG","playtime":2500,"items_purged":[],"score":899,"play_id":"a24e91ad-311a-4388-866d-02ce5a68abf3","local_time":"20210118124939","daily_mods":["Hoarder","Vintage"],"is_ascension_mode":false,"campfire_choices":[{"data":"Omniscience","floor":7.0,"key":"SMITH"},{"floor":13.0,"key":"REST"},{"data":"Omniscience","floor":15.0,"key":"SMITH"},{"data":"Dramatic Entrance","floor":23.0,"key":"SMITH"},{"data":"Dramatic Entrance","floor":25.0,"key":"SMITH"},{"data":"Dramatic Entrance","floor":32.0,"key":"SMITH"},{"data":"Wish","floor":40,"key":"SMITH"},{"data":"Strike_P","floor":49,"key":"SMITH"}],"circlet_count":0,"master_deck":["Strike_P+1","Strike_P","Strike_P+1","Defend_P+1","Eruption","Vigilance+1","Omniscience+1","Omniscience+1","Omniscience+1","Dramatic Entrance+1","Dramatic Entrance+1","Dramatic Entrance+1","Devotion","Devotion","Devotion","Wish+1","Wish+1","Wish","Weave+1","Weave+1","Weave+1","Alpha+1","Alpha+1","Alpha+1","DeceiveReality+1","DeceiveReality+1","DeceiveReality+1"],"relics":["Unceasing Top","Guardian:PocketSentry","aspiration:AnachronicSnailShell","conspire:GlowingRock","GoldenEye","MawBank","Strawberry","halation:EternalFortune","conspire:Boomerang","Molten Egg 2","expansioncontent:StudyCardRelic","Omamori","Ice Cream","Pen Nib","aspiration:StickyExplosives_weak","halation:TwoAmDonut","Meat on the Bone","Potion Belt","Ancient Tea Set","Astrolabe","infinitespire:PuzzleCube","halation:KoshaPiece","bronze:DecasWashers","Sundial","aspiration:ChemicalBlood","halation:SelfBoilingWater","War Paint","halation:LettersToHer","Mummified Hand","infinitespire:FocusingShard","Boot"],"acts_visited":["Exordium","TheCity","TheBeyond"],"potions_floor_usage":[33,37,42,42,45,45,45],"damage_taken":[{"damage":0.0,"enemies":"conspire:RoseBush","floor":1.0,"turns":5.0},{"damage":0.0,"enemies":"infinitespire:Voidling","floor":3.0,"turns":3.0},{"damage":5.0,"enemies":"3 Sentries","floor":6.0,"turns":3.0},{"damage":0.0,"enemies":"Cultist","floor":8.0,"turns":3.0},{"damage":4.0,"enemies":"Exordium Wildlife","floor":10.0,"turns":2.0},{"damage":29.0,"enemies":"Lagavulin","floor":12.0,"turns":4.0},{"damage":5.0,"enemies":"3 Sentries","floor":14.0,"turns":2.0},{"damage":28.0,"enemies":"Slime Boss","floor":16.0,"turns":12.0},{"damage":0.0,"enemies":"Spheric Guardian","floor":18.0,"turns":2.0},{"damage":0.0,"enemies":"2 Thieves","floor":21.0,"turns":3.0},{"damage":5.0,"enemies":"Gremlin Leader","floor":24.0,"turns":4.0},{"damage":0.0,"enemies":"Sentry and Sphere","floor":29.0,"turns":3.0},{"damage":0.0,"enemies":"Centurion and Healer","floor":30.0,"turns":1.0},{"damage":0.0,"enemies":"Shelled Parasite and Fungi","floor":31.0,"turns":1.0},{"damage":5,"enemies":"conspire:MysteriousRune","floor":33,"turns":5},{"damage":18,"enemies":"Orb Walker","floor":35,"turns":3},{"damage":18,"enemies":"3 Shapes","floor":36,"turns":1},{"damage":5,"enemies":"Sphere and 2 Shapes","floor":37,"turns":3},{"damage":0,"enemies":"Spire Growth","floor":38,"turns":2},{"damage":0,"enemies":"Maw","floor":41,"turns":5},{"damage":2,"enemies":"Reptomancer","floor":42,"turns":4},{"damage":0,"enemies":"Nemesis","floor":44,"turns":1},{"damage":10,"enemies":"Writhing Mass","floor":45,"turns":3},{"damage":0,"enemies":"Transient","floor":47,"turns":5},{"damage":0,"enemies":"Spire Growth","floor":48,"turns":1},{"damage":39,"enemies":"Awakened One","floor":50,"turns":7}],"seed_played":"6550336265585016418","potions_obtained":[{"floor":8.0,"key":"DistilledChaos"},{"floor":10.0,"key":"SpeedPotion"},{"floor":12.0,"key":"BottledMiracle"},{"floor":19.0,"key":"infinitespire:BlackPotion"},{"floor":19.0,"key":"LiquidMemories"},{"floor":21.0,"key":"Regen Potion"},{"floor":30.0,"key":"DistilledChaos"},{"floor":31.0,"key":"Swift Potion"},{"floor":33,"key":"bronze:BurnAndBuffPotion"},{"floor":37,"key":"BlessingOfTheForge"},{"floor":42,"key":"PowerPotion"},{"floor":44,"key":"Energy Potion"},{"floor":48,"key":"sneckomod:MuddlingPotion"}],"is_trial":true,"path_per_floor":["M","?","M","$","?","E","R","M","T","M","?","E","R","E","R","B",null,"M","?","$","M","?","R","E","R","T","?","$","M","M","M","R","B",null,"M","M","M","M","?","R","M","E","T","E","M","?","M","M","R","B",null],"character_chosen":"WATCHER","items_purchased":["Dramatic Entrance","Ice Cream"],"campfire_rested":1,"item_purchase_floors":[4,20],"current_hp_per_floor":[72,72,72,72,58,53,53,53,53,56,59,30,54,49,49,21,82,82,82,82,82,82,82,77,77,77,77,77,77,77,77,77,72,82,64,46,53,53,53,53,53,51,51,51,53,53,53,56,56,29],"gold":860,"neow_bonus":"","is_daily":false,"chose_seed":false,"campfire_upgraded":7,"win_rate":0.0,"timestamp":1610970579,"path_taken":["M","?","?","?","?","E","R","M","T","M","?","E","R","E","R","BOSS","M","?","$","M","?","R","E","R","T","?","?","M","M","M","R","BOSS","M","M","M","M","?","R","M","E","T","E","M","?","M","M","R","BOSS"],"items_purchased_type":["Card","Relic"],"build_version":"2020-12-22","purchased_purges":0,"victory":true,"max_hp_per_floor":[72,72,72,72,72,72,72,72,72,79,82,82,82,82,82,82,82,82,82,82,82,82,82,82,82,82,82,82,82,82,82,82,82,82,82,82,82,82,82,82,82,82,82,82,82,78,78,81,81,81],"card_choices":[{"not_picked":["Perseverance","Wireheading","Halt"],"picked":"SKIP","floor":6.0},{"not_picked":["WheelKick","LikeWater","BowlingBash"],"picked":"SKIP","floor":12.0},{"not_picked":["Consecrate+1","ClearTheMind","Swivel"],"picked":"SKIP","floor":14.0},{"not_picked":["Wish","Blasphemy"],"picked":"Devotion","floor":16.0},{"not_picked":["EmptyMind","Prostrate","JustLucky+1"],"picked":"SKIP","floor":24.0},{"not_picked":["SpiritShield","Alpha"],"picked":"Wish","floor":33},{"not_picked":["InnerPeace","Evaluate+1","LikeWater+1"],"picked":"SKIP","floor":42},{"not_picked":["EmptyFist+1","BowlingBash+1","Halt"],"picked":"SKIP","floor":44}],"player_experience":398696,"relics_obtained":[{"floor":1.0,"key":"Guardian:PocketSentry"},{"floor":3.0,"key":"aspiration:AnachronicSnailShell"},{"floor":6.0,"key":"conspire:GlowingRock"},{"floor":8.0,"key":"GoldenEye"},{"floor":9.0,"key":"MawBank"},{"floor":10.0,"key":"Strawberry"},{"floor":12.0,"key":"conspire:Boomerang"},{"floor":14.0,"key":"Molten Egg 2"},{"floor":18.0,"key":"Omamori"},{"floor":21.0,"key":"Pen Nib"},{"floor":24.0,"key":"aspiration:StickyExplosives_weak"},{"floor":26.0,"key":"halation:TwoAmDonut"},{"floor":29.0,"key":"Meat on the Bone"},{"floor":30.0,"key":"Potion Belt"},{"floor":31.0,"key":"Ancient Tea Set"},{"floor":35,"key":"infinitespire:PuzzleCube"},{"floor":36,"key":"halation:KoshaPiece"},{"floor":37,"key":"bronze:DecasWashers"},{"floor":38,"key":"Sundial"},{"floor":41,"key":"aspiration:ChemicalBlood"},{"floor":42,"key":"halation:SelfBoilingWater"},{"floor":43,"key":"War Paint"},{"floor":44,"key":"halation:LettersToHer"},{"floor":45,"key":"Mummified Hand"},{"floor":47,"key":"infinitespire:FocusingShard"},{"floor":48,"key":"halation:EternalFortune"},{"floor":48,"key":"Boot"}],"event_choices":[{"damage_healed":0.0,"max_hp_gain":0.0,"max_hp_loss":0.0,"gold_gain":0.0,"event_name":"Match and Keep!","player_choice":"1 cards matched","floor":2.0,"gold_loss":0.0,"damage_taken":0.0,"cards_obtained":["Omniscience"]},{"damage_healed":0.0,"max_hp_gain":0.0,"max_hp_loss":0.0,"gold_gain":0.0,"event_name":"Shining Light","player_choice":"Entered Light","floor":5.0,"gold_loss":0.0,"damage_taken":14.0,"cards_upgraded":["Defend_P","Omniscience"]},{"damage_healed":0.0,"max_hp_gain":0.0,"max_hp_loss":0.0,"gold_gain":0.0,"event_name":"The Woman in Blue","player_choice":"Bought 2 Potions","floor":19.0,"gold_loss":0.0,"damage_taken":0.0},{"cards_removed":["Defend_P"],"damage_healed":0.0,"max_hp_gain":0.0,"max_hp_loss":0.0,"gold_gain":0.0,"event_name":"Designer","player_choice":"Upgrade and Remove","floor":27.0,"gold_loss":90.0,"damage_taken":0.0,"cards_upgraded":["Strike_P"]},{"damage_healed":0,"gold_gain":0,"player_choice":"Max HP","damage_taken":0,"max_hp_gain":0,"max_hp_loss":4,"event_name":"Winding Halls","floor":46,"gold_loss":0}],"is_beta":false,"boss_relics":[{"not_picked":["halation:PlatinumPhoenix","SlaversCollar"],"picked":"expansioncontent:StudyCardRelic"},{"not_picked":["Velvet Choker","Fusion Hammer"],"picked":"Astrolabe"}],"items_purged_floors":[],"is_endless":false,"potions_floor_spawned":[8,10,12,21,30,31,33,37,41,42,44,48],"ascension_level":0}}