{"host":"jft3vy2l4n4npizy","time":1610951712,"event":{"mods":["BaseMod","Bestiary","Energized Spire","Highlight Path","Marisa£®ÏF”Í°°ƒß¿Ì…≥£©","Minty Spire (QoL Compilation)","Quick Restart","StSLib","TestMod","The Bladedancer","The Servant 0.9.4","Youmu£®ªÍ∆«—˝√Œ£©","Yuri Mod","vexMod"],"gold_per_floor":[116,116,191,366,4,4,37,37,62,62,78,111,111,131,131,254,254,278,40,40,56,77,77,27,48,75,75,86,86,99,115,115,211,211,224,244,244,264,143,143,160,176,176,103,116,116,116,133,133,133],"floor_reached":51,"language":"ZHS","playtime":2107,"items_purged":["Doubt","Strike_S","Strike_S","Barrier+1","Strike_S"],"score":802,"play_id":"3470a30e-ca76-44ad-ba75-1e4ba7098bed","local_time":"20210118143512","is_ascension_mode":true,"campfire_choices":[{"floor":6.0,"key":"REST"},{"data":"KidneyShot","floor":8.0,"key":"SMITH"},{"floor":13.0,"key":"REST"},{"floor":15.0,"key":"REST"},{"data":"FloweringNight","floor":23.0,"key":"SMITH"},{"data":"MoonPhase","floor":32.0,"key":"SMITH"},{"floor":40,"key":"REST"},{"data":"BottledTime","floor":46,"key":"SMITH"},{"floor":49,"key":"REST"}],"circlet_count":0,"master_deck":["Defend_S","Defend_S","Defend_S","KidneyShot+1","BottledTime+1","Moondial","Moondial","Spin","Rewind","SpecialFormula","FloweringNight+1","Comet","Shame","BestPractice","Defy+1","Replace+1","MoonPhase+1","SilverBlades","MoonPhase+1","Luminosity+1","Defy+1","Unruled","Comet","Replace+1","Unruled","Revamp+1","DoubleEdge"],"relics":["Uniform","testmod-TestBox","testmod-Justice","NeowsBlessing","Bloody Idol","Sling","Smiling Mask","vexMod:FocusSash","testmod-IndustrialRevolution","Philosopher\u0027s Stone","HandDrill","Art of War","Nunchaku","MutagenicStrength","Astrolabe","MealTicket"],"acts_visited":["Exordium","TheCity","TheBeyond"],"potions_floor_usage":[38,38,48,48],"damage_taken":[{"damage":0.0,"enemies":"Jaw Worm","floor":1.0,"turns":1.0},{"damage":0.0,"enemies":"Gremlin Nob","floor":7.0,"turns":2.0},{"damage":0.0,"enemies":"2 Louse","floor":11.0,"turns":1.0},{"damage":36.0,"enemies":"Lagavulin","floor":12.0,"turns":4.0},{"damage":0.0,"enemies":"Small Slimes","floor":14.0,"turns":1.0},{"damage":36.0,"enemies":"Hexaghost","floor":16.0,"turns":7.0},{"damage":10.0,"enemies":"2 Thieves","floor":18.0,"turns":2.0},{"damage":0.0,"enemies":"3 Byrds","floor":21.0,"turns":2.0},{"damage":23.0,"enemies":"Snake Plant","floor":22.0,"turns":3.0},{"damage":0.0,"enemies":"Sentry and Sphere","floor":25.0,"turns":2.0},{"damage":0.0,"enemies":"Shelled Parasite and Fungi","floor":28.0,"turns":2.0},{"damage":0.0,"enemies":"Chosen and Byrds","floor":30.0,"turns":3.0},{"damage":9.0,"enemies":"Centurion and Healer","floor":31.0,"turns":4.0},{"damage":0.0,"enemies":"Automaton","floor":33.0,"turns":4.0},{"damage":39.0,"enemies":"3 Shapes","floor":35.0,"turns":1.0},{"damage":0.0,"enemies":"Orb Walker","floor":36.0,"turns":2.0},{"damage":36,"enemies":"Transient","floor":38,"turns":5},{"damage":1,"enemies":"Jaw Worm Horde","floor":41,"turns":2},{"damage":3,"enemies":"4 Shapes","floor":42,"turns":2},{"damage":0,"enemies":"Writhing Mass","floor":45,"turns":3},{"damage":37,"enemies":"Transient","floor":48,"turns":5},{"damage":8,"enemies":"Awakened One","floor":50,"turns":5}],"seed_played":"-1362709081904711156","potions_obtained":[{"floor":14.0,"key":"PowerPotion"},{"floor":16.0,"key":"SpeedPotion"},{"floor":22.0,"key":"CultistPotion"},{"floor":25.0,"key":"Strength Potion"},{"floor":38,"key":"SkillPotion"},{"floor":45,"key":"DuplicationPotion"},{"floor":48,"key":"EssenceOfSteel"}],"is_trial":false,"path_per_floor":["M","?","?","?","$","R","E","R","T","?","M","E","R","M","R","B",null,"M","$","?","M","M","R","$","M","T","?","M","?","M","M","R","B",null,"M","M","?","M","$","R","M","M","T","$","M","R","?","M","R","B",null],"character_chosen":"THE_SERVANT","items_purchased":["BottledTime","Sling","Moondial","Comet","HandDrill","Comet","Unruled"],"campfire_rested":5,"item_purchase_floors":[5,5,5,19,19,39,44],"current_hp_per_floor":[65,49,38,38,38,57,57,57,57,50,50,14,33,33,52,21,65,60,60,60,65,42,42,42,47,47,47,57,57,65,61,61,65,65,31,41,41,15,15,34,38,45,45,60,65,65,65,33,52,49],"gold":133,"neow_bonus":"THREE_ENEMY_KILL","is_daily":false,"chose_seed":false,"campfire_upgraded":4,"win_rate":0.0,"timestamp":1610951712,"path_taken":["M","?","?","?","$","R","E","R","T","?","M","E","R","?","R","BOSS","M","$","?","M","M","R","$","M","T","?","M","?","?","M","R","BOSS","M","M","?","M","$","R","M","?","T","$","M","R","?","M","R","BOSS"],"items_purchased_type":["Card","Relic","Card","Card","Relic","Card","Card"],"build_version":"2020-12-22","purchased_purges":5,"victory":true,"max_hp_per_floor":[65,65,65,65,65,65,65,65,65,65,65,65,65,65,65,65,65,65,65,65,65,65,65,65,65,65,65,65,65,65,65,65,65,65,65,65,65,65,65,65,65,65,65,65,65,65,65,65,65,65],"card_choices":[{"not_picked":["FastForward","Ricochet"],"picked":"Luminosity","floor":1.0},{"not_picked":["Moonlight","Duplication"],"picked":"Moondial","floor":7.0},{"not_picked":["Rewind","Luminosity"],"picked":"Spin","floor":11.0},{"not_picked":["Misdirection","GearUp"],"picked":"Rewind","floor":12.0},{"not_picked":["BottledTime","ShatteredReality"],"picked":"SpecialFormula","floor":14.0},{"not_picked":["Embodiment","PendulumOfEternity"],"picked":"FloweringNight","floor":16.0},{"not_picked":["Ricochet","StarChef+1","Potential"],"picked":"SKIP","floor":18.0},{"not_picked":["Alleviate","Replace"],"picked":"BestPractice","floor":21.0},{"not_picked":["Revamp+1","DoubleEdge"],"picked":"Defy+1","floor":22.0},{"not_picked":["FastForward+1","WasteNot"],"picked":"Replace+1","floor":25.0},{"not_picked":["ForgedInTime","Foresight"],"picked":"MoonPhase","floor":28.0},{"not_picked":["Luminosity","TimeWarp"],"picked":"SilverBlades","floor":30.0},{"not_picked":["Collapse","Sabotage"],"picked":"MoonPhase","floor":31.0},{"not_picked":["Rewind+1","FastForward","Ricochet"],"picked":"SKIP","floor":35.0},{"not_picked":["Moonlight+1","SilverBlades+1","Gouge+1"],"picked":"SKIP","floor":36.0},{"not_picked":["Luminosity+1","ReturningBlade+1"],"picked":"Unruled","floor":38},{"not_picked":["FanOfKnives","ShiftingGears+1","Alleviate+1"],"picked":"SKIP","floor":41},{"not_picked":["Rearm","Moondial+1"],"picked":"Replace+1","floor":42},{"not_picked":["SurpressingFire+1","Defy"],"picked":"Revamp+1","floor":45},{"not_picked":["Rearm+1","Collapse"],"picked":"DoubleEdge","floor":48}],"player_experience":53098,"relics_obtained":[{"floor":7.0,"key":"Smiling Mask"},{"floor":9.0,"key":"vexMod:FocusSash"},{"floor":12.0,"key":"testmod-IndustrialRevolution"},{"floor":26.0,"key":"Nunchaku"},{"floor":43,"key":"MealTicket"}],"event_choices":[{"damage_healed":0.0,"max_hp_gain":0.0,"max_hp_loss":0.0,"gold_gain":0.0,"event_name":"Golden Idol","player_choice":"Take Damage","floor":2.0,"gold_loss":0.0,"damage_taken":16.0,"relics_obtained":["Golden Idol"]},{"damage_healed":0.0,"max_hp_gain":0.0,"max_hp_loss":0.0,"gold_gain":75.0,"event_name":"World of Goop","player_choice":"Gather Gold","floor":3.0,"gold_loss":0.0,"damage_taken":11.0},{"damage_healed":0.0,"max_hp_gain":0.0,"max_hp_loss":0.0,"gold_gain":175.0,"event_name":"Liars Game","player_choice":"AGREE","floor":4.0,"gold_loss":0.0,"damage_taken":0.0,"cards_obtained":["Doubt"]},{"cards_removed":["Strike_S"],"damage_healed":0.0,"max_hp_gain":0.0,"max_hp_loss":0.0,"gold_gain":0.0,"event_name":"Golden Wing","player_choice":"Card Removal","floor":10.0,"gold_loss":0.0,"damage_taken":7.0},{"damage_healed":0.0,"max_hp_gain":0.0,"max_hp_loss":0.0,"gold_gain":0.0,"event_name":"Addict","player_choice":"Stole Relic","floor":20.0,"gold_loss":0.0,"damage_taken":0.0,"relics_obtained":["Art of War"],"cards_obtained":["Shame"]},{"damage_healed":0.0,"max_hp_gain":0.0,"max_hp_loss":0.0,"gold_gain":0.0,"event_name":"Forgotten Altar","player_choice":"Gave Idol","floor":27.0,"relics_lost":["Golden Idol"],"gold_loss":0.0,"damage_taken":0.0,"relics_obtained":["Bloody Idol"]},{"damage_healed":0.0,"max_hp_gain":0.0,"max_hp_loss":0.0,"gold_gain":0.0,"event_name":"Drug Dealer","player_choice":"Inject Mutagens","floor":29.0,"gold_loss":0.0,"damage_taken":0.0,"relics_obtained":["MutagenicStrength"]},{"damage_healed":0.0,"max_hp_gain":0.0,"max_hp_loss":0.0,"gold_gain":0.0,"event_name":"Accursed Blacksmith","player_choice":"Forge","floor":37.0,"gold_loss":0.0,"damage_taken":0.0,"cards_upgraded":["MoonPhase"]},{"damage_healed":0,"gold_gain":0,"player_choice":"Memory 1","damage_taken":0,"max_hp_gain":0,"max_hp_loss":0,"event_name":"SensoryStone","floor":47,"gold_loss":0}],"is_beta":false,"boss_relics":[{"not_picked":["energizedSpire:RedRose","testmod-IncinerationGenerator"],"picked":"Philosopher\u0027s Stone"},{"not_picked":["testmod-KeyOfTheVoid","vexMod:CursedCompass"],"picked":"Astrolabe"}],"items_purged_floors":[5,19,24,39,44],"is_endless":false,"potions_floor_spawned":[14,16,22,25,33,38,45,48],"ascension_level":2}}