{"host":"qrbkigq52dd42dk0","time":1610978513,"event":{"mods":["AchievementEnabler","BaseMod","Colored Map","Colored Powertips","Minty Spire (QoL Compilation)","Quick Restart","StSLib","SuperFastMode","The IronCluck"],"gold_per_floor":[369,369,319,394,173,187,218,393,447,447,478,84,84,112,112,207,207,222,97,97,97,97],"floor_reached":21,"language":"ENG","playtime":719,"items_purged":["Defend_R","Strike_R","Defend_R"],"score":306,"play_id":"0f021c30-e62f-4e6c-961a-084cc3e51e5a","local_time":"20210118150153","is_ascension_mode":true,"campfire_choices":[{"data":"Bash","floor":10,"key":"SMITH"},{"floor":13,"key":"REST"},{"floor":15,"key":"REST"}],"circlet_count":0,"master_deck":["AscendersBane","Strike_R+1","Strike_R+1","Defend_R","Defend_R","Bash+1","Dropkick","Shrug It Off","Barricade","Body Slam"],"relics":["Burning Blood","Eternal Feather","Whetstone","Kunai","Juzu Bracelet","Calipers","Thread and Needle","Empty Cage"],"acts_visited":["Exordium","TheCity"],"potions_floor_usage":[11,14,16],"damage_taken":[{"damage":1,"enemies":"Cultist","floor":1,"turns":3},{"damage":6,"enemies":"Jaw Worm","floor":6,"turns":4},{"damage":37,"enemies":"3 Sentries","floor":7,"turns":11},{"damage":30,"enemies":"Lagavulin","floor":11,"turns":7},{"damage":38,"enemies":"Gremlin Nob","floor":14,"turns":5},{"damage":27,"enemies":"The Guardian","floor":16,"turns":18},{"damage":21,"enemies":"Shell Parasite","floor":18,"turns":16},{"damage":20,"enemies":"3 Byrds","floor":21,"turns":4}],"seed_played":"6118924719414576923","potions_obtained":[{"floor":7,"key":"ColorlessPotion"},{"floor":11,"key":"DistilledChaos"},{"floor":14,"key":"LiquidBronze"}],"is_trial":false,"path_per_floor":["M","T","?","?","$","M","E","?","T","R","E","$","R","E","R","B",null,"M","$","?","M"],"character_chosen":"IRONCLAD","items_purchased":["Whetstone","Calipers"],"campfire_rested":2,"item_purchase_floors":[5,12],"current_hp_per_floor":[72,72,72,61,61,61,30,30,30,36,12,12,39,7,34,13,57,42,42,29,9,9],"gold":97,"neow_bonus":"TWO_FIFTY_GOLD","is_daily":false,"chose_seed":false,"campfire_upgraded":1,"win_rate":0.0,"timestamp":1610978513,"path_taken":["M","?","?","?","$","M","E","?","T","R","E","$","R","E","R","BOSS","M","$","?","M"],"items_purchased_type":["Relic","Relic"],"build_version":"2020-12-22","purchased_purges":3,"victory":false,"max_hp_per_floor":[72,72,72,72,72,72,72,72,72,72,72,72,72,72,72,72,72,72,72,77,77,77],"card_choices":[{"not_picked":["Anger","Warcry"],"picked":"Dropkick","floor":1},{"not_picked":["Sentinel","Havoc"],"picked":"Shrug It Off","floor":6},{"not_picked":["Power Through","Seeing Red","Perfected Strike"],"picked":"SKIP","floor":7},{"not_picked":["Armaments","Dark Embrace"],"picked":"Barricade","floor":11},{"not_picked":["Cleave","Perfected Strike","Dropkick"],"picked":"SKIP","floor":14},{"not_picked":["Anger","Seeing Red"],"picked":"Body Slam","floor":18}],"player_experience":167486,"relics_obtained":[{"floor":2,"key":"Eternal Feather"},{"floor":7,"key":"Kunai"},{"floor":11,"key":"Juzu Bracelet"},{"floor":14,"key":"Thread and Needle"}],"event_choices":[{"cards_removed":["Strike_R"],"damage_healed":0,"gold_gain":0,"player_choice":"Card Removal","damage_taken":0,"max_hp_gain":0,"max_hp_loss":0,"event_name":"The Cleric","floor":3,"gold_loss":50},{"damage_healed":0,"gold_gain":75,"player_choice":"Gather Gold","damage_taken":11,"max_hp_gain":0,"max_hp_loss":0,"event_name":"World of Goop","floor":4,"gold_loss":0},{"damage_healed":0,"gold_gain":175,"player_choice":"AGREE","damage_taken":0,"max_hp_gain":0,"max_hp_loss":0,"event_name":"Liars Game","floor":8,"gold_loss":0,"cards_obtained":["Doubt"]},{"damage_healed":0,"gold_gain":0,"player_choice":"Shed Blood","damage_taken":18,"max_hp_gain":5,"max_hp_loss":0,"event_name":"Forgotten Altar","floor":20,"gold_loss":0}],"is_beta":false,"boss_relics":[{"not_picked":["Pandora\u0027s Box","Black Blood"],"picked":"Empty Cage"}],"items_purged_floors":[5,12,19],"is_endless":false,"potions_floor_spawned":[7,11,14],"killed_by":"3 Byrds","ascension_level":12}}