{"host":"oje6be5eir840l9r","time":1610962900,"event":{"mods":["2.2 Compatiblity","Alarm Clock","BaseMod","Bestiary","Colored Map","DeckTracker","Downfall","Highlight Path","Minty Spire (QoL Compilation)","Random Character Button","Rare Cards Sparkle","StSLib","The Alterego","The Animator","The Jungle"],"gold_per_floor":[99,110,125,139,139,139,139,173,173,173,173,173,73,98,112,217,217,217,235,250,40,40,65,65,65,65,99,118,144,161,188,207,304,304,204,221,239,250,250,250,275,175,209,226,226,73,90,90,106,106,106,106],"floor_reached":50,"language":"POL","playtime":6356,"items_purged":[],"score":565,"play_id":"ccb69d86-d52f-4ea7-969d-a012da21710b","local_time":"20210118104140","is_ascension_mode":false,"campfire_choices":[{"floor":1.0,"key":"RECALL"},{"floor":6.0,"key":"REST"},{"data":"Guardian:ShieldSpikes","floor":9.0,"key":"SMITH"},{"data":"Guardian:Suspension","floor":13.0,"key":"SMITH"},{"data":"Guardian:PrimingBeam","floor":18.0,"key":"SMITH"},{"data":"expansioncontent:DashGenerateEvil","floor":25.0,"key":"SMITH"},{"data":"Guardian:TimeSifter","floor":35.0,"key":"SMITH"},{"data":"Guardian:Repulse","floor":40.0,"key":"SMITH"},{"data":"Guardian:TwinSlam","floor":42.0,"key":"SMITH"},{"data":"Guardian:CurlUp","floor":45.0,"key":"SMITH"}],"circlet_count":0,"master_deck":["Guardian:Defend_Guardian+1","Guardian:Defend_Guardian+1","Guardian:Defend_Guardian+1","Guardian:Defend_Guardian+1","Guardian:CurlUp+1","Guardian:TwinSlam+1","Guardian:Repulse+1","Guardian:ShieldSpikes+1","Guardian:Suspension+1","Guardian:PrimingBeam+1","Guardian:SpikerProtocol+1","Guardian:Harden+1","Guardian:ExploitGems+1","CurseOfTheBell","Guardian:PrimingBeam+1","Guardian:TimeBomb+1","expansioncontent:DashGenerateEvil+1","Bite+1","Bite+1","Bite+1","Bite+1","Bite+1","Guardian:SentryBeam+1","Guardian:PiercingHide+1","Guardian:ChargeCore+1","Guardian:TimeSifter+1","Guardian:Emergency+1","Guardian:TimeBomb+1","Guardian:SentryBeam+1","Guardian:Gem_Green","Mind Blast+1","Guardian:Gem_Red","Guardian:Incinerate+1","Guardian:Recover+1"],"relics":["Guardian:ModeShifter","Guardian:PickAxe","Pantograph","InkBottle","Bag of Preparation","Bird Faced Urn","Toxic Egg 2","Calling Bell","Anchor","Eternal Feather","TungstenRod","alterego_mod:FleetingLove","Happy Flower","Molten Egg 2","Meat on the Bone","Orichalcum","Bag of Marbles","bronze:MakeshiftBattery","Lantern"],"acts_visited":["Exordium","TheCity","TheBeyond"],"potions_floor_usage":[],"damage_taken":[{"damage":0.0,"enemies":"Small Slimes","floor":2.0,"turns":5.0},{"damage":4.0,"enemies":"2 Louse","floor":3.0,"turns":4.0},{"damage":17.0,"enemies":"Jaw Worm","floor":4.0,"turns":6.0},{"damage":13.0,"enemies":"Jaw Worm","floor":5.0,"turns":5.0},{"damage":14.0,"enemies":"Lagavulin","floor":8.0,"turns":9.0},{"damage":4.0,"enemies":"3 Sentries","floor":14.0,"turns":7.0},{"damage":6.0,"enemies":"Exordium Thugs","floor":15.0,"turns":2.0},{"damage":64.0,"enemies":"IC_STATUS_ARCHETYPE","floor":16.0,"turns":16.0},{"damage":16.0,"enemies":"3 Byrds","floor":19.0,"turns":7.0},{"damage":12.0,"enemies":"Snecko","floor":20.0,"turns":8.0},{"damage":2.0,"enemies":"downfall:FleeingMerchant","floor":21.0,"turns":4.0},{"damage":32.0,"enemies":"Slavers","floor":27.0,"turns":6.0},{"damage":0.0,"enemies":"Snake Plant","floor":28.0,"turns":5.0},{"damage":9.0,"enemies":"Book of Stabbing","floor":29.0,"turns":5.0},{"damage":6.0,"enemies":"Centurion and Healer","floor":30.0,"turns":7.0},{"damage":5.0,"enemies":"Slavers","floor":31.0,"turns":3.0},{"damage":6.0,"enemies":"3 Cultists","floor":32.0,"turns":4.0},{"damage":31.0,"enemies":"DF_ARCHETYPE_CLAW","floor":33.0,"turns":12.0},{"damage":13.0,"enemies":"3 Darklings","floor":36.0,"turns":3.0},{"damage":4.0,"enemies":"3 Shapes","floor":37.0,"turns":3.0},{"damage":0.0,"enemies":"Sphere and 2 Shapes","floor":38.0,"turns":4.0},{"damage":36.0,"enemies":"Nemesis","floor":43.0,"turns":7.0},{"damage":0.0,"enemies":"Jaw Worm Horde","floor":44.0,"turns":3.0},{"damage":2.0,"enemies":"downfall:FleeingMerchant","floor":46.0,"turns":4.0},{"damage":0,"enemies":"4 Shapes","floor":47,"turns":4},{"damage":13,"enemies":"3 Darklings","floor":49,"turns":3},{"damage":80,"enemies":"WA_ARCHETYPE_DIVINITY","floor":50,"turns":5}],"seed_played":"3342431022784948591","potions_obtained":[{"floor":2.0,"key":"DuplicationPotion"},{"floor":8.0,"key":"FearPotion"},{"floor":16.0,"key":"Energy Potion"},{"floor":27.0,"key":"SkillPotion"},{"floor":30.0,"key":"Guardian:BlockOnCardUsePotion"},{"floor":33.0,"key":"BlessingOfTheForge"},{"floor":37.0,"key":"CultistPotion"}],"is_trial":false,"path_per_floor":["R","M","M","M","?","R","T","E","R","?","?","?","R","E","M","B",null,"R","M","M","$","?","T","T","R","?","E","M","E","M","E","M","B",null,"R","M","M","M","?","R","T","R","E","M","R","$","M","?","M","B"],"character_chosen":"GUARDIAN","items_purchased":["expansioncontent:DashGenerateEvil","Mind Blast+1","Guardian:Gem_Red"],"campfire_rested":1,"item_purchase_floors":[21,46,46],"current_hp_per_floor":[88,88,84,67,48,74,74,60,60,60,60,60,60,58,52,17,88,88,72,62,60,60,60,60,72,61,49,60,58,61,61,58,42,61,61,48,57,61,61,61,61,71,56,64,71,71,71,61,51,0,0,0],"gold":106,"neow_bonus":"TEN_PERCENT_HP_BONUS","is_daily":false,"chose_seed":false,"campfire_upgraded":8,"win_rate":0.0,"timestamp":1610962900,"path_taken":["R","M","M","M","?","R","T","E","R","?","?","?","R","E","M","BOSS","R","M","M","$","?","?","T","R","?","E","M","E","?","E","M","BOSS","R","M","M","M","?","R","T","R","E","M","R","$","?","?","M","BOSS"],"items_purchased_type":["Card","Card","Card"],"build_version":"2020-12-22","purchased_purges":0,"victory":false,"max_hp_per_floor":[88,88,88,88,88,88,88,88,88,88,88,88,88,88,88,88,88,88,88,88,88,88,88,88,88,61,61,61,61,61,61,61,61,61,61,61,61,61,61,61,61,71,71,71,71,71,71,61,61,61,61,61],"card_choices":[{"not_picked":["Guardian:Gem_Blue","Guardian:CrystalBeam"],"picked":"Guardian:Repulse","floor":2.0},{"not_picked":["Guardian:TemporalStrike","Guardian:GuardianWhirl"],"picked":"Guardian:ShieldSpikes","floor":3.0},{"not_picked":["Guardian:Repulse","Guardian:Emergency"],"picked":"Guardian:Suspension","floor":4.0},{"not_picked":["Guardian:ConstructionForm","Guardian:ChargeCore"],"picked":"Guardian:PrimingBeam","floor":8.0},{"not_picked":["Guardian:PiercingHide+1","Guardian:ArmoredProtocol"],"picked":"Guardian:SpikerProtocol","floor":14.0},{"not_picked":["Guardian:Repulse","Guardian:BodySlam"],"picked":"Guardian:Harden+1","floor":15.0},{"not_picked":["Guardian:StasisField+1","Guardian:RevengeProtocol"],"picked":"Guardian:ExploitGems+1","floor":16.0},{"not_picked":["Guardian:BodySlam","Guardian:VentSteam+1"],"picked":"Guardian:PrimingBeam+1","floor":19.0},{"not_picked":["Guardian:RollAttack+1","Guardian:Repulse"],"picked":"Guardian:TimeBomb+1","floor":20.0},{"not_picked":["Guardian:WalkerClaw","Guardian:HyperBeam_Guardian","Guardian:PrimingBeam"],"picked":"SKIP","floor":21.0},{"not_picked":["Guardian:Gem_Yellow","Guardian:ChargeCore+1"],"picked":"Guardian:Gem_Synthetic","floor":27.0},{"not_picked":["Guardian:Gem_White","Guardian:BronzeArmor+1"],"picked":"Guardian:SentryBeam+1","floor":28.0},{"not_picked":["Guardian:Planning+1","Guardian:WalkerClaw+1"],"picked":"Guardian:Gem_Cyan","floor":29.0},{"not_picked":["Guardian:BodySlam+1","Guardian:TimeCapacitor"],"picked":"Guardian:PiercingHide+1","floor":30.0},{"not_picked":["Guardian:BodySlam+1","Guardian:MultiBeam+1"],"picked":"Guardian:Gem_Green","floor":31.0},{"not_picked":["Guardian:Gem_Cyan","Guardian:Harden+1"],"picked":"Guardian:ChargeCore+1","floor":32.0},{"not_picked":["Guardian:Gem_Synthetic","Guardian:ConstructionForm"],"picked":"Guardian:TimeSifter","floor":33.0},{"not_picked":["Guardian:Suspension+1","Guardian:PiercingHide+1"],"picked":"Guardian:Emergency+1","floor":36.0},{"not_picked":["Guardian:PrimingBeam+1","Guardian:WalkerClaw+1"],"picked":"Guardian:TimeBomb+1","floor":37.0},{"not_picked":["Guardian:Gem_Lightblue","Guardian:SpikerProtocol"],"picked":"Guardian:Gem_Crimson","floor":38.0},{"not_picked":["Guardian:BodySlam+1","Guardian:Harden+1"],"picked":"Guardian:SentryBeam+1","floor":43.0},{"not_picked":["Guardian:TimeBomb+1","Guardian:TemporalStrike+1"],"picked":"Guardian:Gem_Crimson","floor":44.0},{"not_picked":["Guardian:FloatingOrbs","Guardian:ArmoredProtocol+1"],"picked":"Guardian:Gem_Green","floor":46.0},{"not_picked":["Guardian:BodySlam+1","Guardian:Reroute+1"],"picked":"Guardian:Incinerate+1","floor":47},{"not_picked":["Guardian:VentSteam+1","Guardian:Suspension+1"],"picked":"Guardian:Recover+1","floor":49}],"player_experience":37906,"relics_obtained":[{"floor":7.0,"key":"Pantograph"},{"floor":8.0,"key":"InkBottle"},{"floor":14.0,"key":"Toxic Egg 2"},{"floor":17.0,"key":"Anchor"},{"floor":17.0,"key":"Eternal Feather"},{"floor":17.0,"key":"TungstenRod"},{"floor":23.0,"key":"Happy Flower"},{"floor":24.0,"key":"Molten Egg 2"},{"floor":27.0,"key":"Meat on the Bone"},{"floor":29.0,"key":"Orichalcum"},{"floor":31.0,"key":"Bag of Marbles"},{"floor":43.0,"key":"Lantern"}],"event_choices":[{"damage_healed":0.0,"max_hp_gain":0.0,"max_hp_loss":0.0,"gold_gain":0.0,"event_name":"Big Fish","player_choice":"Box","floor":10.0,"gold_loss":0.0,"damage_taken":0.0,"relics_obtained":["Bag of Preparation"],"cards_obtained":["Regret"]},{"cards_removed":["Regret"],"damage_healed":0.0,"max_hp_gain":0.0,"max_hp_loss":0.0,"gold_gain":0.0,"event_name":"Living Wall","player_choice":"Forget","floor":12.0,"gold_loss":0.0,"damage_taken":0.0},{"damage_healed":0.0,"max_hp_gain":0.0,"max_hp_loss":0.0,"gold_gain":0.0,"event_name":"Secret Garden","player_choice":"Choice 1","floor":22.0,"gold_loss":0.0,"damage_taken":0.0,"relics_obtained":["alterego_mod:FleetingLove"]},{"damage_healed":0.0,"max_hp_gain":0.0,"max_hp_loss":27.0,"gold_gain":0.0,"event_name":"Vampires","player_choice":"Became a vampire","floor":26.0,"gold_loss":0.0,"damage_taken":0.0,"cards_obtained":["Bite","Bite","Bite","Bite","Bite"]}],"is_beta":false,"boss_relics":[{"not_picked":["Sozu","Coffee Dripper"],"picked":"Calling Bell"},{"not_picked":["Black Star","Velvet Choker"],"picked":"bronze:MakeshiftBattery"}],"items_purged_floors":[],"is_endless":false,"potions_floor_spawned":[2,5,8,16,27,28,30,32,33,37,38,47,49],"killed_by":"WA_ARCHETYPE_DIVINITY","ascension_level":0}}