{"host":"zzf13dk0jcen0ncv","time":1610957264,"event":{"mods":["AchievementEnabler","BaseMod","BetterRewards","Colored Map","Keyboard Shortcuts","Minty Spire (QoL Compilation)","Quick Restart","Shop Mod","StSLib","SuperFastMode","The Dragon Tamer","Waifu the Spire"],"gold_per_floor":[118,136,41,41,41,80,80,80,105,148,173,173,208,16,16,101,146,159,84,84,84,113,113,150,150,177,205,237,237,51,68,68,156,156,179,52,78,101,101,101,20,59,59,59,114,114,155,173,173,173,173],"floor_reached":50,"language":"KOR","playtime":1663,"items_purged":["Strike_P"],"score":1454,"play_id":"1005363b-2fbc-4792-99d6-7f2e6623f95a","local_time":"20210118170744","is_ascension_mode":true,"campfire_choices":[{"data":"Eruption","floor":8.0,"key":"SMITH"},{"data":"Omniscience","floor":12.0,"key":"SMITH"},{"data":"LikeWater","floor":15.0,"key":"SMITH"},{"data":"Study","floor":23.0,"key":"SMITH"},{"data":"Ragnarok","floor":25.0,"key":"SMITH"},{"data":"DeusExMachina","floor":29.0,"key":"SMITH"},{"data":"BattleHymn","floor":32.0,"key":"SMITH"},{"floor":40.0,"key":"RECALL"},{"data":"InnerPeace","floor":46,"key":"SMITH"},{"data":"Study","floor":49,"key":"SMITH"}],"circlet_count":0,"master_deck":["AscendersBane","Eruption+1","Vigilance","Adaptation","Indignation","WheelKick","Adaptation","Collect","LikeWater+1","FlurryOfBlows","FearNoEvil","Omniscience+1","TalkToTheHand","Adaptation","BattleHymn+1","DeusExMachina+1","Pray","FearNoEvil","Fasting2","Study+1","Ragnarok+1","Indignation","TalkToTheHand","Establishment","Study+1","LikeWater","InnerPeace+1","EmptyBody+1","Tantrum","LikeWater","Protect","Collect","Halt+1","WheelKick+1"],"relics":["PureWater","Mummified Hand","Bird Faced Urn","Sling","Meat on the Bone","Toy Ornithopter","CloakClasp","CeramicFish","Oddly Smooth Stone","White Beast Statue","Lantern","Regal Pillow","Pandora\u0027s Box","Pantograph","Damaru","Gremlin Horn","Membership Card","Black Star","MealTicket","Dead Branch","The Courier","Ice Cream","Strawberry","Potion Belt"],"acts_visited":["Exordium","TheCity","TheBeyond"],"potions_floor_usage":[50,50],"damage_taken":[{"damage":0.0,"enemies":"Cultist","floor":1.0,"turns":2.0},{"damage":0.0,"enemies":"2 Louse","floor":2.0,"turns":2.0},{"damage":0.0,"enemies":"Lagavulin","floor":6.0,"turns":4.0},{"damage":0.0,"enemies":"3 Sentries","floor":10.0,"turns":5.0},{"damage":0.0,"enemies":"Small Slimes","floor":11.0,"turns":2.0},{"damage":0.0,"enemies":"Gremlin Nob","floor":13.0,"turns":3.0},{"damage":8.0,"enemies":"Hexaghost","floor":16.0,"turns":7.0},{"damage":10.0,"enemies":"2 Thieves","floor":18.0,"turns":2.0},{"damage":0.0,"enemies":"Spheric Guardian","floor":22.0,"turns":2.0},{"damage":4.0,"enemies":"Slavers","floor":24.0,"turns":4.0},{"damage":20.0,"enemies":"Snake Plant","floor":27.0,"turns":2.0},{"damage":10.0,"enemies":"Book of Stabbing","floor":28.0,"turns":2.0},{"damage":0.0,"enemies":"Cultist and Chosen","floor":31.0,"turns":2.0},{"damage":49.0,"enemies":"Collector","floor":33.0,"turns":5.0},{"damage":25.0,"enemies":"Orb Walker","floor":35.0,"turns":4.0},{"damage":46.0,"enemies":"3 Shapes","floor":37.0,"turns":2.0},{"damage":21.0,"enemies":"Sphere and 2 Shapes","floor":38.0,"turns":4.0},{"damage":27.0,"enemies":"Reptomancer","floor":42.0,"turns":4.0},{"damage":30,"enemies":"2 Orb Walkers","floor":45,"turns":3},{"damage":0,"enemies":"Giant Head","floor":47,"turns":2},{"damage":0,"enemies":"Maw","floor":48,"turns":4},{"damage":148,"enemies":"Awakened One","floor":50,"turns":10}],"seed_played":"-7425641063986662087","potions_obtained":[{"floor":10.0,"key":"SteroidPotion"},{"floor":11.0,"key":"Fruit Juice"},{"floor":13.0,"key":"Explosive Potion"},{"floor":16.0,"key":"PowerPotion"},{"floor":18.0,"key":"LiquidMemories"},{"floor":27.0,"key":"PowerPotion"},{"floor":28.0,"key":"BottledMiracle"},{"floor":31.0,"key":"DuplicationPotion"},{"floor":35.0,"key":"Explosive Potion"},{"floor":37.0,"key":"FairyPotion"},{"floor":47,"key":"Weak Potion"},{"floor":48,"key":"StancePotion"}],"is_trial":false,"path_per_floor":["M","M","$","?","?","E","?","R","T","E","M","R","E","$","R","B",null,"M","?","?","?","M","R","E","R","T","M","E","R","$","M","R","B",null,"M","$","M","M","?","R","$","E","T","?","?","R","E","M","R","B"],"character_chosen":"WATCHER","items_purchased":["Mummified Hand","Bird Faced Urn","Adaptation","Sling","Indignation","WheelKick","Meat on the Bone","Toy Ornithopter","Adaptation","CloakClasp","LikeWater","FlurryOfBlows","BattleHymn","Regal Pillow","Membership Card","TalkToTheHand","LikeWater","InnerPeace","MealTicket","LikeWater","Protect","Collect"],"campfire_rested":0,"item_purchase_floors":[0,0,0,0,0,0,0,0,0,0,3,3,14,14,30,30,36,36,36,41,41,41],"current_hp_per_floor":[63,67,67,60,65,71,71,71,71,73,73,73,78,78,78,76,78,76,76,76,76,78,78,78,78,78,62,58,58,58,66,66,45,70,63,63,41,40,40,40,55,52,52,52,42,42,63,79,79,0,0],"gold":173,"neow_bonus":"","is_daily":false,"chose_seed":false,"campfire_upgraded":9,"win_rate":0.0,"timestamp":1610957264,"path_taken":["M","?","$","?","?","E","?","R","T","E","?","R","E","$","R","BOSS","M","?","?","?","M","R","E","R","T","?","E","R","$","M","R","BOSS","M","$","M","?","?","R","$","E","T","?","?","R","E","?","R","BOSS"],"items_purchased_type":["Relic","Relic","Card","Relic","Card","Card","Relic","Relic","Card","Relic","Card","Card","Card","Relic","Relic","Card","Card","Card","Relic","Card","Card","Card"],"build_version":"2020-12-22","purchased_purges":1,"victory":false,"max_hp_per_floor":[68,68,68,68,73,73,73,73,73,73,73,73,78,78,78,78,78,78,78,78,78,78,78,78,78,78,78,78,78,78,78,78,78,78,78,78,78,78,74,74,74,74,74,74,74,74,81,81,81,81,81],"card_choices":[{"not_picked":["SashWhip","ClearTheMind","CutThroughFate"],"picked":"SKIP","floor":1.0},{"not_picked":["Weave","WaveOfTheHand"],"picked":"Collect","floor":2.0},{"not_picked":["FlurryOfBlows","Study"],"picked":"FearNoEvil","floor":6.0},{"not_picked":["SashWhip","DeceiveReality"],"picked":"Omniscience","floor":10.0},{"not_picked":["FlyingSleeves","CrushJoints"],"picked":"TalkToTheHand","floor":11.0},{"not_picked":["Prostrate","Perseverance"],"picked":"Adaptation","floor":13.0},{"not_picked":["Scrawl","Judgement"],"picked":"DeusExMachina","floor":16.0},{"not_picked":["ForeignInfluence","Wallop","Prostrate"],"picked":"SKIP","floor":18.0},{"not_picked":["PathToVictory","FlyingSleeves"],"picked":"Study","floor":22.0},{"not_picked":["Evaluate","CutThroughFate"],"picked":"Ragnarok","floor":24.0},{"not_picked":["Perseverance","CarveReality"],"picked":"Indignation","floor":27.0},{"not_picked":["PathToVictory+1","Evaluate","FlurryOfBlows"],"picked":"SKIP","floor":28.0},{"not_picked":["BowlingBash","Adaptation","Indignation"],"picked":"SKIP","floor":31.0},{"not_picked":["Alpha","Brilliance"],"picked":"Establishment","floor":33.0},{"not_picked":["JustLucky","FlyingSleeves"],"picked":"Study","floor":35.0},{"not_picked":["EmptyBody+1","Nirvana","Consecrate"],"picked":"SKIP","floor":37.0},{"not_picked":["Nirvana","Consecrate"],"picked":"EmptyBody+1","floor":37.0},{"not_picked":["EmptyFist+1","Crescendo"],"picked":"Tantrum","floor":38.0},{"not_picked":["Wallop","EmptyBody"],"picked":"Halt+1","floor":42.0},{"not_picked":["CutThroughFate","SashWhip+1"],"picked":"WheelKick+1","floor":47},{"not_picked":["FollowUp","Nirvana","JustLucky"],"picked":"SKIP","floor":48}],"player_experience":943059,"relics_obtained":[{"floor":6.0,"key":"CeramicFish"},{"floor":9.0,"key":"Oddly Smooth Stone"},{"floor":10.0,"key":"White Beast Statue"},{"floor":13.0,"key":"Lantern"},{"floor":24.0,"key":"Pantograph"},{"floor":26.0,"key":"Damaru"},{"floor":28.0,"key":"Gremlin Horn"},{"floor":42.0,"key":"Dead Branch"},{"floor":42.0,"key":"The Courier"},{"floor":45,"key":"Ice Cream"},{"floor":47,"key":"Strawberry"},{"floor":47,"key":"Potion Belt"}],"event_choices":[{"cards_removed":["Strike_P"],"damage_healed":0.0,"max_hp_gain":0.0,"max_hp_loss":0.0,"gold_gain":0.0,"event_name":"Golden Wing","player_choice":"Card Removal","floor":4.0,"gold_loss":0.0,"damage_taken":7.0},{"damage_healed":0.0,"max_hp_gain":5.0,"max_hp_loss":0.0,"gold_gain":0.0,"event_name":"Big Fish","player_choice":"Donut","floor":5.0,"gold_loss":0.0,"damage_taken":0.0},{"cards_removed":["Strike_P"],"damage_healed":0.0,"max_hp_gain":0.0,"max_hp_loss":0.0,"gold_gain":0.0,"event_name":"Bonfire Elementals","player_choice":"Offered Basic","floor":7.0,"gold_loss":0.0,"damage_taken":0.0},{"cards_removed":["PathToVictory"],"damage_healed":0.0,"max_hp_gain":0.0,"max_hp_loss":0.0,"gold_gain":0.0,"event_name":"Beggar","player_choice":"Gave Gold","floor":19.0,"gold_loss":75.0,"damage_taken":0.0},{"cards_removed":["Sanctity"],"damage_healed":0.0,"max_hp_gain":0.0,"max_hp_loss":0.0,"gold_gain":0.0,"event_name":"Back to Basics","player_choice":"Elegance","floor":20.0,"gold_loss":0.0,"damage_taken":0.0},{"damage_healed":0.0,"max_hp_gain":0.0,"max_hp_loss":0.0,"gold_gain":0.0,"event_name":"Ghosts","player_choice":"Ignored","floor":21.0,"gold_loss":0.0,"damage_taken":0.0},{"damage_healed":0.0,"max_hp_gain":0.0,"max_hp_loss":4.0,"gold_gain":0.0,"event_name":"Winding Halls","player_choice":"Max HP","floor":39.0,"gold_loss":0.0,"damage_taken":0.0},{"damage_healed":0.0,"max_hp_gain":0.0,"max_hp_loss":0.0,"gold_gain":0.0,"event_name":"Tomb of Lord Red Mask","player_choice":"Ignored","floor":44.0,"gold_loss":0.0,"damage_taken":0.0},{"damage_healed":0,"gold_gain":0,"player_choice":"Fight","damage_taken":0,"max_hp_gain":0,"max_hp_loss":0,"event_name":"Mysterious Sphere","floor":45,"gold_loss":0}],"is_beta":false,"boss_relics":[{"not_picked":["Fusion Hammer","Ectoplasm"],"picked":"Pandora\u0027s Box"},{"not_picked":["VioletLotus","SlaversCollar"],"picked":"Black Star"}],"items_purged_floors":[0],"is_endless":false,"potions_floor_spawned":[10,11,13,16,18,22,24,27,28,31,33,35,37,38,42,45,47,48],"killed_by":"Awakened One","ascension_level":20}}