{"host":"yvb207ks1sg3cxef","time":1610996683,"event":{"mods":["2.2 Compatiblity","BaseMod","Bestiary","Colored Powertips","Minty Spire (QoL Compilation)","Permanent Neow","Quick Restart","Relic Stats","StSLib"],"gold_per_floor":[113,127,127,142,142,142,175,175,202,213,227,260,274,121,121,222,222,233,233,268,254,38,71,71,81,104,131,131,131],"floor_reached":28,"language":"ENG","playtime":1583,"items_purged":["Strike_P","Strike_P+1"],"score":614,"play_id":"3fdf7dbe-db61-45df-987c-fb566b385d40","local_time":"20210119003443","is_ascension_mode":true,"campfire_choices":[{"data":"Wireheading","floor":6.0,"key":"SMITH"},{"data":"TalkToTheHand","floor":8.0,"key":"SMITH"},{"data":"CrushJoints","floor":15,"key":"SMITH"},{"floor":24,"key":"REST"}],"circlet_count":0,"master_deck":["AscendersBane","Defend_P+1","Defend_P+1","Defend_P+1","Defend_P+1","Eruption+1","Vigilance","Wallop+1","Protect","Wireheading+1","TalkToTheHand+1","WaveOfTheHand","SashWhip+1","Protect","CrushJoints+1","Wallop","Vault","EmptyFist+1","CutThroughFate+1","Perseverance","MentalFortress","InnerPeace+1","FollowUp+1"],"relics":["PureWater","Orichalcum","Nunchaku","Whetstone","Empty Cage","Red Mask","Vajra","PreservedInsect","Pear"],"acts_visited":["Exordium","TheCity"],"potions_floor_usage":[20,23,23],"damage_taken":[{"damage":0.0,"enemies":"2 Louse","floor":1.0,"turns":3.0},{"damage":0.0,"enemies":"Jaw Worm","floor":2.0,"turns":4.0},{"damage":0.0,"enemies":"Cultist","floor":4.0,"turns":3.0},{"damage":0.0,"enemies":"3 Sentries","floor":7.0,"turns":8.0},{"damage":4.0,"enemies":"2 Fungi Beasts","floor":10.0,"turns":3.0},{"damage":7.0,"enemies":"3 Louse","floor":11.0,"turns":4.0},{"damage":0.0,"enemies":"Gremlin Nob","floor":12.0,"turns":3.0},{"damage":2.0,"enemies":"Exordium Wildlife","floor":13.0,"turns":5.0},{"damage":0,"enemies":"Slime Boss","floor":16,"turns":9},{"damage":0,"enemies":"Chosen","floor":18,"turns":6},{"damage":50,"enemies":"Masked Bandits","floor":20,"turns":7},{"damage":2,"enemies":"2 Thieves","floor":21,"turns":4},{"damage":19,"enemies":"Gremlin Leader","floor":23,"turns":12},{"damage":0,"enemies":"Centurion and Healer","floor":25,"turns":6},{"damage":18,"enemies":"Book of Stabbing","floor":27,"turns":8},{"damage":19,"enemies":"Sentry and Sphere","floor":28,"turns":5}],"seed_played":"940292937947219168","potions_obtained":[{"floor":1.0,"key":"Strength Potion"},{"floor":4.0,"key":"Strength Potion"},{"floor":20,"key":"PowerPotion"}],"is_trial":false,"path_per_floor":["M","M","?","M","?","R","E","R","T","M","M","E","M","$","R","B",null,"M","?","?","M","$","E","R","M","T","E","M"],"character_chosen":"WATCHER","items_purchased":["Wallop","Perseverance","MentalFortress"],"campfire_rested":1,"item_purchase_floors":[14,22,22],"current_hp_per_floor":[65,65,65,65,70,70,70,70,70,66,59,59,57,57,57,57,72,72,72,22,20,20,1,24,24,24,16,0,0],"gold":131,"neow_bonus":"UPGRADE_CARD","is_daily":false,"chose_seed":false,"campfire_upgraded":3,"win_rate":0.0,"timestamp":1610996683,"path_taken":["M","M","?","M","?","R","E","R","T","M","M","E","M","$","R","BOSS","M","?","?","M","$","E","R","?","T","E","M"],"items_purchased_type":["Card","Card","Card"],"build_version":"2020-12-22","purchased_purges":2,"victory":false,"max_hp_per_floor":[72,72,72,72,77,77,77,77,77,77,77,77,77,77,77,77,77,77,77,77,77,77,77,77,77,77,87,87,87],"relic_stats":{"Nunchaku":[12],"counters":[16,90],"PreservedInsect":43,"Whetstone":["Strike_P","SashWhip"],"Orichalcum":[42],"obtain_stats":[{"Nunchaku":9,"Pear":27,"Vajra":23,"PreservedInsect":26,"Red Mask":20,"Whetstone":12,"PureWater":0,"Orichalcum":7,"Empty Cage":17},{"Nunchaku":4,"Pear":15,"Vajra":13,"PreservedInsect":14,"Red Mask":11,"Whetstone":7,"PureWater":0,"Orichalcum":4,"Empty Cage":9},{"Nunchaku":18,"Pear":85,"Vajra":71,"PreservedInsect":77,"Red Mask":55,"Whetstone":28,"PureWater":0,"Orichalcum":18,"Empty Cage":42}]},"card_choices":[{"not_picked":["SashWhip","Indignation"],"picked":"Wallop","floor":1.0},{"not_picked":["ThirdEye","Fasting2"],"picked":"Protect","floor":2.0},{"not_picked":["ClearTheMind","Consecrate"],"picked":"Wireheading","floor":4.0},{"not_picked":["Study","SashWhip"],"picked":"TalkToTheHand","floor":7.0},{"not_picked":["SandsOfTime","EmptyFist"],"picked":"WaveOfTheHand","floor":10.0},{"not_picked":["ThirdEye","Halt"],"picked":"SashWhip","floor":11.0},{"not_picked":["EmptyFist","Collect"],"picked":"Protect","floor":12.0},{"not_picked":["JustLucky","ThirdEye"],"picked":"CrushJoints","floor":13.0},{"not_picked":["Omniscience","Devotion"],"picked":"Vault","floor":16},{"not_picked":["CutThroughFate","ClearTheMind","ThirdEye"],"picked":"SKIP","floor":18},{"not_picked":["Indignation","SashWhip"],"picked":"EmptyFist+1","floor":20},{"not_picked":["SashWhip","PathToVictory"],"picked":"CutThroughFate+1","floor":21},{"not_picked":["SashWhip","Swivel+1"],"picked":"InnerPeace+1","floor":23},{"not_picked":["Swivel","ClearTheMind"],"picked":"FollowUp+1","floor":25},{"not_picked":["Wish","InnerPeace","Conclude"],"picked":"SKIP","floor":27}],"player_experience":385805,"relics_obtained":[{"floor":7.0,"key":"Orichalcum"},{"floor":9.0,"key":"Nunchaku"},{"floor":12.0,"key":"Whetstone"},{"floor":20,"key":"Red Mask"},{"floor":23,"key":"Vajra"},{"floor":26,"key":"PreservedInsect"},{"floor":27,"key":"Pear"}],"event_choices":[{"damage_healed":0.0,"max_hp_gain":0.0,"max_hp_loss":0.0,"gold_gain":0.0,"event_name":"Living Wall","player_choice":"Grow","floor":3.0,"gold_loss":0.0,"damage_taken":0.0,"cards_upgraded":["Wallop"]},{"damage_healed":0.0,"max_hp_gain":5.0,"max_hp_loss":0.0,"gold_gain":0.0,"event_name":"Big Fish","player_choice":"Donut","floor":5.0,"gold_loss":0.0,"damage_taken":0.0},{"damage_healed":0,"gold_gain":0,"player_choice":"Simplicity","damage_taken":0,"max_hp_gain":0,"max_hp_loss":0,"event_name":"Back to Basics","floor":19,"gold_loss":0,"cards_upgraded":["Defend_P","Defend_P","Defend_P","Defend_P"]},{"damage_healed":0,"gold_gain":0,"player_choice":"Fought Bandits","damage_taken":0,"max_hp_gain":0,"max_hp_loss":0,"event_name":"Masked Bandits","floor":20,"gold_loss":0}],"is_beta":false,"boss_relics":[{"not_picked":["HolyWater","Velvet Choker"],"picked":"Empty Cage"}],"items_purged_floors":[14,22],"is_endless":false,"potions_floor_spawned":[1,4,10,11,18,20],"killed_by":"Sentry and Sphere","ascension_level":12}}