{"host":"q2j4ef1ti78v4imq","time":1610975078,"event":{"mods":["AchievementEnabler","BaseMod","Better Altar","Better Match","Better Note","Better Sensory Stone","Better Skull","Better Third Choice","Block Reminder","Hermit","Minty Spire (QoL Compilation)","Relic Stats","Replay The Spire","Shade Mod","StSLib"],"gold_per_floor":[119,119,226,46,56,56,89,89,115,115,149,149,33,58,58,135,135,147,167,37,37,52,52,87,87,87,122,122,122,122],"floor_reached":29,"language":"ENG","playtime":1458,"items_purged":["Pain"],"score":523,"play_id":"6188c6d4-dff9-4080-a3d0-77d49e2bd170","local_time":"20210118130438","is_ascension_mode":true,"campfire_choices":[{"data":"Apotheosis","floor":6,"key":"SMITH"},{"floor":8,"key":"REST"},{"data":"ReplayTheSpireMod:Muscle Training","floor":10,"key":"SMITH"},{"floor":12,"key":"REST"},{"data":"Seeing Red","floor":15,"key":"SMITH"},{"floor":23,"key":"REST"},{"data":"Body Slam","floor":25,"key":"SMITH"},{"floor":28,"key":"REST"}],"circlet_count":0,"master_deck":["AscendersBane","Strike_R","Strike_R+1","Strike_R+1","Strike_R","Strike_R","Defend_R","Defend_R","Defend_R","Bash","Impervious","Armaments","Disarm","Iron Wave","Shrug It Off","Apotheosis+1","Seeing Red+1","ReplayTheSpireMod:Muscle Training+1","Reaper","Sword Boomerang","Sword Boomerang","ReplayTheSpireMod:Stacked","Feed","ReplayTheSpireMod:Muscle Training","Ghostly Armor","ReplayReversal","Flex","ReplayReversal","Warcry+1","Body Slam+1","Dual Wield"],"relics":["Burning Blood","Unceasing Top","Pet Ghost","Red Skull","Boot","SacredBark","Simple Rune","Akabeko"],"acts_visited":["Exordium","TheCity"],"potions_floor_usage":[7,11,22,24,29],"damage_taken":[{"damage":19,"enemies":"Small Slimes","floor":1,"turns":7},{"damage":9,"enemies":"Jaw Worm","floor":5,"turns":4},{"damage":39,"enemies":"3 Sentries","floor":7,"turns":9},{"damage":18,"enemies":"Replay:BlueRogue","floor":11,"turns":8},{"damage":7,"enemies":"Gremlin Nob","floor":14,"turns":4},{"damage":7,"enemies":"The Guardian","floor":16,"turns":13},{"damage":22,"enemies":"2 Thieves","floor":18,"turns":5},{"damage":22,"enemies":"Spheric Guardian","floor":19,"turns":4},{"damage":37,"enemies":"Shelled Parasite and Fungi","floor":22,"turns":5},{"damage":27,"enemies":"Book of Stabbing","floor":24,"turns":5},{"damage":15,"enemies":"Replay:Snechameleon","floor":27,"turns":6},{"damage":54,"enemies":"Slavers","floor":29,"turns":3}],"seed_played":"-8002555615754546882","potions_obtained":[{"floor":5,"key":"Explosive Potion"},{"floor":7,"key":"Energy Potion"},{"floor":11,"key":"Cursed Concoction"},{"floor":16,"key":"SpeedPotion"},{"floor":18,"key":"Explosive Potion"},{"floor":22,"key":"AttackPotion"},{"floor":27,"key":"BlessingOfTheForge"}],"is_trial":false,"path_per_floor":["M","?","?","$","M","R","E","R","T","R","E","R","$","E","R","B",null,"M","M","$","?","M","R","E","R","T","E","R","E"],"character_chosen":"IRONCLAD","items_purchased":["Apotheosis","Sword Boomerang","ReplayReversal","Flex"],"campfire_rested":4,"item_purchase_floors":[4,13,20,20],"current_hp_per_floor":[55,48,48,48,45,45,12,34,34,34,22,44,44,43,43,47,68,59,43,43,43,17,39,32,32,32,23,46,0,0],"gold":122,"neow_bonus":"ONE_RANDOM_RARE_CARD","is_daily":false,"chose_seed":false,"campfire_upgraded":4,"win_rate":0.0,"timestamp":1610975078,"path_taken":["M","?","?","$","M","R","E","R","T","R","E","R","$","E","R","BOSS","M","M","$","?","M","R","E","R","T","E","R","E"],"items_purchased_type":["Card","Card","Card","Card"],"build_version":"2020-12-22","purchased_purges":1,"victory":false,"max_hp_per_floor":[75,75,75,75,75,75,75,75,75,75,75,75,75,75,75,75,75,75,75,75,75,75,75,79,79,79,79,79,79,79],"relic_stats":{"counters":[12,73],"Boot":[23],"obtain_stats":[{"SacredBark":17,"Simple Rune":24,"Boot":14,"Burning Blood":0,"Unceasing Top":7,"Pet Ghost":9,"Red Skull":11,"Akabeko":27},{"SacredBark":6,"Simple Rune":10,"Boot":5,"Burning Blood":0,"Unceasing Top":3,"Pet Ghost":3,"Red Skull":4,"Akabeko":11},{"SacredBark":45,"Simple Rune":64,"Boot":32,"Burning Blood":0,"Unceasing Top":20,"Pet Ghost":20,"Red Skull":28,"Akabeko":70}],"Burning Blood":66,"Unceasing Top":[1]},"card_choices":[{"not_picked":["Replay:Undeath\u0027s Touch","ReplayTheSpireMod:Limb From Limb"],"picked":"Armaments","floor":1},{"not_picked":["Burning Pact","Replay:Undeath\u0027s Touch"],"picked":"Disarm","floor":3},{"not_picked":["Cleave","Body Slam"],"picked":"Iron Wave","floor":3},{"not_picked":["ReplayTheSpireMod:LeadingStrike","Anger"],"picked":"Shrug It Off","floor":3},{"not_picked":["Searing Blow","Power Through"],"picked":"Seeing Red","floor":5},{"not_picked":["ReplayTheSpireMod:Stacked","Run Through"],"picked":"ReplayTheSpireMod:Muscle Training","floor":7},{"not_picked":["Armaments","Abandon"],"picked":"Reaper","floor":11},{"not_picked":["Clothesline","Rage"],"picked":"ReplayTheSpireMod:Stacked","floor":14},{"not_picked":["Exhume","Eclipse"],"picked":"Feed","floor":16},{"not_picked":["Wild Strike","Shockwave"],"picked":"ReplayTheSpireMod:Muscle Training","floor":18},{"not_picked":["ReplayTheSpireMod:Strike From Hell","Warcry"],"picked":"Ghostly Armor","floor":19},{"not_picked":["Flame Barrier","Seeing Red"],"picked":"Warcry+1","floor":22},{"not_picked":["Iron Wave+1","Clothesline"],"picked":"Body Slam","floor":24},{"not_picked":["Blood for Blood","Massacre"],"picked":"Dual Wield","floor":27}],"player_experience":848740,"relics_obtained":[{"floor":7,"key":"Unceasing Top"},{"floor":9,"key":"Pet Ghost"},{"floor":11,"key":"Red Skull"},{"floor":14,"key":"Boot"},{"floor":24,"key":"Simple Rune"},{"floor":27,"key":"Akabeko"}],"event_choices":[{"cards_removed":["Defend_R"],"damage_healed":0,"gold_gain":0,"player_choice":"Card Removal","damage_taken":7,"max_hp_gain":0,"max_hp_loss":0,"event_name":"Golden Wing","floor":2,"gold_loss":0},{"damage_healed":0,"gold_gain":0,"player_choice":"Copied","damage_taken":0,"max_hp_gain":0,"max_hp_loss":0,"event_name":"Duplicator","floor":21,"gold_loss":0,"cards_obtained":["ReplayReversal"]}],"is_beta":false,"boss_relics":[{"not_picked":["Pandora\u0027s Box","Ectoplasm"],"picked":"SacredBark"}],"items_purged_floors":[13],"is_endless":false,"potions_floor_spawned":[5,7,11,16,18,19,22,27],"killed_by":"Slavers","ascension_level":18}}