{"host":"oigynbtg272c19pw","time":1610959419,"event":{"mods":["BaseMod","Colored Map","Minty Spire (QoL Compilation)","Relic Stats","Slay the Relics Exporter","StSLib"],"gold_per_floor":[110,11,23,23,42,76,76,111,159,190,190,205,205,225,225,225,225],"floor_reached":16,"playtime":464,"items_purged":["Strike_B"],"score":240,"play_id":"e5a081fd-0866-466e-b5f8-1897cf68554d","local_time":"20210118094339","is_ascension_mode":true,"campfire_choices":[{"floor":7,"key":"REST"},{"floor":11,"key":"REST"},{"data":"Glacier","floor":13,"key":"SMITH"},{"data":"Creative AI","floor":15,"key":"SMITH"}],"circlet_count":0,"master_deck":["AscendersBane","Strike_B","Strike_B","Strike_B","Defend_B","Defend_B","Defend_B","Defend_B","Zap","Dualcast","Genetic Algorithm","Beam Cell","Gash","Cold Snap","Compile Driver","Sunder","Creative AI+1","Glacier+1","Turbo"],"relics":["Cracked Core","NeowsBlessing","Letter Opener","Nunchaku","Vajra","Dead Branch"],"acts_visited":["Exordium"],"potions_floor_usage":[8,10,16],"damage_taken":[{"damage":0,"enemies":"Jaw Worm","floor":1,"turns":1},{"damage":0,"enemies":"Cultist","floor":3,"turns":1},{"damage":0,"enemies":"2 Louse","floor":5,"turns":1},{"damage":43,"enemies":"Lagavulin","floor":6,"turns":8},{"damage":6,"enemies":"Gremlin Nob","floor":8,"turns":3},{"damage":28,"enemies":"3 Sentries","floor":10,"turns":7},{"damage":0,"enemies":"2 Fungi Beasts","floor":12,"turns":1},{"damage":4,"enemies":"Red Slaver","floor":14,"turns":2},{"damage":43,"enemies":"Hexaghost","floor":16,"turns":9}],"seed_played":"-4081863142658676718","potions_obtained":[{"floor":1,"key":"Swift Potion"},{"floor":4,"key":"EssenceOfDarkness"},{"floor":12,"key":"Regen Potion"},{"floor":14,"key":"Explosive Potion"}],"is_trial":false,"path_per_floor":["M","$","M","?","M","E","R","E","T","E","R","M","R","M","R","B"],"character_chosen":"DEFECT","items_purchased":["Beam Cell"],"campfire_rested":2,"item_purchase_floors":[2],"current_hp_per_floor":[64,64,64,64,64,21,42,36,36,8,29,29,29,25,25,0,0],"gold":225,"neow_bonus":"THREE_ENEMY_KILL","is_daily":false,"chose_seed":false,"campfire_upgraded":2,"win_rate":0.0,"timestamp":1610959419,"path_taken":["M","$","M","?","?","E","R","E","T","E","R","M","R","M","R","BOSS"],"items_purchased_type":["Card"],"build_version":"2020-12-13","purchased_purges":1,"victory":false,"max_hp_per_floor":[71,71,71,71,71,71,71,71,71,71,71,71,71,71,71,71,71],"relic_stats":{"Nunchaku":[3],"counters":[9,33],"Dead Branch":[4],"Letter Opener":[30],"obtain_stats":[{"Nunchaku":8,"NeowsBlessing":0,"Dead Branch":10,"Vajra":9,"Letter Opener":6,"Cracked Core":0},{"Nunchaku":5,"NeowsBlessing":0,"Dead Branch":6,"Vajra":5,"Letter Opener":4,"Cracked Core":0},{"Nunchaku":14,"NeowsBlessing":0,"Dead Branch":21,"Vajra":14,"Letter Opener":11,"Cracked Core":0}]},"card_choices":[{"not_picked":["Doom and Gloom","Redo"],"picked":"Genetic Algorithm","floor":1},{"not_picked":["Redo","Barrage"],"picked":"Gash","floor":3},{"not_picked":["Self Repair","Recycle"],"picked":"Cold Snap","floor":5},{"not_picked":["Turbo","Go for the Eyes"],"picked":"Compile Driver","floor":6},{"not_picked":["Leap","Redo"],"picked":"Sunder","floor":8},{"not_picked":["Beam Cell","Go for the Eyes"],"picked":"Creative AI","floor":10},{"not_picked":["Barrage","Go for the Eyes"],"picked":"Glacier","floor":12},{"not_picked":["Redo","Compile Driver"],"picked":"Turbo","floor":14}],"player_experience":1429854,"relics_obtained":[{"floor":6,"key":"Letter Opener"},{"floor":8,"key":"Nunchaku"},{"floor":9,"key":"Vajra"},{"floor":10,"key":"Dead Branch"}],"event_choices":[{"damage_healed":0,"gold_gain":0,"player_choice":"Got Potions","damage_taken":0,"max_hp_gain":0,"max_hp_loss":0,"event_name":"Lab","floor":4,"gold_loss":0}],"is_beta":false,"boss_relics":[],"items_purged_floors":[2],"is_endless":false,"potions_floor_spawned":[1,12,14],"killed_by":"Hexaghost","ascension_level":20}}