{"host":"yn1175etg9ni8l0q","time":1610939140,"event":{"mods":["AchievementEnabler","BaseMod","Colored Map","Colored Powertips","DeckTracker","Minty Spire (QoL Compilation)","Rare Cards Sparkle","Relic Stats","SuperFastMode","everything is the same but u backflip on backflip"],"gold_per_floor":[19,19,29,29,44,44,61,95,95,105,19,33,50,62,62,162,162,179,198,215,68,80,80,80,80,80,5,104,119,129,16,16,121,121,136,136,186,197,211,244,264,282,282,282,292,292,316,331,331,331,331,331,49,75,75,75],"floor_reached":55,"language":"KOR","playtime":2619,"items_purged":["Strike_G"],"score":684,"play_id":"f6586f23-8ce8-4a03-9fb7-4f00ca1f21fa","local_time":"20210118120540","is_ascension_mode":false,"campfire_choices":[{"data":"Prepared","floor":6.0,"key":"SMITH"},{"data":"Bullet Time","floor":15.0,"key":"SMITH"},{"data":"Terror","floor":23.0,"key":"SMITH"},{"data":"Panacea","floor":25.0,"key":"SMITH"},{"data":"Calculated Gamble","floor":32.0,"key":"SMITH"},{"data":"Tactician","floor":44.0,"key":"SMITH"},{"data":"Malaise","floor":46.0,"key":"SMITH"},{"floor":49.0,"key":"RECALL"},{"data":"Neutralize","floor":52.0,"key":"SMITH"}],"circlet_count":0,"master_deck":["Defend_G+1","Defend_G","Defend_G","Survivor+1","Neutralize+1","Underhanded Strike","Bullet Time+1","Prepared+1","Underhanded Strike","Backflip","Adrenaline","Dash","Dagger Throw","Panacea+1","Predator","Terror+1","Corpse Explosion","Acrobatics+1","Calculated Gamble+1","Malaise+1","Tactician+1","Adrenaline","Well Laid Plans+1","Blur"],"relics":["Ring of the Snake","Omamori","War Paint","Empty Cage","Bag of Preparation","Frozen Egg 2","Matryoshka","Calling Bell","Snake Skull","Paper Crane","Mango","Thread and Needle","TungstenRod","CeramicFish","Kunai","Eternal Feather"],"acts_visited":["Exordium","TheCity","TheBeyond","TheEnding"],"potions_floor_usage":[55,55,55],"damage_taken":[{"damage":5.0,"enemies":"Small Slimes","floor":1.0,"turns":4.0},{"damage":2.0,"enemies":"Jaw Worm","floor":3.0,"turns":3.0},{"damage":0.0,"enemies":"2 Louse","floor":5.0,"turns":2.0},{"damage":0.0,"enemies":"2 Fungi Beasts","floor":7.0,"turns":3.0},{"damage":24.0,"enemies":"Gremlin Nob","floor":8.0,"turns":5.0},{"damage":0.0,"enemies":"Blue Slaver","floor":10.0,"turns":2.0},{"damage":0.0,"enemies":"Looter","floor":12.0,"turns":3.0},{"damage":0.0,"enemies":"Large Slime","floor":13.0,"turns":3.0},{"damage":0.0,"enemies":"Exordium Thugs","floor":14.0,"turns":3.0},{"damage":8.0,"enemies":"Hexaghost","floor":16.0,"turns":8.0},{"damage":12.0,"enemies":"2 Thieves","floor":18.0,"turns":3.0},{"damage":0.0,"enemies":"Chosen","floor":19.0,"turns":3.0},{"damage":12.0,"enemies":"Shelled Parasite and Fungi","floor":20.0,"turns":6.0},{"damage":7.0,"enemies":"Chosen and Byrds","floor":22.0,"turns":5.0},{"damage":0.0,"enemies":"3 Cultists","floor":29.0,"turns":2.0},{"damage":0.0,"enemies":"Centurion and Healer","floor":30.0,"turns":2.0},{"damage":25.0,"enemies":"Automaton","floor":33.0,"turns":8.0},{"damage":0.0,"enemies":"3 Shapes","floor":35.0,"turns":1.0},{"damage":13.0,"enemies":"Mind Bloom Boss Battle","floor":37.0,"turns":8.0},{"damage":0.0,"enemies":"3 Darklings","floor":38.0,"turns":1.0},{"damage":0.0,"enemies":"Maw","floor":39.0,"turns":6.0},{"damage":1.0,"enemies":"Nemesis","floor":40.0,"turns":7.0},{"damage":0.0,"enemies":"Sphere and 2 Shapes","floor":41.0,"turns":3.0},{"damage":0.0,"enemies":"4 Shapes","floor":42.0,"turns":2.0},{"damage":3.0,"enemies":"Writhing Mass","floor":45.0,"turns":5.0},{"damage":0.0,"enemies":"Spire Growth","floor":47.0,"turns":4.0},{"damage":0.0,"enemies":"4 Shapes","floor":48.0,"turns":2.0},{"damage":40.0,"enemies":"Time Eater","floor":50.0,"turns":16.0},{"damage":8,"enemies":"Shield and Spear","floor":54,"turns":4},{"damage":82,"enemies":"The Heart","floor":55,"turns":14}],"seed_played":"5050694970767778809","potions_obtained":[{"floor":3.0,"key":"Weak Potion"},{"floor":5.0,"key":"ColorlessPotion"},{"floor":10.0,"key":"CunningPotion"},{"floor":12.0,"key":"ColorlessPotion"},{"floor":14.0,"key":"FearPotion"},{"floor":19.0,"key":"Dexterity Potion"}],"is_trial":false,"path_per_floor":["M","$","M","?","M","R","M","E","T","M","$","M","M","M","R","B",null,"M","M","M","$","M","R","?","R","T","?","?","M","M","$","R","B",null,"M","?","?","M","M","E","M","M","T","R","M","R","M","M","R","B",null,"R","$","E","B"],"character_chosen":"THE_SILENT","items_purchased":["Panacea","Bag of Preparation","Calculated Gamble","Kunai","Blur"],"campfire_rested":0,"item_purchase_floors":[11,21,31,53,53],"current_hp_per_floor":[65,65,63,63,63,63,63,39,39,39,39,39,39,39,39,31,70,58,58,46,46,39,39,39,39,39,39,39,39,39,39,39,14,84,84,80,67,67,67,66,66,66,66,66,63,63,63,63,63,23,80,80,80,72,0,0],"gold":75,"neow_bonus":"TRANSFORM_TWO_CARDS","is_daily":false,"chose_seed":false,"campfire_upgraded":8,"win_rate":0.0,"timestamp":1610939140,"path_taken":["M","$","M","?","M","R","M","E","T","M","$","M","M","M","R","BOSS","M","M","M","$","M","R","?","R","T","?","?","M","M","?","R","BOSS","M","?","?","M","M","E","M","M","T","R","M","R","M","M","R","BOSS","R","$","E","BOSS"],"items_purchased_type":["Card","Relic","Card","Relic","Card"],"build_version":"2020-12-22","purchased_purges":1,"victory":false,"max_hp_per_floor":[70,70,70,70,70,70,70,70,70,70,70,70,70,70,70,70,70,70,70,70,70,70,70,70,70,70,70,70,70,70,70,70,70,84,84,80,80,80,80,80,80,80,80,80,80,80,80,80,80,80,80,80,80,80,80,80],"relic_stats":{"counters":[30,138],"CeramicFish":18,"Eternal Feather":0,"Snake Skull":[16],"Bag of Preparation":[34],"Kunai":[11],"War Paint":["Survivor","Defend_G"],"obtain_stats":[{"CeramicFish":43,"Mango":34,"Thread and Needle":37,"Eternal Feather":54,"Snake Skull":34,"Omamori":8,"Bag of Preparation":21,"War Paint":9,"Frozen Egg 2":24,"Paper Crane":34,"Empty Cage":17,"Calling Bell":34,"Matryoshka":26,"Kunai":53,"TungstenRod":40,"Ring of the Snake":0},{"CeramicFish":24,"Mango":17,"Thread and Needle":19,"Eternal Feather":29,"Snake Skull":17,"Omamori":5,"Bag of Preparation":13,"War Paint":5,"Frozen Egg 2":14,"Paper Crane":17,"Empty Cage":10,"Calling Bell":17,"Matryoshka":14,"Kunai":28,"TungstenRod":22,"Ring of the Snake":0},{"CeramicFish":93,"Mango":65,"Thread and Needle":74,"Eternal Feather":124,"Snake Skull":65,"Omamori":17,"Bag of Preparation":48,"War Paint":17,"Frozen Egg 2":53,"Paper Crane":65,"Empty Cage":36,"Calling Bell":65,"Matryoshka":53,"Kunai":120,"TungstenRod":88,"Ring of the Snake":0}],"TungstenRod":21,"Ring of the Snake":[60]},"card_choices":[{"not_picked":["Bane","Poisoned Stab"],"picked":"Prepared","floor":1.0},{"not_picked":["Sucker Punch","Wraith Form v2"],"picked":"Underhanded Strike","floor":3.0},{"not_picked":["Sucker Punch","Flying Knee"],"picked":"Backflip","floor":5.0},{"not_picked":["Tactician","Underhanded Strike"],"picked":"Adrenaline","floor":7.0},{"not_picked":["Dagger Spray","Deadly Poison"],"picked":"Dash","floor":8.0},{"not_picked":["Caltrops","Catalyst"],"picked":"Dagger Throw","floor":10.0},{"not_picked":["Crippling Poison","Dagger Throw","Sucker Punch"],"picked":"SKIP","floor":12.0},{"not_picked":["Blur","Bane"],"picked":"Predator","floor":13.0},{"not_picked":["Slice","Dagger Throw"],"picked":"Terror","floor":14.0},{"not_picked":["Wraith Form v2","Venomology"],"picked":"Corpse Explosion","floor":16.0},{"not_picked":["PiercingWail","Sucker Punch","Blade Dance"],"picked":"SKIP","floor":18.0},{"not_picked":["Dodge and Roll","Bouncing Flask","Cloak And Dagger"],"picked":"SKIP","floor":19.0},{"not_picked":["Leg Sweep","Prepared","Deflect+1"],"picked":"SKIP","floor":20.0},{"not_picked":["Deadly Poison","Blade Dance","Quick Slash"],"picked":"SKIP","floor":22.0},{"not_picked":["Backflip","Flechettes","Prepared+1"],"picked":"SKIP","floor":29.0},{"not_picked":["Dagger Spray","Skewer"],"picked":"Acrobatics+1","floor":30.0},{"not_picked":["Die Die Die","Corpse Explosion"],"picked":"Malaise","floor":33.0},{"not_picked":["Underhanded Strike+1","Dagger Spray"],"picked":"Tactician","floor":35.0},{"not_picked":["Dodge and Roll","Prepared"],"picked":"Adrenaline","floor":38.0},{"not_picked":["Predator","Backflip","Flying Knee"],"picked":"SKIP","floor":39.0},{"not_picked":["Riddle With Holes","Flying Knee+1","Deflect"],"picked":"SKIP","floor":40.0},{"not_picked":["Bane","Deflect","Dodge and Roll"],"picked":"SKIP","floor":41.0},{"not_picked":["Flying Knee","Poisoned Stab+1","Dagger Throw+1"],"picked":"SKIP","floor":42.0},{"not_picked":["Blade Dance+1","Leg Sweep+1","Predator"],"picked":"SKIP","floor":45.0},{"not_picked":["Backflip+1","Riddle With Holes+1"],"picked":"Well Laid Plans+1","floor":47.0},{"not_picked":["Dagger Throw","Well Laid Plans+1","Quick Slash"],"picked":"SKIP","floor":48.0},{"not_picked":["Doppelganger","Choke","Sucker Punch"],"picked":"SKIP","floor":54}],"player_experience":337568,"relics_obtained":[{"floor":8.0,"key":"Omamori"},{"floor":9.0,"key":"War Paint"},{"floor":26.0,"key":"Matryoshka"},{"floor":34.0,"key":"Snake Skull"},{"floor":34.0,"key":"Paper Crane"},{"floor":34.0,"key":"Mango"},{"floor":37.0,"key":"Thread and Needle"},{"floor":40.0,"key":"TungstenRod"},{"floor":43.0,"key":"CeramicFish"},{"floor":54,"key":"Eternal Feather"}],"event_choices":[{"cards_removed":["Strike_G"],"damage_healed":0.0,"max_hp_gain":0.0,"max_hp_loss":0.0,"gold_gain":0.0,"event_name":"Living Wall","player_choice":"Forget","floor":4.0,"gold_loss":0.0,"damage_taken":0.0},{"damage_healed":0.0,"max_hp_gain":0.0,"max_hp_loss":0.0,"gold_gain":0.0,"event_name":"The Mausoleum","player_choice":"Opened","floor":24.0,"gold_loss":0.0,"damage_taken":0.0,"relics_obtained":["Frozen Egg 2"]},{"cards_removed":["Strike_G"],"damage_healed":0.0,"max_hp_gain":0.0,"max_hp_loss":0.0,"gold_gain":0.0,"event_name":"Beggar","player_choice":"Gave Gold","floor":27.0,"gold_loss":75.0,"damage_taken":0.0},{"damage_healed":0.0,"max_hp_gain":0.0,"max_hp_loss":0.0,"gold_gain":99.0,"event_name":"Nest","player_choice":"Stole From Cult","floor":28.0,"gold_loss":0.0,"damage_taken":0.0},{"damage_healed":0.0,"max_hp_gain":0.0,"max_hp_loss":4.0,"gold_gain":0.0,"event_name":"Winding Halls","player_choice":"Max HP","floor":36.0,"gold_loss":0.0,"damage_taken":0.0},{"damage_healed":0.0,"max_hp_gain":0.0,"max_hp_loss":0.0,"gold_gain":0.0,"event_name":"MindBloom","player_choice":"Fight","floor":37.0,"gold_loss":0.0,"damage_taken":0.0}],"is_beta":false,"boss_relics":[{"not_picked":["Ring of the Serpent","Coffee Dripper"],"picked":"Empty Cage"},{"not_picked":["Philosopher\u0027s Stone","Black Star"],"picked":"Calling Bell"}],"items_purged_floors":[31],"is_endless":false,"potions_floor_spawned":[3,5,10,12,13,14,19,20,22,37,38,39],"killed_by":"The Heart","ascension_level":0}}