{"host":"x2bb8tnu3h3a650h","time":1610971104,"event":{"mods":["AchievementEnabler","Aspiration","BaseMod","BetterRewards","Colored Map","Conspire","Defuse TimeMaze Blight","Energized Spire","Halation","Hermit","Highlight Path","Hubris","Infinite Spire","Mimic Mod","Minty Spire (QoL Compilation)","Permanent Neow","Rare Cards Sparkle","Replay The Spire","Shop Mod","Spicy Shops","StSLib","The Cursed","The Jungle","Wandering Minibosses","vexMod"],"gold_per_floor":[213,213,226,226,226,256,4,4,4,19,47,67,67,90,90,90,90],"floor_reached":16,"language":"ENG","playtime":642,"items_purged":[],"score":119,"play_id":"66166eb0-c37e-44b2-987b-065635f6b272","local_time":"20210118115824","is_ascension_mode":true,"campfire_choices":[{"floor":8,"key":"REST"},{"data":"hermit:Determination","floor":13,"key":"SMITH"},{"floor":15,"key":"REST"}],"circlet_count":0,"master_deck":["hermit:Strike_Hermit","hermit:Strike_Hermit","hermit:Strike_Hermit","hermit:Strike_Hermit","hermit:Defend_Hermit","hermit:Defend_Hermit","hermit:Defend_Hermit","hermit:Defend_Hermit","hermit:Snapshot","hermit:Covet","hermit:Deadeye","Injury","hermit:Determination","hermit:Determination+1","hermit:RoundhouseKick+1"],"relics":["hermit:Momento","Molten Egg 2","hubris:CuriousFeather","halation:Toothbrush","hubris:BottledRain","Potion Belt"],"acts_visited":["Exordium"],"potions_floor_usage":[6,11,11,16],"damage_taken":[{"damage":1,"enemies":"Cultist","floor":1,"turns":3},{"damage":5,"enemies":"Small Slimes","floor":3,"turns":3},{"damage":21,"enemies":"Replay:BlueRogue","floor":6,"turns":7},{"damage":1,"enemies":"2 Louse","floor":10,"turns":5},{"damage":17,"enemies":"Gremlin Nob","floor":11,"turns":4},{"damage":12,"enemies":"Looter","floor":12,"turns":3},{"damage":68,"enemies":"The Guardian","floor":16,"turns":13}],"seed_played":"1327712193787656245","potions_obtained":[{"floor":3,"key":"Dexterity Potion"},{"floor":6,"key":"SneckoOil"},{"floor":10,"key":"LiquidMemories"},{"floor":12,"key":"Cursed Concoction"}],"is_trial":false,"path_per_floor":["M","?","M","?","?","E","$","R","T","M","E","M","R","T","R_BF","B"],"character_chosen":"HERMIT","items_purchased":["halation:Toothbrush"],"campfire_rested":2,"item_purchase_floors":[7],"current_hp_per_floor":[74,74,69,69,57,36,36,73,73,72,55,43,43,43,65,0,0],"gold":90,"neow_bonus":"HUNDRED_GOLD","is_daily":false,"chose_seed":false,"campfire_upgraded":1,"win_rate":0.0,"timestamp":1610971104,"path_taken":["M","?","M","?","?","E","$","R","T","M","E","M","R","?","R_BF","BOSS"],"items_purchased_type":["Relic"],"build_version":"2020-12-22","purchased_purges":0,"victory":false,"max_hp_per_floor":[75,75,75,75,75,75,75,75,75,75,75,75,75,75,75,75,75],"card_choices":[{"not_picked":["hermit:Desperado","hermit:Brawl"],"picked":"hermit:Deadeye","floor":1},{"not_picked":["hermit:CalledShot+1","hermit:DeadMansHand","hermit:TrackingShot+1"],"picked":"SKIP","floor":3},{"not_picked":["hermit:Headshot+1","hermit:Desperado+1","hermit:NoHoldsBarred+1"],"picked":"SKIP","floor":6},{"not_picked":["hermit:Misfire+1","hermit:TakeCover"],"picked":"hermit:Determination","floor":10},{"not_picked":["hermit:LoneWolf","hermit:Purgatory+1"],"picked":"hermit:RoundhouseKick+1","floor":11},{"not_picked":["hermit:HoleUp","hermit:Combo","hermit:Manifest"],"picked":"SKIP","floor":12}],"player_experience":557096,"relics_obtained":[{"floor":6,"key":"hubris:CuriousFeather"},{"floor":9,"key":"hubris:BottledRain"},{"floor":14,"key":"Potion Belt"}],"event_choices":[{"damage_healed":0,"gold_gain":0,"player_choice":"Success","damage_taken":12,"relics_obtained":["Regal Pillow"],"max_hp_gain":0,"max_hp_loss":0,"event_name":"Scrap Ooze","floor":5,"gold_loss":0}],"is_beta":false,"boss_relics":[],"items_purged_floors":[],"is_endless":false,"potions_floor_spawned":[3,6,10,12],"killed_by":"The Guardian","ascension_level":2}}