{"host":"ttx8tv95o5vka1nm","time":1610947483,"event":{"mods":["AchievementEnabler","BaseMod","Colored Map","Downfall","Infinite Spire","Minty Spire (QoL Compilation)","Shop Mod","StSLib","The Jungle"],"gold_per_floor":[99,114,132,145,6,31,31,31,45,107,121,132,132,144,158,260,260,260,274,294,294,294,328,328,340,240,51,62,62,73,83,101,204,204,204,221,221,221],"floor_reached":37,"language":"ENG","playtime":5739,"items_purged":["bronze:Defend","bronze:Strike"],"score":572,"play_id":"e9edfc5a-32ac-4198-bd4a-26df10705ad2","local_time":"20210118152443","is_ascension_mode":false,"campfire_choices":[{"data":"bronze:Replicate","floor":1,"key":"SMITH"},{"data":"bronze:Boost","floor":8,"key":"SMITH"},{"data":"bronze:Invalidate","floor":13,"key":"SMITH"},{"data":"bronze:Philosophize","floor":18,"key":"SMITH"},{"floor":26,"key":"REST"},{"data":"bronze:BuggyMess","floor":35,"key":"SMITH"}],"circlet_count":0,"master_deck":["bronze:Strike","bronze:Defend","bronze:Defend","bronze:Replicate+1","bronze:Goto","bronze:BronzeArmor","bronze:DelayedSlice","bronze:Boost+1","bronze:Safeguard","bronze:Iterate","bronze:FollowUp","bronze:BuggyMess+1","bronze:FineTuning","bronze:DelayedSlice+1","bronze:Invalidate+1","bronze:Terminator","bronze:Philosophize+1","bronze:HardenedForm","bronze:Boost+1","bronze:Frontload+1","bronze:AlphaBuild+1","bronze:Branch+1","bronze:Deprecate+1","bronze:ForceShield","bronze:DelayedSlice+1","bronze:FineTuning","bronze:ClassDefault","bronze:ClassDefault","bronze:DelayedSlice+1","bronze:CleanCode","bronze:Branch+1","bronze:Virus+1","bronze:ChildClass+1"],"relics":["Incense Burner","Molten Egg 2","infinitespire:FocusingShard","bronze:PlatinumCore","Mummified Hand","TungstenRod","downfall:HeartBlessingGreen","MerchantsRug","SlaversCollar"],"acts_visited":["Exordium","TheCity","TheBeyond"],"potions_floor_usage":[6,10,19,25,37,37],"damage_taken":[{"damage":4,"enemies":"Small Slimes","floor":2,"turns":4},{"damage":0,"enemies":"2 Louse","floor":3,"turns":3},{"damage":1,"enemies":"Jaw Worm","floor":4,"turns":3},{"damage":5,"enemies":"downfall:FleeingMerchant","floor":5,"turns":4},{"damage":3,"enemies":"Lagavulin","floor":6,"turns":6},{"damage":0,"enemies":"Blue Slaver","floor":9,"turns":3},{"damage":3,"enemies":"Gremlin Nob","floor":10,"turns":3},{"damage":0,"enemies":"2 Fungi Beasts","floor":11,"turns":2},{"damage":0,"enemies":"Red Slaver","floor":12,"turns":3},{"damage":1,"enemies":"3 Louse","floor":14,"turns":3},{"damage":5,"enemies":"Exordium Thugs","floor":15,"turns":3},{"damage":23,"enemies":"WA_ARCHETYPE_RETAIN","floor":16,"turns":5},{"damage":2,"enemies":"3 Byrds","floor":19,"turns":5},{"damage":0,"enemies":"Sentry and Sphere","floor":20,"turns":4},{"damage":43,"enemies":"Nightmare","floor":23,"turns":7},{"damage":5,"enemies":"3 Cultists","floor":25,"turns":5},{"damage":0,"enemies":"downfall:FleeingMerchant","floor":27,"turns":4},{"damage":0,"enemies":"Centurion and Healer","floor":28,"turns":3},{"damage":1,"enemies":"Shelled Parasite and Fungi","floor":30,"turns":5},{"damage":0,"enemies":"3 Cultists","floor":31,"turns":5},{"damage":2,"enemies":"Centurion and Healer","floor":32,"turns":4},{"damage":8,"enemies":"DF_ARCHETYPE_CLAW","floor":33,"turns":7},{"damage":12,"enemies":"3 Shapes","floor":36,"turns":3},{"damage":0,"enemies":"infinitespire:Three Voidlings","floor":37,"turns":4},{"damage":77,"enemies":"Nightmare_Alpha","floor":37,"turns":11}],"seed_played":"-4217203143091626554","potions_obtained":[{"floor":2,"key":"Block Potion"},{"floor":3,"key":"SmokeBomb"},{"floor":6,"key":"AttackPotion"},{"floor":11,"key":"BlessingOfTheForge"},{"floor":15,"key":"LiquidMemories"},{"floor":23,"key":"Explosive Potion"},{"floor":28,"key":"bronze:FreeFunctionsPotion"},{"floor":30,"key":"ColorlessPotion"},{"floor":31,"key":"Regen Potion"}],"is_trial":false,"path_per_floor":["R","M","M","M","$","E","T","R","M","?","M","M","R","M","M","B",null,"R","M","M","AVR","?","NM","T","M","R","$","M","?","M","M","M","B",null,"R","M","?"],"character_chosen":"THE_AUTOMATON","items_purchased":["bronze:Iterate","MerchantsRug","bronze:ClassDefault"],"campfire_rested":1,"item_purchase_floors":[5,27,27],"current_hp_per_floor":[77,73,73,72,67,64,64,64,64,61,61,61,61,60,55,32,77,77,75,75,75,75,32,32,27,50,50,50,50,49,49,47,39,77,77,65,0,0],"gold":221,"neow_bonus":"TEN_PERCENT_HP_BONUS","is_daily":false,"chose_seed":false,"campfire_upgraded":5,"win_rate":0.0,"timestamp":1610947483,"path_taken":["R","M","M","M","$","E","T","R","M","?","M","M","R","M","M","BOSS","R","M","M","AVR","?","NM","T","M","R","$","M","?","M","M","M","BOSS","R","M","?"],"items_purchased_type":["Card","Relic","Card"],"build_version":"2020-12-22","purchased_purges":2,"victory":false,"max_hp_per_floor":[77,77,77,77,77,77,77,77,77,77,77,77,77,77,77,77,77,77,77,77,77,77,77,77,77,77,77,77,77,77,77,77,77,77,77,77,77,77],"card_choices":[{"not_picked":["bronze:Iterate","bronze:NullPointer"],"picked":"bronze:BronzeArmor","floor":2},{"not_picked":["bronze:Repulsor","bronze:BugBarrage"],"picked":"bronze:DelayedSlice","floor":3},{"not_picked":["bronze:GetLatest","bronze:ItsAFeature"],"picked":"bronze:Boost","floor":4},{"not_picked":["bronze:Boost","bronze:BugBarrage"],"picked":"bronze:Safeguard","floor":5},{"not_picked":["bronze:BugBarrage","bronze:DelayedSlice"],"picked":"bronze:FollowUp","floor":6},{"not_picked":["bronze:Safeguard","bronze:Backtrace+1"],"picked":"bronze:BuggyMess","floor":9},{"not_picked":["bronze:BronzeArmor","bronze:BitShift"],"picked":"bronze:FineTuning","floor":10},{"not_picked":["bronze:BitShift","bronze:ThunderWave+1"],"picked":"bronze:DelayedSlice+1","floor":11},{"not_picked":["bronze:GetLatest","bronze:Separator+1"],"picked":"bronze:Invalidate","floor":12},{"not_picked":["bronze:Invalidate","bronze:Iterate+1"],"picked":"bronze:Terminator","floor":14},{"not_picked":["bronze:Overheat+1","bronze:Shield"],"picked":"bronze:Philosophize","floor":15},{"not_picked":["bronze:ShipIt+1","bronze:SpaghettiCode"],"picked":"bronze:HardenedForm","floor":16},{"not_picked":["bronze:Optimize","bronze:Constructor"],"picked":"bronze:Branch+1","floor":19},{"not_picked":["bronze:Backtrace+1","bronze:DelayedSlice+1"],"picked":"bronze:Deprecate+1","floor":20},{"not_picked":["bronze:Virus+1","bronze:Terminator"],"picked":"bronze:ForceShield","floor":23},{"not_picked":["bronze:FineTuning","bronze:Shield"],"picked":"bronze:DelayedSlice+1","floor":25},{"not_picked":["bronze:CutThrough+1","bronze:BugBarrage+1"],"picked":"bronze:FineTuning","floor":27},{"not_picked":["bronze:BitShift","bronze:FineTuning"],"picked":"bronze:ClassDefault","floor":28},{"not_picked":["bronze:Branch+1","bronze:FineTuning"],"picked":"bronze:DelayedSlice+1","floor":30},{"not_picked":["bronze:DigitalCarnage+1","bronze:Return"],"picked":"bronze:CleanCode","floor":31},{"not_picked":["bronze:WildBeam+1","bronze:Overheat+1"],"picked":"bronze:Branch+1","floor":32},{"not_picked":["bronze:ShipIt+1","bronze:Break+1"],"picked":"bronze:Virus+1","floor":33},{"not_picked":["bronze:DelayedGuard+1","bronze:Boost"],"picked":"bronze:ChildClass+1","floor":36}],"player_experience":704748,"relics_obtained":[{"floor":6,"key":"Incense Burner"},{"floor":7,"key":"Molten Egg 2"},{"floor":10,"key":"infinitespire:FocusingShard"},{"floor":23,"key":"Mummified Hand"},{"floor":24,"key":"TungstenRod"}],"event_choices":[{"damage_healed":0,"gold_gain":0,"player_choice":"Ignored","damage_taken":0,"max_hp_gain":0,"max_hp_loss":0,"event_name":"Vampires","floor":22,"gold_loss":0}],"is_beta":false,"boss_relics":[{"not_picked":["Snecko Eye","Empty Cage"],"picked":"Astrolabe"},{"not_picked":["Velvet Choker","Tiny House"],"picked":"SlaversCollar"}],"items_purged_floors":[5,27],"is_endless":true,"potions_floor_spawned":[2,3,6,11,15,23,28,30,31],"killed_by":"Nightmare_Alpha","ascension_level":0}}