{"host":"i7jfea87xc8lz16p","time":1610974418,"event":{"mods":["AchievementEnabler","BaseMod","Colored Powertips","Minty Spire (QoL Compilation)","Relic Stats"],"gold_per_floor":[212,108,108,121,135,135,152,152,175,175,206,206,238,250,250,321,321,331,331,29,44,44,44],"floor_reached":22,"language":"ENG","playtime":575,"items_purged":["Strike_B","Strike_B"],"score":438,"play_id":"2b8176de-0ec6-47b9-a763-b2b8902e23f2","local_time":"20210118135338","is_ascension_mode":true,"campfire_choices":[{"data":"Rebound","floor":6,"key":"SMITH"},{"data":"Hello World","floor":8,"key":"SMITH"},{"floor":12,"key":"REST"},{"floor":15,"key":"REST"}],"circlet_count":0,"master_deck":["AscendersBane","Strike_B","Strike_B","Defend_B","Defend_B","Defend_B","Defend_B","Zap","Dualcast","Doom and Gloom+1","Conserve Battery","Rebound+1","Hello World+1","Defragment","Ball Lightning","Ball Lightning","Buffer","Hologram","Loop","Conserve Battery+1"],"relics":["Cracked Core","PreservedInsect","Potion Belt","Nunchaku","Cursed Key","Anchor"],"acts_visited":["Exordium","TheCity"],"potions_floor_usage":[11,13],"damage_taken":[{"damage":15,"enemies":"Small Slimes","floor":1,"turns":3},{"damage":6,"enemies":"Cultist","floor":4,"turns":3},{"damage":5,"enemies":"Jaw Worm","floor":5,"turns":3},{"damage":8,"enemies":"Large Slime","floor":7,"turns":4},{"damage":0,"enemies":"Lagavulin","floor":11,"turns":3},{"damage":11,"enemies":"Gremlin Nob","floor":13,"turns":3},{"damage":9,"enemies":"Red Slaver","floor":14,"turns":3},{"damage":18,"enemies":"Slime Boss","floor":16,"turns":6},{"damage":24,"enemies":"Shell Parasite","floor":18,"turns":6},{"damage":19,"enemies":"Spheric Guardian","floor":21,"turns":4},{"damage":21,"enemies":"Cultist and Chosen","floor":22,"turns":3}],"seed_played":"-6850034690238741496","potions_obtained":[{"floor":1,"key":"LiquidBronze"},{"floor":7,"key":"Fire Potion"},{"floor":11,"key":"FearPotion"},{"floor":16,"key":"Explosive Potion"},{"floor":18,"key":"Weak Potion"}],"is_trial":false,"path_per_floor":["M","$","?","M","M","R","M","R","T","?","E","R","E","M","R","B",null,"M","?","$","M","M"],"character_chosen":"DEFECT","items_purchased":["Conserve Battery","Anchor","Loop"],"campfire_rested":2,"item_purchase_floors":[2,20,20],"current_hp_per_floor":[49,49,49,43,38,38,30,30,30,30,30,51,40,31,52,34,62,38,38,38,19,0,0],"gold":44,"neow_bonus":"HUNDRED_GOLD","is_daily":false,"chose_seed":false,"campfire_upgraded":2,"win_rate":0.0,"timestamp":1610974418,"path_taken":["M","$","?","M","M","R","?","R","T","?","E","R","E","M","R","BOSS","M","?","$","M","?"],"items_purchased_type":["Card","Relic","Card"],"build_version":"2020-12-22","purchased_purges":2,"victory":false,"max_hp_per_floor":[71,71,71,71,71,71,71,71,71,71,71,71,71,71,71,71,71,71,71,71,71,71,71],"relic_stats":{"Nunchaku":[4],"counters":[11,41],"PreservedInsect":52,"Cursed Key":0,"obtain_stats":[{"Potion Belt":11,"Nunchaku":13,"Anchor":20,"PreservedInsect":9,"Cracked Core":0,"Cursed Key":17},{"Potion Belt":5,"Nunchaku":6,"Anchor":9,"PreservedInsect":4,"Cracked Core":0,"Cursed Key":8},{"Potion Belt":16,"Nunchaku":19,"Anchor":34,"PreservedInsect":13,"Cracked Core":0,"Cursed Key":28}]},"card_choices":[{"not_picked":["Steam","Coolheaded"],"picked":"Doom and Gloom","floor":1},{"not_picked":["Sweeping Beam","Storm"],"picked":"Rebound","floor":4},{"not_picked":["Storm","Stack"],"picked":"Hello World","floor":5},{"not_picked":["Heatsinks","Turbo","Redo"],"picked":"SKIP","floor":7},{"not_picked":["Seek","Heatsinks"],"picked":"Defragment","floor":11},{"not_picked":["Echo Form","Redo"],"picked":"Ball Lightning","floor":13},{"not_picked":["Leap","Barrage"],"picked":"Ball Lightning","floor":14},{"not_picked":["Reboot","Multi-Cast"],"picked":"Buffer","floor":16},{"not_picked":["Beam Cell","Darkness"],"picked":"Hologram","floor":18},{"not_picked":["Steam","Fusion"],"picked":"Conserve Battery+1","floor":21}],"player_experience":1809851,"relics_obtained":[{"floor":9,"key":"PreservedInsect"},{"floor":11,"key":"Potion Belt"},{"floor":13,"key":"Nunchaku"}],"event_choices":[{"damage_healed":0,"gold_gain":0,"player_choice":"Upgraded","damage_taken":0,"max_hp_gain":0,"max_hp_loss":0,"event_name":"Upgrade Shrine","floor":3,"gold_loss":0,"cards_upgraded":["Doom and Gloom"]},{"damage_healed":0,"gold_gain":0,"player_choice":"Ignored","damage_taken":0,"max_hp_gain":0,"max_hp_loss":0,"event_name":"Shining Light","floor":10,"gold_loss":0},{"damage_healed":0,"gold_gain":0,"player_choice":"Ignored","damage_taken":0,"max_hp_gain":0,"max_hp_loss":0,"event_name":"N\u0027loth","floor":19,"gold_loss":0}],"is_beta":false,"boss_relics":[{"not_picked":["Runic Dome","SlaversCollar"],"picked":"Cursed Key"}],"items_purged_floors":[2,20],"is_endless":false,"potions_floor_spawned":[1,7,11,16,18],"killed_by":"Cultist and Chosen","ascension_level":20}}