{"host":"wyloba13dxa5qu9d","time":1610983318,"event":{"mods":["100% Spire Juice","AchievementEnabler","BaseMod","Colored Map","Colored Powertips","Downfall","Lobotomy","Marked Mod","Minty Spire (QoL Compilation)","Quick Restart","StSLib","SuperFastMode"],"gold_per_floor":[112,112,60,71,91,91,121,56,56,73,73,73,92,111,111,213,93,109,109,5,23,43,43,43,43,43],"floor_reached":25,"language":"ZHS","playtime":1378,"items_purged":[],"score":280,"play_id":"27f4c7b4-2fc6-4c1c-9608-4ee0d31d2f7d","local_time":"20210118232158","is_ascension_mode":false,"campfire_choices":[{"floor":6.0,"key":"REST"},{"floor":11.0,"key":"REST"},{"floor":15.0,"key":"REST"},{"floor":23,"key":"REST"}],"circlet_count":0,"master_deck":["Moonworks:Strike","Moonworks:Strike","Moonworks:Strike","Moonworks:Strike","Moonworks:Defend","Moonworks:Defend","Moonworks:Defend","Moonworks:Ambush","Moonworks:LongDistanceShot","OldLady","Moonworks:DeployBits","Moonworks:CloudOfSeagulls","GreedKing","Moonworks:NicePresent","Moonworks:CloudOfSeagulls","Moonworks:EvilSpyWorkPreparation","Moonworks:LulusLuckyEgg","Moonworks:LuckyCharm","Moonworks:LulusLuckyEgg","Moonworks:MeltingMemories","Moonworks:LulusLuckyEgg+1","Moonworks:NicePresent","Moonworks:LulusLuckyEgg","Moonworks:JonathanRush"],"relics":["Moonworks:BrokenBomb","Moonworks:Homemark","CogitoBucket","Unceasing Top","LuminousBracelet","SlaversCollar","AspirationHeart"],"acts_visited":["Exordium","TheCity"],"potions_floor_usage":[],"damage_taken":[{"damage":7.0,"enemies":"Small Slimes","floor":1.0,"turns":3.0},{"damage":15.0,"enemies":"Jaw Worm","floor":4.0,"turns":3.0},{"damage":3.0,"enemies":"Cultist","floor":5.0,"turns":3.0},{"damage":21.0,"enemies":"3 Sentries","floor":7.0,"turns":7.0},{"damage":2.0,"enemies":"Blue Slaver","floor":10.0,"turns":5.0},{"damage":35.0,"enemies":"2 Fungi Beasts","floor":13.0,"turns":6.0},{"damage":13.0,"enemies":"3 Louse","floor":14.0,"turns":3.0},{"damage":23.0,"enemies":"Hexaghost","floor":16.0,"turns":8.0},{"damage":29.0,"enemies":"Chosen","floor":18.0,"turns":5.0},{"damage":15.0,"enemies":"2 Thieves","floor":20.0,"turns":4.0},{"damage":41.0,"enemies":"Centurion and Healer","floor":21.0,"turns":7.0},{"damage":28,"enemies":"Snake Plant","floor":22,"turns":7},{"damage":50,"enemies":"Gremlin Leader","floor":25,"turns":3}],"seed_played":"-5875566969610908633","potions_obtained":[{"floor":4.0,"key":"FearPotion"},{"floor":7.0,"key":"Fire Potion"},{"floor":13.0,"key":"Swift Potion"}],"is_trial":false,"path_per_floor":["M","?","$","M","M","R","E","?","T","M","R","?","M","M","R","B",null,"M","?","M","M","M","R","?","E"],"character_chosen":"THE_STARBREAKER","items_purchased":["Moonworks:CloudOfSeagulls"],"campfire_rested":4,"item_purchase_floors":[3],"current_hp_per_floor":[53,58,58,43,40,59,38,38,38,36,55,55,35,24,48,38,80,56,56,44,38,20,47,47,0,0],"gold":43,"neow_bonus":"","is_daily":false,"chose_seed":false,"campfire_upgraded":0,"win_rate":0.0,"timestamp":1610983318,"path_taken":["M","?","$","M","M","R","E","?","T","M","R","?","M","M","R","BOSS","M","?","M","M","M","R","?","E"],"items_purchased_type":["Card"],"build_version":"2020-12-22","purchased_purges":0,"victory":false,"max_hp_per_floor":[60,65,65,65,65,65,65,65,65,65,65,65,80,80,80,80,80,80,80,80,90,90,90,90,90,90],"card_choices":[{"not_picked":["BeautyBeast","MHz","DreamingCurrent"],"picked":"Singing Bowl","floor":1.0},{"not_picked":["Woodsman","ShyLook"],"picked":"OldLady","floor":1.0},{"not_picked":["Moonworks:ImOnFire","Moonworks:IntelligenceOfficer"],"picked":"Moonworks:DeployBits","floor":1.0},{"not_picked":["Murderer","CherryBlossoms"],"picked":"GreedKing","floor":4.0},{"not_picked":["Moonworks:StiffCrystal","Moonworks:LulusLuckyEgg"],"picked":"Moonworks:NicePresent","floor":4.0},{"not_picked":["Moonworks:LulusLuckyEgg","Moonworks:NicePresent"],"picked":"Moonworks:CloudOfSeagulls","floor":5.0},{"not_picked":["QueenOfHatred","CrumblingArmor","Porccubus"],"picked":"Singing Bowl","floor":7.0},{"not_picked":["Moonworks:DeployBits","Moonworks:BigMagnum"],"picked":"Moonworks:EvilSpyWorkPreparation","floor":7.0},{"not_picked":["Moonworks:BigMagnum","Moonworks:MixPhenomenon"],"picked":"Moonworks:LulusLuckyEgg","floor":10.0},{"not_picked":["Moonworks:MiracleRedBeanIceCream","Moonworks:EvilSpyWorkPreparation"],"picked":"Moonworks:LuckyCharm","floor":13.0},{"not_picked":["Moonworks:JonathanRush","Moonworks:CompletionReward"],"picked":"Moonworks:LulusLuckyEgg","floor":14.0},{"not_picked":["Moonworks:Blazing","Moonworks:PlushieMaster"],"picked":"Moonworks:MeltingMemories","floor":16.0},{"not_picked":["Moonworks:AngelHand","Moonworks:ReproductionOfRecords"],"picked":"Moonworks:LulusLuckyEgg+1","floor":18.0},{"not_picked":["Moonworks:DeployBits","Moonworks:Flamethrower+1"],"picked":"Moonworks:NicePresent","floor":20.0},{"not_picked":["Moonworks:SakisCookie","Moonworks:Assault"],"picked":"Moonworks:LulusLuckyEgg","floor":21.0},{"not_picked":["Moonworks:NicePresent","Moonworks:StiffCrystal+1"],"picked":"Moonworks:JonathanRush","floor":22}],"player_experience":136290,"relics_obtained":[{"floor":7.0,"key":"Unceasing Top"}],"event_choices":[{"damage_healed":0.0,"max_hp_gain":5.0,"max_hp_loss":0.0,"gold_gain":0.0,"event_name":"Big Fish","player_choice":"Donut","floor":2.0,"gold_loss":0.0,"damage_taken":0.0},{"damage_healed":0.0,"max_hp_gain":0.0,"max_hp_loss":0.0,"gold_gain":175.0,"event_name":"Liars Game","player_choice":"AGREE","floor":8.0,"gold_loss":0.0,"damage_taken":0.0,"cards_obtained":["Doubt"]},{"cards_removed":["Doubt"],"damage_healed":0.0,"max_hp_gain":0.0,"max_hp_loss":0.0,"gold_gain":0.0,"event_name":"Fountain of Cleansing","player_choice":"Removed Curses","floor":12.0,"gold_loss":0.0,"damage_taken":0.0},{"damage_healed":0,"gold_gain":0,"player_choice":"Ignored","damage_taken":0,"max_hp_gain":0,"max_hp_loss":0,"event_name":"Vampires","floor":24,"gold_loss":0}],"is_beta":false,"boss_relics":[{"not_picked":["Ectoplasm","Snecko Eye"],"picked":"SlaversCollar"}],"items_purged_floors":[],"is_endless":false,"potions_floor_spawned":[4,7,13,16,20],"killed_by":"Gremlin Leader","ascension_level":0}}