{"host":"9cyo9hnjhojz9htx","time":1610977116,"event":{"mods":["BaseMod","Colored Powertips","Downfall","Hermit","Lobotomy","LobotomyExtend","Minty Spire (QoL Compilation)","Spicy Shops","StSLib","The Bug Knight","The Cursed"],"gold_per_floor":[419,419,419,50,10,45,45],"floor_reached":6,"language":"ZHS","playtime":323,"items_purged":[],"score":92,"play_id":"791e0dd7-e3ba-414f-ae14-a2a0d101ca97","local_time":"20210118213836","daily_mods":["Heirloom","Time Dilation","Flight","Elite Swarm"],"is_ascension_mode":false,"campfire_choices":[],"circlet_count":0,"master_deck":["Strike_P","Strike_P","Strike_P","Strike_P","Defend_P","Defend_P","Defend_P","Defend_P","Eruption+1","Vigilance","Tantrum","Adaptation","DeceiveReality"],"relics":["PureWater","Old Coin","LetterFromLob","Potion Belt","HollowMod:PaleOreRelic","Omamori"],"acts_visited":["Exordium"],"potions_floor_usage":[],"damage_taken":[{"damage":0,"enemies":"Small Slimes","floor":1,"turns":3},{"damage":14,"enemies":"Lagavulin","floor":6,"turns":4}],"seed_played":"5687193438730057890","potions_obtained":[{"floor":1,"key":"SmokeBomb"},{"floor":5,"key":"DuplicationPotion"},{"floor":5,"key":"DistilledChaos"},{"floor":5,"key":"Dexterity Potion"}],"is_trial":true,"path_per_floor":["M","?","?","$","?","E"],"character_chosen":"WATCHER","items_purchased":["Potion Belt","HollowMod:PaleOreRelic","Adaptation","DeceiveReality"],"campfire_rested":0,"item_purchase_floors":[4,4,4,4],"current_hp_per_floor":[72,72,72,72,72,58,58],"gold":45,"neow_bonus":"","is_daily":false,"chose_seed":false,"campfire_upgraded":0,"win_rate":0.0,"timestamp":1610977116,"path_taken":["M","?","?","?","?","E"],"items_purchased_type":["Relic","Relic","Card","Card"],"build_version":"2020-12-22","purchased_purges":0,"victory":false,"max_hp_per_floor":[72,72,72,72,72,72,72],"card_choices":[{"not_picked":["CutThroughFate","ClearTheMind"],"picked":"Tantrum","floor":1}],"player_experience":131032,"relics_obtained":[{"floor":1,"key":"LetterFromLob"},{"floor":6,"key":"Omamori"}],"event_choices":[{"damage_healed":0,"gold_gain":0,"player_choice":"Ignored","damage_taken":0,"max_hp_gain":0,"max_hp_loss":0,"event_name":"Golden Wing","floor":2,"gold_loss":0},{"damage_healed":0,"gold_gain":0,"player_choice":"Grow","damage_taken":0,"max_hp_gain":0,"max_hp_loss":0,"event_name":"Living Wall","floor":3,"gold_loss":0,"cards_upgraded":["Eruption"]},{"damage_healed":0,"gold_gain":0,"player_choice":"Bought 3 Potions","damage_taken":0,"max_hp_gain":0,"max_hp_loss":0,"event_name":"The Woman in Blue","floor":5,"gold_loss":0}],"is_beta":false,"boss_relics":[],"items_purged_floors":[],"is_endless":true,"potions_floor_spawned":[1],"killed_by":"Lagavulin","ascension_level":0}}