{"host":"363c1o4m0ew2jbar","time":1610965536,"event":{"mods":["AchievementEnabler","BaseMod","Better Note","Downfall","Hubris","Minty Spire (QoL Compilation)","StSLib"],"gold_per_floor":[99,99,99,24,24,24,24,24,42,60,72,72,72,57,76,172,172,72,85,85,97,97,97,97],"floor_reached":22,"language":"ENG","playtime":814,"items_purged":["champ:Strike"],"score":172,"play_id":"779b49c5-e87f-464e-aea0-7f4eb7337093","local_time":"20210118002536","is_ascension_mode":false,"campfire_choices":[{"floor":1,"key":"RECALL"},{"data":"champ:Taunt","floor":6,"key":"SMITH"},{"data":"champ:StanceDance","floor":13,"key":"SMITH"},{"data":"champ:UltimateStance","floor":18,"key":"SMITH"}],"circlet_count":0,"master_deck":["bronze:ChosenStrike+1","champ:Strike","champ:Strike","champ:Defend","champ:Defend","champ:Defend","champ:Defend","champ:Execute","champ:Taunt+1","champ:Shatter","champ:Encircle","champ:PreciseThrust","champ:StanceDance+1","champ:DeathBlow","champ:FaceSlap","champ:EndlessRage","champ:SkillfulDodge","champ:UltimateStance+1","champ:RapidStrikes"],"relics":["champ:ChampionCrown","downfall:HeartsMalice","hubris:OldNail","Kunai","downfall:HeartBlessingRed","downfall:KnowingSkull"],"acts_visited":["Exordium","TheCity"],"potions_floor_usage":[16,16,19,21],"damage_taken":[{"damage":0,"enemies":"Jaw Worm","floor":2,"turns":1},{"damage":0,"enemies":"downfall:FleeingMerchant","floor":4,"turns":1},{"damage":0,"enemies":"Cultist","floor":8,"turns":1},{"damage":2,"enemies":"2 Louse","floor":9,"turns":2},{"damage":0,"enemies":"2 Fungi Beasts","floor":10,"turns":2},{"damage":10,"enemies":"3 Louse","floor":11,"turns":2},{"damage":30,"enemies":"downfall:FleeingMerchant","floor":14,"turns":4},{"damage":27,"enemies":"Large Slime","floor":15,"turns":5},{"damage":68,"enemies":"WA_ARCHETYPE_RETAIN","floor":16,"turns":6},{"damage":54,"enemies":"3 Byrds","floor":19,"turns":5},{"damage":30,"enemies":"Cultist and Chosen","floor":21,"turns":5},{"damage":44,"enemies":"Snake Plant","floor":22,"turns":3}],"seed_played":"4801633603015556397","potions_obtained":[{"floor":9,"key":"BlessingOfTheForge"},{"floor":10,"key":"Weak Potion"},{"floor":15,"key":"champ:CounterPotion"},{"floor":19,"key":"Explosive Potion"}],"is_trial":false,"path_per_floor":["R","M","?","$","T","R","T","M","M","M","M","?","R","$","M","B",null,"R","M","?","M","M"],"character_chosen":"THE_CHAMP","items_purchased":[],"campfire_rested":0,"item_purchase_floors":[],"current_hp_per_floor":[90,90,90,90,90,90,90,90,88,88,88,88,88,78,61,18,90,90,71,62,42,0,0,0],"gold":97,"neow_bonus":"THREE_ENEMY_KILL","is_daily":false,"chose_seed":false,"campfire_upgraded":3,"win_rate":0.0,"timestamp":1610965536,"path_taken":["R","M","?","?","?","R","T","M","M","M","M","?","R","$","M","BOSS","R","M","?","M","M"],"items_purchased_type":[],"build_version":"2020-12-22","purchased_purges":1,"victory":false,"max_hp_per_floor":[90,90,90,90,90,90,90,90,90,90,90,90,90,90,90,90,90,90,90,90,90,90,90,90],"card_choices":[{"not_picked":["champ:FocusedBerserking","champ:PerfectedStrike"],"picked":"champ:Shatter","floor":2},{"not_picked":["champ:Parry","champ:SkillfulDodge"],"picked":"champ:Encircle","floor":4},{"not_picked":["champ:BerserkersShout","champ:Backstep"],"picked":"champ:PreciseThrust","floor":8},{"not_picked":["champ:Parry","champ:Haymaker"],"picked":"champ:StanceDance","floor":9},{"not_picked":["champ:FancyFootwork","champ:DefensiveShout"],"picked":"champ:DeathBlow","floor":10},{"not_picked":["champ:GutPunch","champ:FanOfKnives"],"picked":"champ:FaceSlap","floor":11},{"not_picked":["champ:CalledShot","champ:LastStand"],"picked":"champ:EndlessRage","floor":14},{"not_picked":["champ:Circumvent","champ:GutPunch"],"picked":"champ:SkillfulDodge","floor":15},{"not_picked":["champ:MurderStrike","champ:TripleStrike"],"picked":"champ:UltimateStance","floor":16},{"not_picked":["champ:FlashCut","champ:GutPunch+1"],"picked":"champ:RapidStrikes","floor":19},{"not_picked":["champ:Endure","champ:RisingSlash","champ:PreemptiveStrike"],"picked":"SKIP","floor":21},{"not_picked":["champ:Endure","champ:RisingSlash","champ:PreemptiveStrike"],"picked":"SKIP","floor":21}],"player_experience":1210388,"relics_obtained":[{"floor":5,"key":"hubris:OldNail"},{"floor":7,"key":"Kunai"}],"event_choices":[],"is_beta":false,"boss_relics":[{"not_picked":["Runic Dome","hubris:GrandSneckoEye","hubris:BlackHole"]}],"items_purged_floors":[4],"is_endless":false,"potions_floor_spawned":[9,10,15,19],"killed_by":"Snake Plant","ascension_level":0}}