{"host":"a5lz0e76zb3fcwkm","time":1610990873,"event":{"mods":["AchievementEnabler","BaseMod","Colored Map","Colored Powertips","Minty Spire (QoL Compilation)","StSLib","SuperFastMode"],"gold_per_floor":[109,109,109,187,28,28,61,61,61,81,81,100,100,0,0,95,95,120,120,120,130,144,144,19,48,48,48,48,66,95,95,95,172,172,182,192,42,42,56,56,85,85,139,139,167,182,182,207,207,207,207,207,207,32,63,63],"floor_reached":57,"language":"KOR","playtime":2077,"items_purged":["Parasite","Strike_G","Strike_G","Defend_G","Defend_G"],"score":3034,"play_id":"8c5bdc5d-ae13-4b58-828f-0429dba4b196","local_time":"20210119022753","is_ascension_mode":true,"campfire_choices":[{"data":"Adrenaline","floor":6.0,"key":"SMITH"},{"data":"Well Laid Plans","floor":8.0,"key":"SMITH"},{"data":"Blade Dance","floor":11.0,"key":"SMITH"},{"data":"Accuracy","floor":15.0,"key":"SMITH"},{"floor":23.0,"key":"RECALL"},{"data":"Burst","floor":27.0,"key":"SMITH"},{"data":"Acrobatics","floor":32.0,"key":"SMITH"},{"data":"After Image","floor":40.0,"key":"SMITH"},{"data":"Prepared","floor":42.0,"key":"SMITH"},{"data":"Infinite Blades","floor":44.0,"key":"SMITH"},{"data":"Terror","floor":49.0,"key":"SMITH"},{"data":"Neutralize","floor":53,"key":"SMITH"}],"circlet_count":0,"master_deck":["AscendersBane","Defend_G+1","Survivor","Neutralize+1","Adrenaline+1","Well Laid Plans+1","Blade Dance+1","Accuracy+1","Corpse Explosion","Acrobatics+1","Backflip+1","Burst+1","After Image+1","Reflex+1","Infinite Blades+1","Prepared+1","Terror+1","Prepared+1"],"relics":["Ring of the Snake","Mercury Hourglass","Blue Candle","Sundial","Bloody Idol","Empty Cage","Mummified Hand","Oddly Smooth Stone","Boot","SlaversCollar","Pear","Frozen Egg 2","Ice Cream","War Paint"],"acts_visited":["Exordium","TheCity","TheBeyond","TheEnding"],"potions_floor_usage":[50,50,50,50,56],"damage_taken":[{"damage":0.0,"enemies":"2 Louse","floor":1.0,"turns":2.0},{"damage":9.0,"enemies":"3 Sentries","floor":7.0,"turns":8.0},{"damage":1.0,"enemies":"Jaw Worm","floor":10.0,"turns":2.0},{"damage":0.0,"enemies":"Cultist","floor":12.0,"turns":3.0},{"damage":28.0,"enemies":"Slime Boss","floor":16.0,"turns":8.0},{"damage":16.0,"enemies":"Spheric Guardian","floor":18.0,"turns":4.0},{"damage":0.0,"enemies":"Chosen","floor":21.0,"turns":2.0},{"damage":6.0,"enemies":"Snake Plant","floor":22.0,"turns":3.0},{"damage":0.0,"enemies":"Gremlin Leader","floor":25.0,"turns":3.0},{"damage":3.0,"enemies":"Cultist and Chosen","floor":29.0,"turns":3.0},{"damage":0.0,"enemies":"Book of Stabbing","floor":30.0,"turns":3.0},{"damage":12.0,"enemies":"Champ","floor":33.0,"turns":8.0},{"damage":0.0,"enemies":"3 Darklings","floor":35.0,"turns":2.0},{"damage":0.0,"enemies":"Orb Walker","floor":36.0,"turns":3.0},{"damage":0.0,"enemies":"Sphere and 2 Shapes","floor":39.0,"turns":2.0},{"damage":3.0,"enemies":"Reptomancer","floor":41.0,"turns":4.0},{"damage":0.0,"enemies":"Giant Head","floor":45.0,"turns":3.0},{"damage":0.0,"enemies":"Jaw Worm Horde","floor":46.0,"turns":2.0},{"damage":0.0,"enemies":"Mind Bloom Boss Battle","floor":48.0,"turns":4.0},{"damage":29,"enemies":"Time Eater","floor":50,"turns":9},{"damage":0,"enemies":"Awakened One","floor":51,"turns":4},{"damage":0,"enemies":"Shield and Spear","floor":55,"turns":2},{"damage":71,"enemies":"The Heart","floor":56,"turns":7}],"seed_played":"960181396702829725","potions_obtained":[{"floor":16.0,"key":"Explosive Potion"},{"floor":18.0,"key":"SteroidPotion"},{"floor":21.0,"key":"FearPotion"},{"floor":22.0,"key":"Fruit Juice"},{"floor":29.0,"key":"DuplicationPotion"},{"floor":36.0,"key":"CultistPotion"},{"floor":41.0,"key":"EntropicBrew"},{"floor":48.0,"key":"Strength Potion"},{"floor":55,"key":"Dexterity Potion"}],"is_trial":false,"path_per_floor":["M","?","?","T","$","R","E","R","T","M","R","M","?","$","R","B",null,"M","?","?","M","M","R","$","E","T","R","?","M","E","$","R","B",null,"M","M","$","?","M","R","E","R","T","R","E","M","?","?","R","B","B",null,"R","$","E","B",null],"character_chosen":"THE_SILENT","items_purchased":["Well Laid Plans"],"campfire_rested":0,"item_purchase_floors":[5],"current_hp_per_floor":[59,59,64,64,64,64,55,55,55,54,54,54,31,31,31,3,52,36,36,68,68,67,67,67,68,68,68,68,68,68,73,73,66,71,73,73,73,73,73,73,83,83,83,83,83,83,83,83,83,54,54,76,76,76,81,10],"gold":63,"neow_bonus":"TRANSFORM_TWO_CARDS","is_daily":false,"chose_seed":false,"campfire_upgraded":11,"win_rate":0.0,"timestamp":1610990873,"path_taken":["M","?","?","?","$","R","E","R","T","M","R","M","?","?","R","BOSS","M","?","?","?","M","R","$","E","T","R","?","M","E","?","R","BOSS","M","M","$","?","M","R","E","R","T","R","E","?","?","?","R","BOSS","BOSS","R","$","E","BOSS"],"items_purchased_type":["Card"],"build_version":"2020-12-22","purchased_purges":5,"victory":true,"max_hp_per_floor":[66,66,71,71,68,68,68,68,68,68,68,68,68,68,68,68,68,68,68,68,68,68,68,68,68,68,68,68,68,68,73,73,73,73,73,73,73,73,73,73,83,83,83,83,83,83,83,83,83,83,83,83,83,83,83,83],"card_choices":[{"not_picked":["Underhanded Strike","Outmaneuver","Quick Slash"],"picked":"SKIP","floor":1.0},{"not_picked":["Finisher","Dodge and Roll","Setup"],"picked":"SKIP","floor":7.0},{"not_picked":["Dodge and Roll","Eviscerate"],"picked":"Blade Dance","floor":10.0},{"not_picked":["Deflect","Choke"],"picked":"Accuracy","floor":12.0},{"not_picked":["Die Die Die","A Thousand Cuts"],"picked":"Corpse Explosion","floor":16.0},{"not_picked":["Outmaneuver+1","Deflect"],"picked":"Acrobatics","floor":18.0},{"not_picked":["Dagger Throw+1","Crippling Poison","Caltrops"],"picked":"SKIP","floor":21.0},{"not_picked":["Choke","Flechettes"],"picked":"Backflip+1","floor":22.0},{"not_picked":["Flying Knee","Outmaneuver"],"picked":"Burst","floor":25.0},{"not_picked":["Sucker Punch","Slice","Finisher"],"picked":"SKIP","floor":29.0},{"not_picked":["Well Laid Plans","Sucker Punch","Dodge and Roll+1"],"picked":"SKIP","floor":30.0},{"not_picked":["Envenom","Burst"],"picked":"After Image","floor":33.0},{"not_picked":["Flying Knee","Choke+1","Deflect"],"picked":"SKIP","floor":35.0},{"not_picked":["Poisoned Stab","Dagger Throw+1"],"picked":"Reflex","floor":36.0},{"not_picked":["Slice+1","Sucker Punch"],"picked":"Infinite Blades","floor":39.0},{"not_picked":["Caltrops","Sucker Punch"],"picked":"Prepared","floor":41.0},{"not_picked":["Night Terror","Prepared+1"],"picked":"Terror","floor":45.0},{"not_picked":["Predator","Quick Slash","Backflip+1"],"picked":"SKIP","floor":46.0},{"not_picked":["PiercingWail","Poisoned Stab"],"picked":"Prepared+1","floor":48.0},{"not_picked":["Calculated Gamble","Unload","Distraction"],"picked":"SKIP","floor":55}],"player_experience":1766681,"relics_obtained":[{"floor":4.0,"key":"Mercury Hourglass"},{"floor":7.0,"key":"Blue Candle"},{"floor":9.0,"key":"Sundial"},{"floor":25.0,"key":"Mummified Hand"},{"floor":26.0,"key":"Oddly Smooth Stone"},{"floor":30.0,"key":"Boot"},{"floor":41.0,"key":"Pear"},{"floor":45.0,"key":"Frozen Egg 2"},{"floor":48.0,"key":"Ice Cream"},{"floor":55,"key":"War Paint"}],"event_choices":[{"damage_healed":0.0,"max_hp_gain":0.0,"max_hp_loss":0.0,"gold_gain":0.0,"event_name":"Liars Game","player_choice":"Ignored","floor":2.0,"gold_loss":0.0,"damage_taken":0.0},{"damage_healed":0.0,"max_hp_gain":5.0,"max_hp_loss":0.0,"gold_gain":0.0,"event_name":"Big Fish","player_choice":"Donut","floor":3.0,"gold_loss":0.0,"damage_taken":0.0},{"damage_healed":0.0,"max_hp_gain":0.0,"max_hp_loss":0.0,"gold_gain":0.0,"event_name":"Golden Idol","player_choice":"Take Damage","floor":13.0,"gold_loss":0.0,"damage_taken":23.0,"relics_obtained":["Golden Idol"]},{"damage_healed":0.0,"max_hp_gain":0.0,"max_hp_loss":0.0,"gold_gain":0.0,"event_name":"Forgotten Altar","player_choice":"Gave Idol","floor":19.0,"relics_lost":["Golden Idol"],"gold_loss":0.0,"damage_taken":0.0,"relics_obtained":["Bloody Idol"]},{"cards_removed":["Predator"],"damage_healed":32.0,"max_hp_gain":0.0,"max_hp_loss":0.0,"gold_gain":0.0,"event_name":"Bonfire Elementals","player_choice":"Offered Uncommon","floor":20.0,"gold_loss":0.0,"damage_taken":0.0},{"cards_removed":["Defend_G"],"damage_healed":0.0,"max_hp_gain":0.0,"max_hp_loss":0.0,"gold_gain":0.0,"event_name":"Purifier","player_choice":"Purged","floor":38.0,"gold_loss":0.0,"damage_taken":0.0},{"damage_healed":0.0,"max_hp_gain":0.0,"max_hp_loss":0.0,"gold_gain":0.0,"event_name":"Tomb of Lord Red Mask","player_choice":"Ignored","floor":47.0,"gold_loss":0.0,"damage_taken":0.0},{"damage_healed":0.0,"max_hp_gain":0.0,"max_hp_loss":0.0,"gold_gain":0.0,"event_name":"MindBloom","player_choice":"Fight","floor":48.0,"gold_loss":0.0,"damage_taken":0.0}],"is_beta":false,"boss_relics":[{"not_picked":["Black Star","Velvet Choker"],"picked":"Empty Cage"},{"not_picked":["Pandora\u0027s Box","Runic Pyramid"],"picked":"SlaversCollar"}],"items_purged_floors":[5,14,24,37,54],"is_endless":false,"potions_floor_spawned":[16,18,21,22,29,36,41,46,48,55],"ascension_level":20}}