{"host":"0qevis500jgmlc2v","time":1610974807,"event":{"mods":["100% Spire Juice","ATMod(阿瑾Mod)","Act Like it!","Aspiration","BaseMod","Challenge The Spire","Conspire","Energized Spire","Friendly Minions","GifTheSpireLib","Hubris","Minty Spire (QoL Compilation)","Quick Restart","Robot Space Explorer","Shop Mod","StSLib","The Blackbeard","The Dragon Tamer","vexMod","【功能Mod】聪明的最终Boss","【遗物卡牌】REMEMod"],"gold_per_floor":[109,129,142,63,82,112,112,131,11,41,41,41,41],"floor_reached":12,"language":"ZHS","playtime":4549,"items_purged":[],"score":90,"play_id":"16487ed7-6e85-4c00-8211-50efc5cc9cd2","local_time":"20210118210007","is_ascension_mode":false,"campfire_choices":[{"data":"Moonworks:Heat300Percent","floor":7.0,"key":"SMITH"}],"circlet_count":0,"master_deck":["Moonworks:Strike","Moonworks:Strike","Moonworks:Strike","Moonworks:Strike","Moonworks:Defend","Moonworks:Defend","Moonworks:Defend","Moonworks:Defend","Moonworks:Ambush","Moonworks:LongDistanceShot","Moonworks:ShieldCounter","AT_SoftenMuscles","Moonworks:SakisCookie","Moonworks:CompletionReward","Moonworks:StarBlastingFuse","Moonworks:RocketCannon","Moonworks:MixPhenomenon","Moonworks:Heat300Percent+1","Moonworks:Bloodlust","Moonworks:EvilSpyWorkPreparation"],"relics":["Moonworks:BrokenBomb","Moonworks:Homemark","REME_ComplimentaryCards","AT_ATBox","Orichalcum","Vajra"],"acts_visited":["Exordium"],"potions_floor_usage":[12],"damage_taken":[{"damage":0.0,"enemies":"conspire:RoseBush","floor":1.0,"turns":3.0},{"damage":5.0,"enemies":"Cultist","floor":2.0,"turns":4.0},{"damage":6.0,"enemies":"Jaw Worm","floor":3.0,"turns":4.0},{"damage":8.0,"enemies":"Large Slime","floor":5.0,"turns":4.0},{"damage":9.0,"enemies":"3 Sentries","floor":6.0,"turns":4.0},{"damage":24.0,"enemies":"Exordium Thugs","floor":8.0,"turns":4.0},{"damage":4.0,"enemies":"Gremlin Nob","floor":10.0,"turns":3.0},{"damage":20,"enemies":"Lagavulin","floor":12,"turns":5}],"seed_played":"6033424505178961539","potions_obtained":[{"floor":1.0,"key":"Ancient Potion"},{"floor":3.0,"key":"REME_GoldPotion"},{"floor":8.0,"key":"DuplicationPotion"}],"is_trial":false,"path_per_floor":["M","M","M","$","M","E","R","M","T","E","$","E"],"character_chosen":"THE_STARBREAKER","items_purchased":["Moonworks:RocketCannon"],"campfire_rested":0,"item_purchase_floors":[4],"current_hp_per_floor":[66,61,55,55,47,38,38,14,14,14,14,0,0],"gold":41,"neow_bonus":"TEN_PERCENT_HP_BONUS","is_daily":false,"chose_seed":false,"campfire_upgraded":1,"win_rate":0.0,"timestamp":1610974807,"path_taken":["M","M","M","$","M","E","R","M","T","E","$","E"],"items_purchased_type":["Card"],"build_version":"2020-12-22","purchased_purges":0,"victory":false,"max_hp_per_floor":[66,66,66,66,66,66,66,66,66,66,66,66,66],"card_choices":[{"not_picked":["Moonworks:LulusLuckyEgg","Moonworks:IndiscriminateFireSupport"],"picked":"Moonworks:SakisCookie","floor":1.0},{"not_picked":["Moonworks:ScrambledEve","Moonworks:IndiscriminateFireSupport"],"picked":"Moonworks:CompletionReward","floor":2.0},{"not_picked":["Moonworks:FullSpeedAlicianrone","Moonworks:NicePresent"],"picked":"Moonworks:StarBlastingFuse","floor":3.0},{"not_picked":["Moonworks:BigMagnum","Moonworks:JonathanRush"],"picked":"Moonworks:MixPhenomenon","floor":5.0},{"not_picked":["Moonworks:ImOnFire","Moonworks:NicePresent"],"picked":"Moonworks:Heat300Percent","floor":6.0},{"not_picked":["Moonworks:JonathanRush","Moonworks:LulusLuckyEgg"],"picked":"Moonworks:Bloodlust","floor":8.0},{"not_picked":["Moonworks:CookingTime","Moonworks:DeployBits"],"picked":"Moonworks:EvilSpyWorkPreparation","floor":10.0}],"player_experience":754335,"relics_obtained":[{"floor":6.0,"key":"Orichalcum"},{"floor":10.0,"key":"Vajra"}],"event_choices":[],"is_beta":false,"boss_relics":[],"items_purged_floors":[],"is_endless":false,"potions_floor_spawned":[1,3,8],"killed_by":"Lagavulin","ascension_level":0}}