{"host":"9u9ci7gr6x9ja244","time":1610947775,"event":{"mods":["BaseMod","Downfall","Minty Spire (QoL Compilation)","StSLib"],"gold_per_floor":[99,118,118,137,155,166,189,208,219,231,131,141,141,176,203,314,326,238,12,30,30,46,46,46,46,62,62,62,75,75,89,108,211,211,111,128,142,13,33,10,62,62,74,85,85,98,98,10,10,10,10],"floor_reached":49,"language":"ZHS","playtime":2126,"items_purged":[],"score":497,"play_id":"30771047-fc52-4bd9-b0a1-39e865484cf8","local_time":"20210118132935","is_ascension_mode":false,"campfire_choices":[{"data":"Panache","floor":1,"key":"SMITH"},{"data":"Guardian:CompilePackage","floor":11,"key":"SMITH"},{"floor":13,"key":"REST"},{"data":"Guardian:FloatingOrbs","floor":18,"key":"SMITH"},{"floor":25,"key":"RECALL"},{"data":"Guardian:GemFinder","floor":27,"key":"SMITH"},{"data":"Guardian:BodySlam","floor":30,"key":"SMITH"},{"data":"Guardian:EvasiveProtocol","floor":35,"key":"SMITH"},{"data":"Guardian:WalkerClaw","floor":42,"key":"SMITH"},{"data":"Guardian:DonusPower","floor":47,"key":"SMITH"}],"circlet_count":0,"master_deck":["Guardian:Strike_Guardian","Guardian:Strike_Guardian","Guardian:Defend_Guardian","Guardian:Defend_Guardian","Guardian:Defend_Guardian+1","Guardian:CurlUp+1","Guardian:TwinSlam","Panache+1","Guardian:EvasiveProtocol+1","Guardian:TemporalStrike","Guardian:CompilePackage+1","Guardian:ChargeCore","Guardian:SentryBeam","Guardian:Planning+1","Guardian:FuturePlans","Guardian:GemFire","Guardian:FloatingOrbs+1","Guardian:Orbwalk","Guardian:BodySlam+1","Guardian:Incinerate","Guardian:GemFinder+1","Guardian:FierceBash","Guardian:ChargeCore","Guardian:DonusPower+1","Guardian:ShieldCharger","Guardian:TimeSifter","Guardian:Gem_Red","Guardian:SpikerProtocol+1","Guardian:Orbwalk","Guardian:TemporalShield","Guardian:WalkerClaw+1","Guardian:Gem_Red","Guardian:TemporalShield+1","Guardian:Gem_Red","Guardian:TemporalShield","Guardian:Incinerate","expansioncontent:AwakenDeath"],"relics":["Guardian:ModeShifter","downfall:HeartBlessingBlue","MawBank","Coffee Dripper","downfall:HeartBlessingGreen","War Paint","Guardian:StasisCodex","Black Star","downfall:HeartBlessingRed","OrangePellets","Ornamental Fan","Smiling Mask"],"acts_visited":["Exordium","TheCity","TheBeyond"],"potions_floor_usage":[16,16,43,46],"damage_taken":[{"damage":1,"enemies":"Cultist","floor":2,"turns":4},{"damage":10,"enemies":"Jaw Worm","floor":4,"turns":6},{"damage":1,"enemies":"2 Louse","floor":5,"turns":3},{"damage":0,"enemies":"Exordium Thugs","floor":6,"turns":5},{"damage":7,"enemies":"Blue Slaver","floor":8,"turns":2},{"damage":8,"enemies":"Gremlin Gang","floor":9,"turns":5},{"damage":16,"enemies":"Large Slime","floor":10,"turns":3},{"damage":0,"enemies":"Exordium Thugs","floor":12,"turns":1},{"damage":23,"enemies":"Gremlin Nob","floor":14,"turns":5},{"damage":6,"enemies":"Red Slaver","floor":15,"turns":4},{"damage":21,"enemies":"IC_STATUS_ARCHETYPE","floor":16,"turns":6},{"damage":10,"enemies":"downfall:FleeingMerchant","floor":19,"turns":4},{"damage":10,"enemies":"Spheric Guardian","floor":20,"turns":3},{"damage":0,"enemies":"Chosen","floor":22,"turns":3},{"damage":15,"enemies":"Snake Plant","floor":26,"turns":3},{"damage":5,"enemies":"Shelled Parasite and Fungi","floor":29,"turns":4},{"damage":0,"enemies":"Snecko","floor":31,"turns":2},{"damage":16,"enemies":"Snake Plant","floor":32,"turns":3},{"damage":12,"enemies":"DF_ARCHETYPE_CLAW","floor":33,"turns":6},{"damage":9,"enemies":"3 Shapes","floor":36,"turns":4},{"damage":33,"enemies":"Orb Walker","floor":37,"turns":3},{"damage":15,"enemies":"downfall:FleeingMerchant","floor":38,"turns":4},{"damage":21,"enemies":"4 Shapes","floor":39,"turns":4},{"damage":1,"enemies":"Transient","floor":43,"turns":5},{"damage":0,"enemies":"Maw","floor":44,"turns":6},{"damage":0,"enemies":"Jaw Worm Horde","floor":46,"turns":1},{"damage":3,"enemies":"Writhing Mass","floor":49,"turns":1}],"seed_played":"-6520258490657801126","potions_obtained":[{"floor":4,"key":"ColorlessPotion"},{"floor":5,"key":"BlessingOfTheForge"},{"floor":10,"key":"Weak Potion"},{"floor":16,"key":"FearPotion"},{"floor":20,"key":"Fire Potion"},{"floor":29,"key":"BlessingOfTheForge"},{"floor":44,"key":"ColorlessPotion"}],"is_trial":false,"path_per_floor":["R","M","?","M","M","M","T","M","M","M","R","M","R","E","M","B",null,"R","$","M","?","M","?","T","R","M","R","?","M","R","M","M","B",null,"R","M","M","$","M","$","T","R","M","M","?","M","R","$","M"],"character_chosen":"GUARDIAN","items_purchased":["Guardian:BodySlam","War Paint","Guardian:Gem_Cyan","OrangePellets","Ornamental Fan","Guardian:Orbwalk","Guardian:WalkerClaw","expansioncontent:AwakenDeath"],"campfire_rested":1,"item_purchase_floors":[19,19,19,38,38,38,40,48],"current_hp_per_floor":[72,71,71,61,60,60,60,53,45,29,39,39,63,40,34,13,82,82,72,62,62,62,62,62,62,47,47,47,42,42,42,26,14,82,82,73,40,25,4,4,4,4,3,3,3,3,3,3,0,0,0],"gold":10,"neow_bonus":"RANDOM_COLORLESS_2","is_daily":false,"chose_seed":false,"campfire_upgraded":8,"win_rate":0.0,"timestamp":1610947775,"path_taken":["R","M","?","M","M","?","T","M","M","M","R","M","R","E","M","BOSS","R","$","M","?","M","?","T","R","?","R","?","M","R","M","M","BOSS","R","M","M","$","?","$","T","R","M","M","?","M","R","?","M"],"items_purchased_type":["Card","Relic","Card","Relic","Relic","Card","Card","Card"],"build_version":"2020-12-22","purchased_purges":0,"victory":false,"max_hp_per_floor":[72,72,72,72,72,72,72,72,72,72,82,82,82,82,82,82,82,82,82,82,82,82,82,82,82,82,82,82,82,82,82,82,82,82,82,82,82,82,82,82,82,82,82,82,82,82,82,82,82,82,82],"card_choices":[{"not_picked":["Violence","Magnetism"],"picked":"Panache","floor":0},{"not_picked":["Guardian:Reroute","Guardian:ShieldCharger"],"picked":"Guardian:EvasiveProtocol","floor":2},{"not_picked":["Guardian:Emergency","Guardian:ChargeCore"],"picked":"Guardian:TemporalStrike","floor":4},{"not_picked":["Guardian:CrystalBeam","Guardian:Clone"],"picked":"Guardian:CompilePackage","floor":5},{"not_picked":["Guardian:Gem_Green","Guardian:Gem_Cyan"],"picked":"Guardian:ChargeCore","floor":6},{"not_picked":["Guardian:Reroute","Guardian:Incinerate"],"picked":"Guardian:SentryBeam","floor":8},{"not_picked":["Guardian:WalkerClaw","Guardian:SpikerProtocol"],"picked":"Guardian:Planning","floor":9},{"not_picked":["Guardian:GuardianWhirl","Guardian:Suspension"],"picked":"Guardian:Gem_Yellow","floor":10},{"not_picked":["Guardian:ChargeCore","Guardian:Incinerate"],"picked":"Guardian:FuturePlans","floor":12},{"not_picked":["Guardian:WalkerClaw","Guardian:Gem_Cyan"],"picked":"Guardian:GemFire","floor":14},{"not_picked":["Guardian:PrimingBeam","Guardian:Recover"],"picked":"Guardian:FloatingOrbs","floor":15},{"not_picked":["Guardian:GemFinder","Guardian:StasisEngine"],"picked":"Guardian:Gem_Orange","floor":16},{"not_picked":["Guardian:Harden","Guardian:PiercingHide"],"picked":"Guardian:Orbwalk","floor":19},{"not_picked":["Guardian:PiercingHide","Guardian:Gem_Lightblue","Guardian:Incinerate"],"picked":"SKIP","floor":20},{"not_picked":["Guardian:Gem_Fragmented","Guardian:Gem_Lightblue"],"picked":"Guardian:Gem_Red","floor":22},{"not_picked":["Guardian:Gem_Green","Guardian:Gem_Cyan"],"picked":"Guardian:Gem_Red","floor":26},{"not_picked":["Guardian:ChargeCore","Guardian:PrimingBeam"],"picked":"Guardian:FierceBash","floor":26},{"not_picked":["Guardian:Gem_Red","Guardian:Gem_Green"],"picked":"Guardian:Gem_Cyan","floor":29},{"not_picked":["Guardian:RollAttack","Guardian:Gem_Lightblue"],"picked":"Guardian:Gem_Red","floor":29},{"not_picked":["Guardian:Recover","Guardian:Gem_Fragmented"],"picked":"Guardian:DonusPower","floor":31},{"not_picked":["Guardian:Gem_Crimson","Guardian:Repulse"],"picked":"Guardian:ShieldCharger","floor":32},{"not_picked":["Guardian:Gem_Green","Guardian:Gem_Cyan"],"picked":"Guardian:Gem_Red","floor":33},{"not_picked":["Guardian:StasisEngine","Guardian:StasisField"],"picked":"Guardian:TimeSifter","floor":33},{"not_picked":["Guardian:Gem_Cyan","Guardian:Gem_Lightblue"],"picked":"Guardian:Gem_Red","floor":36},{"not_picked":["Guardian:Gem_Cyan","Guardian:ShieldCharger"],"picked":"Guardian:Gem_Green","floor":36},{"not_picked":["Guardian:GuardianWhirl","Guardian:PolyBeam+1","Guardian:ShieldCharger"],"picked":"SKIP","floor":37},{"not_picked":["Guardian:StasisEngine","Guardian:MultiBeam+1"],"picked":"Guardian:SpikerProtocol+1","floor":38},{"not_picked":["Guardian:TemporalStrike","Guardian:Gem_Green"],"picked":"Guardian:TemporalShield","floor":39},{"not_picked":["Guardian:Gem_Green","Guardian:Gem_Lightblue"],"picked":"Guardian:Gem_Red","floor":43},{"not_picked":["Guardian:Emergency","Guardian:Gem_Green"],"picked":"Guardian:TemporalShield+1","floor":43},{"not_picked":["Guardian:Gem_Cyan","Guardian:Gem_Green"],"picked":"Guardian:Gem_Red","floor":44},{"not_picked":["Guardian:Gem_Lightblue","Guardian:PolyBeam"],"picked":"Guardian:TemporalShield","floor":44},{"not_picked":["Guardian:Gem_Red","Guardian:Recover"],"picked":"Guardian:Incinerate","floor":46}],"player_experience":285151,"relics_obtained":[{"floor":14,"key":"MawBank"},{"floor":24,"key":"Guardian:StasisCodex"},{"floor":41,"key":"Smiling Mask"}],"event_choices":[{"damage_healed":0,"gold_gain":0,"player_choice":"Ignored","damage_taken":0,"max_hp_gain":0,"max_hp_loss":0,"event_name":"Vampires","floor":21,"gold_loss":0},{"damage_healed":0,"gold_gain":0,"cards_transformed":["Guardian:Strike_Guardian","Guardian:Defend_Guardian"],"player_choice":"Became Test Subject","damage_taken":0,"max_hp_gain":0,"max_hp_loss":0,"event_name":"Drug Dealer","floor":23,"gold_loss":0,"cards_obtained":["Guardian:Incinerate","Guardian:GemFinder"]}],"is_beta":false,"boss_relics":[{"not_picked":["Fusion Hammer","Sozu"],"picked":"Coffee Dripper"},{"not_picked":["SacredBark","Velvet Choker"],"picked":"Black Star"}],"items_purged_floors":[],"is_endless":false,"potions_floor_spawned":[4,5,10,14,16,20,29,31,37,39,44],"killed_by":"Writhing Mass","ascension_level":0}}