{"host":"yyfz7fpozqrhk2m1","time":1610944186,"event":{"mods":["BaseMod","Minty Spire (QoL Compilation)"],"gold_per_floor":[113,113,130,150,168,194,211,243,243,243,3,3,33,52,52,151,151,166,176,191,35,55,55,67,67,67,100,50,78,90,122,122,122,122],"floor_reached":33,"language":"ENG","playtime":3944,"items_purged":["Strike_G"],"score":450,"play_id":"6f2342b0-58a9-4383-af82-2461e90fa640","local_time":"20210117232946","is_ascension_mode":true,"campfire_choices":[{"floor":10,"key":"REST"},{"data":"Noxious Fumes","floor":12,"key":"SMITH"},{"floor":15,"key":"REST"},{"data":"Catalyst","floor":23,"key":"SMITH"},{"floor":25,"key":"REST"},{"floor":32,"key":"REST"}],"circlet_count":0,"master_deck":["Strike_G","Strike_G","Strike_G","Strike_G+1","Defend_G","Defend_G","Defend_G","Defend_G","Defend_G","Survivor","Neutralize","Flying Knee","Dash+1","Leg Sweep","Noxious Fumes+1","Backflip","Blur","Deadly Poison","Catalyst+1","Die Die Die","PiercingWail","Poisoned Stab+1","Crippling Poison","Dodge and Roll+1","Backflip+1"],"relics":["Ring of the Snake","Ancient Tea Set","FaceOfCleric","Dead Branch","Ornamental Fan","Pear","Mummified Hand","Whetstone","Velvet Choker","Bottled Flame","Turnip","Art of War","Letter Opener"],"acts_visited":["Exordium","TheCity"],"potions_floor_usage":[6,16,29,30,31,31],"damage_taken":[{"damage":1,"enemies":"Small Slimes","floor":1,"turns":5},{"damage":0,"enemies":"Cultist","floor":3,"turns":4},{"damage":0,"enemies":"2 Louse","floor":4,"turns":2},{"damage":0,"enemies":"Red Slaver","floor":5,"turns":5},{"damage":16,"enemies":"3 Sentries","floor":6,"turns":8},{"damage":6,"enemies":"Gremlin Gang","floor":7,"turns":7},{"damage":36,"enemies":"Gremlin Nob","floor":8,"turns":6},{"damage":0,"enemies":"3 Sentries","floor":13,"turns":8},{"damage":0,"enemies":"Exordium Wildlife","floor":14,"turns":3},{"damage":31,"enemies":"Slime Boss","floor":16,"turns":10},{"damage":18,"enemies":"2 Thieves","floor":18,"turns":4},{"damage":0,"enemies":"Shell Parasite","floor":19,"turns":6},{"damage":9,"enemies":"Centurion and Healer","floor":20,"turns":7},{"damage":17,"enemies":"Shelled Parasite and Fungi","floor":22,"turns":5},{"damage":8,"enemies":"3 Cultists","floor":24,"turns":5},{"damage":15,"enemies":"Slavers","floor":27,"turns":6},{"damage":8,"enemies":"Gremlin Leader","floor":29,"turns":6},{"damage":19,"enemies":"Centurion and Healer","floor":30,"turns":6},{"damage":17,"enemies":"Book of Stabbing","floor":31,"turns":6},{"damage":60,"enemies":"Champ","floor":33,"turns":12}],"seed_played":"1766474003887332028","potions_obtained":[{"floor":4,"key":"AttackPotion"},{"floor":6,"key":"ColorlessPotion"},{"floor":7,"key":"GamblersBrew"},{"floor":8,"key":"Dexterity Potion"},{"floor":14,"key":"BlessingOfTheForge"},{"floor":18,"key":"AttackPotion"},{"floor":30,"key":"PowerPotion"}],"is_trial":false,"path_per_floor":["M","?","M","M","M","E","M","E","T","R","$","R","E","M","R","B",null,"M","M","M","$","M","R","M","R","T","E","?","E","M","E","R","B"],"character_chosen":"THE_SILENT","items_purchased":["Mummified Hand","Crippling Poison"],"campfire_rested":4,"item_purchase_floors":[11,21],"current_hp_per_floor":[69,69,70,71,72,57,52,17,27,52,52,52,53,54,80,50,89,72,73,65,65,49,49,42,70,70,56,56,49,31,15,44,0,0],"gold":122,"neow_bonus":"RANDOM_COMMON_RELIC","is_daily":false,"chose_seed":false,"campfire_upgraded":2,"win_rate":0.0,"timestamp":1610944186,"path_taken":["M","?","M","?","M","E","M","E","T","R","$","R","E","M","R","BOSS","M","M","M","$","M","R","M","R","T","E","?","E","?","E","R","BOSS"],"items_purchased_type":["Relic","Card"],"build_version":"2020-12-22","purchased_purges":1,"victory":false,"max_hp_per_floor":[70,70,71,72,73,74,75,76,86,86,86,86,87,88,88,89,89,90,91,92,92,93,93,94,94,94,95,95,96,97,98,98,98,98],"card_choices":[{"not_picked":["Distraction","Dagger Spray"],"picked":"Flying Knee","floor":1},{"not_picked":["Reflex","Predator"],"picked":"Dash","floor":3},{"not_picked":["Concentrate","Dagger Throw"],"picked":"Leg Sweep","floor":4},{"not_picked":["Deadly Poison","PiercingWail"],"picked":"Noxious Fumes","floor":5},{"not_picked":["Deflect","Masterful Stab"],"picked":"Backflip","floor":6},{"not_picked":["Predator","Flying Knee"],"picked":"Blur","floor":7},{"not_picked":["Finisher","Dagger Spray"],"picked":"Deadly Poison","floor":8},{"not_picked":["Poisoned Stab","Dodge and Roll"],"picked":"Catalyst","floor":13},{"not_picked":["Cloak And Dagger","Flying Knee","Slice"],"picked":"SKIP","floor":14},{"not_picked":["Wraith Form v2","Phantasmal Killer"],"picked":"Die Die Die","floor":16},{"not_picked":["Expertise","Setup"],"picked":"PiercingWail","floor":18},{"not_picked":["Eviscerate","Slice+1","Underhanded Strike"],"picked":"SKIP","floor":19},{"not_picked":["Dagger Spray","Cloak And Dagger"],"picked":"Poisoned Stab+1","floor":20},{"not_picked":["Dagger Throw","Eviscerate"],"picked":"Dodge and Roll+1","floor":22},{"not_picked":["Eviscerate+1","Escape Plan","Riddle With Holes"],"picked":"SKIP","floor":24},{"not_picked":["Concentrate","Masterful Stab","Slice+1"],"picked":"SKIP","floor":27},{"not_picked":["Outmaneuver","Endless Agony","Wraith Form v2"],"picked":"SKIP","floor":29},{"not_picked":["Flechettes","Blade Dance+1"],"picked":"Backflip+1","floor":30},{"not_picked":["Escape Plan","Envenom","Wraith Form v2"],"picked":"SKIP","floor":31}],"player_experience":578734,"relics_obtained":[{"floor":6,"key":"Dead Branch"},{"floor":8,"key":"Ornamental Fan"},{"floor":9,"key":"Pear"},{"floor":13,"key":"Whetstone"},{"floor":26,"key":"Bottled Flame"},{"floor":27,"key":"Turnip"},{"floor":29,"key":"Art of War"},{"floor":31,"key":"Letter Opener"}],"event_choices":[{"damage_healed":0,"gold_gain":0,"player_choice":"Trade","damage_taken":0,"relics_obtained":["FaceOfCleric"],"max_hp_gain":0,"max_hp_loss":0,"event_name":"FaceTrader","floor":2,"gold_loss":0},{"damage_healed":0,"gold_gain":0,"player_choice":"Bet on Owner","damage_taken":0,"max_hp_gain":0,"max_hp_loss":0,"event_name":"The Joust","floor":28,"gold_loss":50}],"is_beta":false,"boss_relics":[{"not_picked":["Busted Crown","Philosopher\u0027s Stone"],"picked":"Velvet Choker"}],"items_purged_floors":[21],"is_endless":false,"potions_floor_spawned":[4,6,7,8,14,18,19,20,30],"killed_by":"Champ","ascension_level":4}}