{"host":"Charlie","time":1610948693,"event":{"mods":["100% Spire Juice","Aspiration","BaseMod","Better Match","Better Skull","Better Third Choice","BetterRewards","ChefMod","Colored Map","Colored Powertips","Conspire","Curses Come First","Downfall","Ekko","Evolution","Fox Events","Friendly Minions","Halation","Hermit","Hubris","Infinite Spire","Luminous","Melee Mod","Minty Spire (QoL Compilation)","Quick Restart","Rare Cards Sparkle","Relic Stats","Robot Space Explorer","Shade Mod","Spicy Shops","StSLib","SuperFastMode","Synergy Search","The Animator","The Blue Laboratory","The Caster","The Cursed","The Dragon Tamer","The Factory","The Gatherer","The Jungle","The Marked","The Necromancer","Unceasing Turn Reminder","vexMod"],"gold_per_floor":[118,135,60,76,95,124,138,166,166,186,186,204,214,246,246,350,350,366,385,385,385,385,385,414,425,425,451,465,476,476,493,493,595,595,608,578,593,32,47,76,76,90,170,170,187,204,221,240,240,240],"floor_reached":51,"language":"ENG","playtime":3341,"items_purged":["DTMod:Strike"],"score":874,"play_id":"8121fed9-b7bb-47ab-9113-174c0eaf6e69","local_time":"20210117214453","is_ascension_mode":false,"metric_token":2899,"campfire_choices":[{"data":"DTMod:RepeatStrike","floor":11,"key":"SMITH"},{"data":"DTMod:ForkedFire","floor":15,"key":"SMITH"},{"data":"DTMod:InvisibleFlame","floor":23,"key":"SMITH"},{"data":"DTMod:GearUp","floor":41,"key":"SMITH"},{"floor":49,"key":"REST"}],"dtmod_dragon_data":[1,58,1,0,8,0],"circlet_count":0,"master_deck":["DTMod:Strike+1","DTMod:Strike+1","DTMod:Strike+1","DTMod:DoubleHit","DTMod:TargetDefense+1","DTMod:TargetDefense+1","DTMod:TargetDefense+1","DTMod:TargetDefense+1","DTMod:SwitchingTactic+1","DTMod:InvisibleFlame+1","DTMod:MaximumCharge","DTMod:QuickFly","DTMod:TagTeam+1","DTMod:ForkedFire+1","DTMod:RepeatStrike+1","DTMod:TagTeam+1","DTMod:InvisibleFlame+1","DTMod:OpeningTactic+1","DTMod:FierySynthesis","DTMod:SneakAttack+1","DTMod:GearUp+1"],"relics":["DTMod:PactStone","EVO:Axolotl","aspiration:Nostalgia","theMarked:ArtifactOfAir","halation:VictoryRuler","halation:BlackBeret","hubris:CrystalStatue","hubris:Metronome","vexMod:ImprovementManual","aspiration:RitualStick","hubris:Towel","Bag of Preparation","Torii","aspiration:ArtOfWarUpgrade","Anchor","vexMod:BigBerry","DTMod:BindingString","Singing Bowl","Potion Belt","HornCleat"],"acts_visited":["Exordium","TheCity","TheBeyond"],"potions_floor_usage":[6,14,14,16,19,27,29,33,39,40,40,40,42,48,50,50],"damage_taken":[{"damage":1,"enemies":"Cultist","floor":1,"turns":4},{"damage":0,"enemies":"2 Louse","floor":2,"turns":2},{"damage":0,"enemies":"Small Slimes","floor":4,"turns":3},{"damage":0,"enemies":"Looter","floor":5,"turns":3},{"damage":9,"enemies":"Lagavulin","floor":6,"turns":5},{"damage":0,"enemies":"2 Fungi Beasts","floor":7,"turns":4},{"damage":0,"enemies":"Gremlin Nob","floor":8,"turns":4},{"damage":0,"enemies":"Lots of Slimes","floor":10,"turns":3},{"damage":0,"enemies":"Large Slime","floor":12,"turns":3},{"damage":0,"enemies":"Blue Slaver","floor":13,"turns":2},{"damage":0,"enemies":"3 Sentries","floor":14,"turns":6},{"damage":3,"enemies":"The Guardian","floor":16,"turns":10},{"damage":0,"enemies":"Spheric Guardian","floor":18,"turns":2},{"damage":0,"enemies":"conspire:FuzzyDice","floor":19,"turns":5},{"damage":0,"enemies":"conspire:Head Lice","floor":24,"turns":5},{"damage":0,"enemies":"Shelled Parasite and Fungi","floor":25,"turns":5},{"damage":13,"enemies":"conspire:SneckoGhost","floor":27,"turns":5},{"damage":0,"enemies":"Snake Plant","floor":28,"turns":2},{"damage":0,"enemies":"Chosen and Byrds","floor":29,"turns":3},{"damage":0,"enemies":"Centurion and Healer","floor":31,"turns":3},{"damage":12,"enemies":"conspire:MysteriousRune","floor":33,"turns":6},{"damage":0,"enemies":"3 Darklings","floor":35,"turns":4},{"damage":0,"enemies":"Orb Walker","floor":37,"turns":3},{"damage":1,"enemies":"3 Darklings","floor":39,"turns":3},{"damage":0,"enemies":"Giant Head","floor":40,"turns":9},{"damage":0,"enemies":"Transient","floor":42,"turns":5},{"damage":0,"enemies":"Jaw Worm Horde","floor":45,"turns":3},{"damage":0,"enemies":"4 Shapes","floor":46,"turns":3},{"damage":2,"enemies":"Spire Growth","floor":47,"turns":5},{"damage":0,"enemies":"Transient","floor":48,"turns":5},{"damage":51,"enemies":"infinitespire:MassOfShapes","floor":50,"turns":14}],"seed_played":"-2285629738195016161","potions_obtained":[{"floor":4,"key":"CultistPotion"},{"floor":8,"key":"blueLaboratory:BottleOfVodka"},{"floor":10,"key":"blueLaboratory:BottledHope"},{"floor":12,"key":"blueLaboratory:StoneskinPotion"},{"floor":13,"key":"blueLaboratory:Moonshine"},{"floor":14,"key":"blueLaboratory:FrostheartPotion"},{"floor":18,"key":"blueLaboratory:BottleOfVodka"},{"floor":28,"key":"Weak Potion"},{"floor":31,"key":"hexamod:SoulburnPotion"},{"floor":33,"key":"FearPotion"},{"floor":36,"key":"blueLaboratory:ForbiddenFruitJuice"},{"floor":36,"key":"Ancient Potion"},{"floor":39,"key":"Weak Potion"},{"floor":40,"key":"blueLaboratory:StoneskinPotion"},{"floor":45,"key":"blueLaboratory:SavagePotion"},{"floor":46,"key":"blueLaboratory:NullPotion"},{"floor":47,"key":"conspire:TimeTravelPotion"}],"is_trial":false,"path_per_floor":["M","M","$","M","M","E","M","E","T","M","R","M","M","E","R","B",null,"M","M","?","?","?","R","E","M","T","E","M","M","T","M","R","B",null,"M","?","M","$","M","E","R","M","T","R","M","M","M","M","R","B",null],"character_chosen":"THE_DT","items_purchased":["DTMod:BindingString","Singing Bowl"],"campfire_rested":1,"item_purchase_floors":[38,38],"current_hp_per_floor":[44,44,44,44,44,35,35,35,35,35,35,35,35,35,35,32,45,45,45,36,36,36,36,36,36,36,23,23,23,23,23,23,11,75,75,75,75,75,76,78,78,80,80,80,82,84,84,86,89,38],"gold":240,"neow_bonus":"NOSTALGIA","is_daily":false,"chose_seed":false,"campfire_upgraded":4,"win_rate":0.0,"timestamp":1610948693,"path_taken":["M","M","$","?","M","E","M","E","T","M","R","M","M","E","R","BOSS","M","M","?","?","?","R","E","M","T","E","M","M","?","M","R","BOSS","M","?","M","$","M","E","R","M","T","R","M","?","M","M","R","BOSS"],"items_purchased_type":["Relic","Relic"],"build_version":"2020-12-18","purchased_purges":1,"victory":true,"max_hp_per_floor":[45,45,45,45,45,45,45,45,45,45,45,45,45,45,45,45,45,45,45,45,45,45,45,45,45,45,45,45,45,45,45,45,45,75,75,75,75,75,77,79,79,81,81,81,83,85,87,89,89,89],"relic_stats":{"Torii":27,"Singing Bowl":14,"counters":[31,139],"Bag of Preparation":[32],"obtain_stats":[{"halation:BlackBeret":8,"Potion Belt":40,"hubris:Metronome":14,"hubris:CrystalStatue":9,"Torii":26,"Singing Bowl":38,"aspiration:Nostalgia":0,"Bag of Preparation":24,"EVO:Axolotl":0,"hubris:Towel":22,"aspiration:RitualStick":20,"theMarked:ArtifactOfAir":0,"Anchor":30,"HornCleat":43,"DTMod:PactStone":0,"halation:VictoryRuler":6,"aspiration:ArtOfWarUpgrade":44,"Art of War":27,"DTMod:BindingString":38,"vexMod:ImprovementManual":17,"vexMod:BigBerry":34},{"halation:BlackBeret":7,"Potion Belt":25,"hubris:Metronome":11,"hubris:CrystalStatue":7,"Torii":16,"Singing Bowl":23,"aspiration:Nostalgia":0,"Bag of Preparation":15,"EVO:Axolotl":0,"hubris:Towel":14,"aspiration:RitualStick":14,"theMarked:ArtifactOfAir":0,"Anchor":19,"HornCleat":26,"DTMod:PactStone":0,"halation:VictoryRuler":5,"aspiration:ArtOfWarUpgrade":26,"Art of War":17,"DTMod:BindingString":23,"vexMod:ImprovementManual":12,"vexMod:BigBerry":21},{"halation:BlackBeret":25,"Potion Belt":104,"hubris:Metronome":39,"hubris:CrystalStatue":25,"Torii":66,"Singing Bowl":92,"aspiration:Nostalgia":0,"Bag of Preparation":61,"EVO:Axolotl":0,"hubris:Towel":56,"aspiration:RitualStick":56,"theMarked:ArtifactOfAir":0,"Anchor":76,"HornCleat":109,"DTMod:PactStone":0,"halation:VictoryRuler":17,"aspiration:ArtOfWarUpgrade":109,"Art of War":71,"DTMod:BindingString":92,"vexMod:ImprovementManual":49,"vexMod:BigBerry":85}],"aspiration:RitualStick":[0]},"card_choices":[{"not_picked":["DTMod:BurningEnergy","DTMod:CleansingStrike"],"picked":"DTMod:InvisibleFlame","floor":1},{"not_picked":["DTMod:Cover","DTMod:Weaken"],"picked":"DTMod:MaximumCharge","floor":2},{"not_picked":["DTMod:GhostSkin","DTMod:TagTeam"],"picked":"DTMod:QuickFly","floor":4},{"not_picked":["DTMod:Punisher","DTMod:Weaken"],"picked":"DTMod:TagTeam","floor":5},{"not_picked":["DTMod:Cover","DTMod:Hide"],"picked":"DTMod:ForkedFire","floor":6},{"not_picked":["DTMod:Weaken","DTMod:FlameSlash","DTMod:Adaptation"],"picked":"SKIP","floor":7},{"not_picked":["DTMod:TauntingStrike","DTMod:Training"],"picked":"DTMod:RepeatStrike","floor":8},{"not_picked":["DTMod:BlueScale","DTMod:BuildUp","DTMod:MasterPlan"],"picked":"SKIP","floor":10},{"not_picked":["DTMod:MasterPlan","DTMod:Adaptation"],"picked":"DTMod:TagTeam","floor":12},{"not_picked":["DTMod:Hide","DTMod:Coolant"],"picked":"DTMod:InvisibleFlame","floor":13},{"not_picked":["DTMod:BlazingStrike","DTMod:CalculatedDefense","DTMod:BreakAttack"],"picked":"SKIP","floor":14},{"not_picked":["DTMod:ShadowImage","DTMod:GearUp"],"picked":"DTMod:OpeningTactic","floor":16},{"not_picked":["DTMod:BlazingStrike","DTMod:BuildUp","DTMod:LastStand"],"picked":"SKIP","floor":18},{"not_picked":["DTMod:FlameSlash+1","DTMod:StarRain","DTMod:MagicField+1"],"picked":"SKIP","floor":19},{"not_picked":["DTMod:Cover+1","DTMod:RecklessFlurry"],"picked":"DTMod:FierySynthesis","floor":24},{"not_picked":["DTMod:BlueScale","DTMod:FlameSlash","DTMod:Cover"],"picked":"SKIP","floor":25},{"not_picked":["DTMod:Training","DTMod:DragonDance","DTMod:QuickFly"],"picked":"SKIP","floor":27},{"not_picked":["DTMod:CalculatedDefense+1","DTMod:Feint+1","DTMod:BlueScale+1"],"picked":"SKIP","floor":28},{"not_picked":["DTMod:BreakAttack","DTMod:Feint"],"picked":"DTMod:SneakAttack+1","floor":29},{"not_picked":["DTMod:Feint","DTMod:Adaptation","DTMod:BlueScale"],"picked":"SKIP","floor":31},{"not_picked":["DTMod:StunTrap","DTMod:Multitask"],"picked":"DTMod:GearUp","floor":33},{"not_picked":["DTMod:BizarreTactic","DTMod:BurningEnergy+1","DTMod:DarkBreath+1"],"picked":"SKIP","floor":35},{"not_picked":["DTMod:Threaten","DTMod:BreakAttack","DTMod:BurningEnergy"],"picked":"SKIP","floor":37},{"not_picked":["DTMod:QuickFly+1","DTMod:ComboAttack","DTMod:Training"],"picked":"Singing Bowl","floor":39},{"not_picked":["DTMod:TagTeam+1","DTMod:Training","DTMod:FlameSlash"],"picked":"Singing Bowl","floor":40},{"not_picked":["DTMod:SneakAttack+1","DTMod:MasterPlan","DTMod:Feint+1"],"picked":"Singing Bowl","floor":42},{"not_picked":["DTMod:DarkBreath+1","DTMod:SealedStrike","DTMod:QuickFly+1"],"picked":"Singing Bowl","floor":45},{"not_picked":["DTMod:MagicField","DTMod:CleansingStrike+1","DTMod:ComboAttack"],"picked":"Singing Bowl","floor":46},{"not_picked":["DTMod:Cover","DTMod:Conduct+1","DTMod:ComboAttack+1"],"picked":"Singing Bowl","floor":47},{"not_picked":["DTMod:BurningEnergy+1","DTMod:LowKick+1","DTMod:BlueScale+1"],"picked":"Singing Bowl","floor":48}],"player_experience":475173,"relics_obtained":[{"floor":6,"key":"halation:VictoryRuler"},{"floor":8,"key":"halation:BlackBeret"},{"floor":9,"key":"hubris:CrystalStatue"},{"floor":14,"key":"hubris:Metronome"},{"floor":24,"key":"Bag of Preparation"},{"floor":26,"key":"Torii"},{"floor":27,"key":"Art of War"},{"floor":30,"key":"Anchor"},{"floor":40,"key":"Potion Belt"},{"floor":43,"key":"HornCleat"}],"event_choices":[{"damage_healed":0,"gold_gain":0,"player_choice":"Simplicity","damage_taken":0,"max_hp_gain":0,"max_hp_loss":7,"event_name":"betterThird:BetterWriting","floor":21,"gold_loss":0},{"damage_healed":0,"gold_gain":0,"player_choice":"Bought 2 Potions","damage_taken":0,"max_hp_gain":0,"max_hp_loss":0,"event_name":"The Woman in Blue","floor":36,"gold_loss":0}],"is_beta":true,"boss_relics":[{"not_picked":["conspire:SeveredTorchhead","bronze:MakeshiftBattery"],"picked":"vexMod:ImprovementManual"},{"not_picked":["Coffee Dripper","hubris:BlackHole"],"picked":"vexMod:BigBerry"}],"items_purged_floors":[3],"is_endless":false,"potions_floor_spawned":[4,8,10,12,13,14,18,28,31,33,39,40,45,46,47],"ascension_level":0}}