{"host":"kvq1t47bkvtg8ho9","time":1610934610,"event":{"mods":["Aspiration","Bard","BaseMod","Beaked The Cultist","Better Sensory Stone","Better Third Choice","BetterRewards","Clockwork Mod","Colored Map","Conspire","Downfall","Energized Spire","Friendly Minions","Hermit","HexUI Lib","Highlight Path","Hubris","Infinite Spire","Minty Spire (QoL Compilation)","READ ME - Guardian Mod","Relic Stats","Somnambulant","StSLib","The Bladedancer","The Bug Knight","The Cursed","The Disciple","The Forsaken","The Jungle","The Marked","The Necromancer","The Runesmith"],"gold_per_floor":[99,109,123,423,435,435,435,435,450,38,38,38,38,54,70,70,70],"floor_reached":16,"language":"ENG","playtime":1036,"items_purged":["downfall:Icky"],"score":92,"play_id":"85925b8e-3f1c-4224-8f0e-4680b15af8f4","local_time":"20210117205010","is_ascension_mode":false,"campfire_choices":[{"data":"bronze:Goto","floor":1,"key":"SMITH"},{"data":"bronze:Frontload","floor":6,"key":"SMITH"},{"floor":11,"key":"REST"},{"data":"bronze:Shell","floor":13,"key":"SMITH"}],"circlet_count":0,"master_deck":["bronze:Strike","bronze:Strike","bronze:Strike","bronze:Strike","bronze:Defend","bronze:Defend","bronze:Defend","bronze:Defend","bronze:Replicate","bronze:Goto+1","bronze:BronzeOrb","bronze:Allocate","downfall:Icky","bronze:Frontload+1","bronze:Shell+1","bronze:GetLatest","bronze:WildBeam","bronze:Mutator","bronze:BugBarrage","bronze:DelayedGuard","Trip","bronze:BuggyMess","bronze:WildBeam"],"relics":["bronze:BronzeCore","Letter Opener","theForsaken:PlagueMask","Membership Card"],"acts_visited":["Exordium"],"potions_floor_usage":[9,16],"damage_taken":[{"damage":0,"enemies":"Jaw Worm","floor":2,"turns":4},{"damage":0,"enemies":"2 Louse","floor":3,"turns":3},{"damage":13,"enemies":"Cultist","floor":5,"turns":6},{"damage":21,"enemies":"Exordium Thugs","floor":9,"turns":8},{"damage":5,"enemies":"downfall:FleeingMerchant","floor":10,"turns":4},{"damage":16,"enemies":"Large Slime","floor":14,"turns":4},{"damage":7,"enemies":"3 Louse","floor":15,"turns":3},{"damage":45,"enemies":"DF_ARCHETYPE_STREAMLINE","floor":16,"turns":6}],"seed_played":"7006844653928220264","potions_obtained":[{"floor":2,"key":"Block Potion"},{"floor":9,"key":"Swift Potion"},{"floor":14,"key":"BlessingOfTheForge"}],"is_trial":false,"path_per_floor":["R","M","M","?","M","R","T","?","M","$","R","?","R","M","M","B"],"character_chosen":"THE_AUTOMATON","items_purchased":["Membership Card","bronze:WildBeam","bronze:Mutator","bronze:BugBarrage","bronze:DelayedGuard","Trip"],"campfire_rested":1,"item_purchase_floors":[10,10,10,10,10,10],"current_hp_per_floor":[77,77,77,77,64,64,64,64,43,38,61,61,61,45,38,0,0],"gold":70,"neow_bonus":"TEN_PERCENT_HP_BONUS","is_daily":false,"chose_seed":false,"campfire_upgraded":3,"win_rate":0.0,"timestamp":1610934610,"path_taken":["R","M","M","?","M","R","T","?","M","$","R","?","R","?","M","BOSS"],"items_purchased_type":["Relic","Card","Card","Card","Card","Card"],"build_version":"2020-12-22","purchased_purges":1,"victory":false,"max_hp_per_floor":[77,77,77,77,77,77,77,77,77,77,77,77,77,77,77,77,77],"relic_stats":{"counters":[8,38],"Letter Opener":[15],"obtain_stats":[{"bronze:BronzeCore":0,"Letter Opener":7,"Membership Card":10,"theForsaken:PlagueMask":8},{"bronze:BronzeCore":0,"Letter Opener":3,"Membership Card":5,"theForsaken:PlagueMask":3},{"bronze:BronzeCore":0,"Letter Opener":13,"Membership Card":25,"theForsaken:PlagueMask":13}]},"card_choices":[{"not_picked":["bronze:WildBeam","bronze:Turbo"],"picked":"bronze:BronzeOrb","floor":2},{"not_picked":["bronze:Flail","bronze:Deprecate"],"picked":"bronze:Allocate","floor":3},{"not_picked":["bronze:BitShift","bronze:Overload"],"picked":"bronze:Frontload","floor":5},{"not_picked":["bronze:Invalidate","bronze:HyperBeam"],"picked":"bronze:Shell","floor":9},{"not_picked":["bronze:Philosophize","bronze:Deprecate"],"picked":"bronze:GetLatest","floor":10},{"not_picked":["bronze:Deprecate","bronze:BugBarrage"],"picked":"bronze:BuggyMess","floor":14},{"not_picked":["bronze:WhirlingStrike","bronze:Shell"],"picked":"bronze:WildBeam","floor":15}],"player_experience":786198,"relics_obtained":[{"floor":7,"key":"Letter Opener"}],"event_choices":[{"damage_healed":0,"gold_gain":0,"player_choice":"Obtain Plague Curse","damage_taken":0,"max_hp_gain":0,"max_hp_loss":0,"event_name":"Plague Doctor","floor":8,"gold_loss":0,"cards_obtained":["theForsaken:PlagueCurse"]}],"is_beta":false,"boss_relics":[],"items_purged_floors":[10],"is_endless":false,"potions_floor_spawned":[2,9,14],"killed_by":"DF_ARCHETYPE_STREAMLINE","ascension_level":0}}