{"host":"ux1e5jwgl66eze79","time":1610981543,"event":{"mods":["2.2 Compatiblity","Act Like it!","Aspiration","BaseMod","Conspire","Downfall","Duelist Mod","GifTheSpireLib","Hermit","Hubris","Minty Spire (QoL Compilation)","StSLib","The Construct","The Cursed","The Disciple","Wandering Minibosses"],"gold_per_floor":[115,134,134,134,5,36,53,118,144,161,200,200,230,269,269,366,366,379,64,64,64],"floor_reached":20,"language":"ENG","playtime":1569,"items_purged":["conspire:GhostlyDefend"],"score":203,"play_id":"6d816f95-5205-4db9-af4c-55f4690f3c70","local_time":"20210118155223","is_ascension_mode":false,"campfire_choices":[{"floor":15,"key":"REST"}],"circlet_count":0,"master_deck":["conspire:GhostlyStrike","conspire:GhostlyStrike","conspire:GhostlyStrike","conspire:GhostlyDefend","conspire:GhostlyDefend","conspire:GhostlyDefend","hermit:Snapshot","hermit:Covet","hermit:CalledShot","hermit:Combo","HandOfGreed","hermit:CalledShot","hermit:Vantage","hermit:ItchyTrigger","hermit:EyeOfTheStorm","Deep Breath","hermit:Headshot","hermit:Gambit","hermit:CalledShot+1","hermit:TakeAim"],"relics":["hermit:Momento","NeowsBlessing","hubris:SphereOfDissonance","aspiration:ChemicalBlood","Philosopher\u0027s Stone","aspiration:StickyExplosives_weak"],"acts_visited":["Exordium","TheCity"],"potions_floor_usage":[10,13,14,14,16,16,18,20,20,20,20],"damage_taken":[{"damage":0,"enemies":"Jaw Worm","floor":1,"turns":1},{"damage":2,"enemies":"conspire:RoseBush","floor":2,"turns":1},{"damage":0,"enemies":"Gremlin Nob","floor":6,"turns":1},{"damage":6,"enemies":"Cultist","floor":7,"turns":5},{"damage":4,"enemies":"Exordium Wildlife","floor":8,"turns":3},{"damage":8,"enemies":"Exordium Thugs","floor":10,"turns":7},{"damage":21,"enemies":"2 Fungi Beasts","floor":11,"turns":4},{"damage":0,"enemies":"Gremlin Gang","floor":13,"turns":3},{"damage":14,"enemies":"Large Slime","floor":14,"turns":4},{"damage":21,"enemies":"Slime Boss","floor":16,"turns":8},{"damage":26,"enemies":"2 Thieves","floor":18,"turns":3},{"damage":50,"enemies":"conspire:FuzzyDice","floor":20,"turns":5}],"seed_played":"-1535584772479657912","potions_obtained":[{"floor":8,"key":"LiquidMemories"},{"floor":10,"key":"Explosive Potion"},{"floor":11,"key":"Weak Potion"},{"floor":14,"key":"Ancient Potion"}],"is_trial":false,"path_per_floor":["M","M","?","?","$","E","M","M","T","M","M","?","M","M","R","B",null,"M","$","M"],"character_chosen":"HERMIT","items_purchased":["hermit:CalledShot","aspiration:StickyExplosives_weak","hermit:TakeAim"],"campfire_rested":1,"item_purchase_floors":[5,19,19],"current_hp_per_floor":[75,73,73,73,73,73,67,63,63,55,34,34,34,20,42,21,75,49,49,0,0],"gold":64,"neow_bonus":"THREE_ENEMY_KILL","is_daily":false,"chose_seed":false,"campfire_upgraded":0,"win_rate":0.0,"timestamp":1610981543,"path_taken":["M","M","?","?","$","E","M","?","T","M","M","?","M","M","R","BOSS","M","$","M"],"items_purchased_type":["Card","Relic","Card"],"build_version":"2020-12-22","purchased_purges":1,"victory":false,"max_hp_per_floor":[75,75,75,75,75,75,75,75,75,75,75,75,75,75,75,75,75,75,75,75,75],"card_choices":[{"not_picked":["hermit:Dive","hermit:Roulette"],"picked":"hermit:CalledShot","floor":1},{"not_picked":["hermit:Manifest","hermit:Vantage"],"picked":"hermit:Combo","floor":2},{"not_picked":["hermit:BodyArmor","hermit:Brawl","hermit:HighCaliber"],"picked":"SKIP","floor":6},{"not_picked":["hermit:CursedWeapon","hermit:Quickdraw"],"picked":"hermit:Vantage","floor":7},{"not_picked":["hermit:DeadMansHand","hermit:Feint","hermit:Spite"],"picked":"SKIP","floor":8},{"not_picked":["hermit:LoneWolf","hermit:BlackWind"],"picked":"hermit:ItchyTrigger","floor":10},{"not_picked":["hermit:Vantage","hermit:HighCaliber"],"picked":"hermit:EyeOfTheStorm","floor":11},{"not_picked":["hermit:BodyArmor","hermit:SprayPray","hermit:NoHoldsBarred"],"picked":"SKIP","floor":13},{"not_picked":["hermit:Roughhouse","hermit:EyeOfTheStorm"],"picked":"hermit:Headshot","floor":14},{"not_picked":["hermit:HighNoon","hermit:DeadOrAlive"],"picked":"hermit:Gambit","floor":16},{"not_picked":["hermit:Desperado","hermit:Deadeye"],"picked":"hermit:CalledShot+1","floor":18}],"player_experience":153502,"relics_obtained":[{"floor":6,"key":"hubris:SphereOfDissonance"},{"floor":9,"key":"aspiration:ChemicalBlood"}],"event_choices":[{"damage_healed":0,"gold_gain":0,"player_choice":"Agree","damage_taken":0,"max_hp_gain":0,"max_hp_loss":0,"event_name":"conspire:LoneGhost","floor":3,"gold_loss":0},{"damage_healed":0,"gold_gain":0,"cards_transformed":["conspire:GhostlyStrike"],"player_choice":"Transformed","damage_taken":0,"max_hp_gain":0,"max_hp_loss":0,"event_name":"Transmorgrifier","floor":4,"gold_loss":0,"cards_obtained":["HandOfGreed"]},{"damage_healed":0,"gold_gain":0,"player_choice":"1 cards matched","damage_taken":0,"max_hp_gain":0,"max_hp_loss":0,"event_name":"Match and Keep!","floor":12,"gold_loss":0,"cards_obtained":["Deep Breath"]}],"is_beta":false,"boss_relics":[{"not_picked":["aspiration:SilentSkillbook","Sozu"],"picked":"Philosopher\u0027s Stone"}],"items_purged_floors":[5],"is_endless":false,"potions_floor_spawned":[8,10,11,14],"killed_by":"conspire:FuzzyDice","ascension_level":0}}