{"host":"i0m9g0siyue4991n","time":1610959997,"event":{"mods":["100% Spire Juice","ATMod(°¢èªMod)","Act Like it!","BaseMod","BetterRewards","CapriCore","Challenge The Spire","Custom Start","Friendly Minions","Gensokyo","HololiveMod","Marisa£¨ìFÓê¡¡Ä§ÀíÉ³£©","Minty Spire (QoL Compilation)","Quick Restart","Reimu£¨²©ÀöÁéÃÎ£©","RumiaBox-Â¶Ã×æ«µÄÉñÃØºÐ×Ó","StSLib","The Administrix","The Immortal","The Servant 0.9.4","Yakumo Yukari mod"],"gold_per_floor":[332,352,370,320,344,344,375,392,392,407,407,143,163,178,178,251,251,270,369,188,188,188,215,235,235,259,259,269,295,395,408,408,485,485,499,512,530,567,146,176,202,202,249,274,293,310,310,322,322,322,322,322,70,103,103],"floor_reached":56,"language":"ZHS","playtime":2056,"items_purged":["Hololive_Strike","Hololive_CallShirakamiFubuki","Hololive_Defend","Hololive_OvertimeWork"],"score":2430,"play_id":"2d529388-c807-475d-bbbd-59fcb22532ad","local_time":"20210118165317","is_ascension_mode":true,"campfire_choices":[{"data":"AT_FamilyPortrait","floor":6,"key":"SMITH"},{"data":"Hololive_CallDoris","floor":11,"key":"SMITH"},{"data":"Hololive_CallMoonaHoshinova","floor":15,"key":"SMITH"},{"data":"Hololive_IdolExercise","floor":25,"key":"SMITH"},{"data":"Hololive_CallRoboco","floor":27,"key":"SMITH"},{"data":"Hololive_Teleport","floor":32,"key":"SMITH"},{"data":"Hololive_DDD","floor":47,"key":"SMITH"},{"floor":49,"key":"RECALL"},{"data":"Hololive_Rebirth","floor":52,"key":"SMITH"}],"circlet_count":0,"master_deck":["AscendersBane","Hololive_Defend+1","Hololive_CallYuzukiChoco","Hololive_CallRoboco+1","Hololive_CallUruhaRushia","Hololive_CallShirakamiFubuki","AT_FamilyPortrait+1","Hololive_LuckPotion","Hololive_CallDoris+1","Hololive_CallMoonaHoshinova+1","Hololive_CallMurasakiShion","Hololive_Teleport+1","Hololive_CallOzoraSubaru","Hololive_CallNekomataOkayu","Hololive_IdolExercise+1","Hololive_Trident","Hololive_CallRosalyn","Hololive_CallInugamiKorone","Hololive_OvertimeWork+1","Hololive_CallAkiRosenthal","Hololive_DDD+1","Hololive_CallTokinoSora","Hololive_DurableLive","Hololive_FlyingPonyTail","Hololive_FlyingPonyTail","Hololive_Thief","Hololive_CallAkaiHaato","Hololive_CallNakiriAyame","Hololive_CallAZKi","Hololive_Spy","Hololive_Rebirth+1","Hololive_Teleport+1"],"relics":["Hololive_TheStar","AT_ATBox","AT_ArcaneBoots","OrangePellets","Runic Pyramid","Nloth\u0027s Gift","AT_BladeRuinedKing","Regal Pillow","AT_Manta","Black Star","Toy Ornithopter","Orrery","GodSword6","Tea:ReiMu","Oddly Smooth Stone","SSSystem","Hololive_LightStick","AT_DeathDance","AT_ArchangelStaff","Orichalcum"],"acts_visited":["Exordium","TheCity","TheBeyond","TheEnding"],"potions_floor_usage":[3],"damage_taken":[{"damage":0,"enemies":"2 Louse","floor":1,"turns":3},{"damage":0,"enemies":"Jaw Worm","floor":2,"turns":2},{"damage":0,"enemies":"Cultist","floor":3,"turns":2},{"damage":0,"enemies":"Lagavulin","floor":7,"turns":3},{"damage":0,"enemies":"3 Louse","floor":8,"turns":1},{"damage":0,"enemies":"Gremlin Gang","floor":10,"turns":1},{"damage":0,"enemies":"Exordium Thugs","floor":13,"turns":2},{"damage":0,"enemies":"Exordium Wildlife","floor":14,"turns":3},{"damage":0,"enemies":"The Guardian","floor":16,"turns":5},{"damage":0,"enemies":"Chosen","floor":18,"turns":3},{"damage":21,"enemies":"Gremlin Leader","floor":23,"turns":5},{"damage":0,"enemies":"Shell Parasite","floor":24,"turns":4},{"damage":0,"enemies":"Cultist and Chosen","floor":28,"turns":3},{"damage":0,"enemies":"Book of Stabbing","floor":29,"turns":2},{"damage":0,"enemies":"Snake Plant","floor":31,"turns":2},{"damage":2,"enemies":"Champ","floor":33,"turns":4},{"damage":0,"enemies":"3 Darklings","floor":35,"turns":3},{"damage":0,"enemies":"3 Shapes","floor":36,"turns":4},{"damage":15,"enemies":"3 Darklings","floor":37,"turns":3},{"damage":0,"enemies":"Sphere and 2 Shapes","floor":38,"turns":4},{"damage":0,"enemies":"Giant Head","floor":40,"turns":5},{"damage":0,"enemies":"Nemesis","floor":44,"turns":2},{"damage":0,"enemies":"Maw","floor":45,"turns":2},{"damage":0,"enemies":"4 Shapes","floor":46,"turns":2},{"damage":0,"enemies":"Writhing Mass","floor":48,"turns":2},{"damage":0,"enemies":"Donu and Deca","floor":50,"turns":4},{"damage":0,"enemies":"Shield and Spear","floor":54,"turns":7},{"damage":0,"enemies":"The Heart","floor":55,"turns":5}],"seed_played":"-3762768614121832285","potions_obtained":[{"floor":1,"key":"FearPotion"},{"floor":7,"key":"Fire Potion"},{"floor":13,"key":"Energy Potion"},{"floor":16,"key":"Swift Potion"}],"is_trial":false,"path_per_floor":["M","M","M","?","T","R","E","M","T","M","R","$","M","M","R","B",null,"M","?","$","?","?","E","M","R","T","R","M","E","?","M","R","B",null,"M","M","M","M","$","E","T","?","T","E","M","M","R","M","R","B",null,"R","$","E","B",null],"character_chosen":"Hololive_HololiveCharacter","items_purchased":["Hololive_Teleport","OrangePellets","Hololive_CallRosalyn","Toy Ornithopter","Orrery","FairyPotion"],"campfire_rested":0,"item_purchase_floors":[12,12,20,39,39,53],"current_hp_per_floor":[23,23,23,23,23,23,23,23,23,23,23,23,23,23,23,23,32,32,32,32,32,32,11,11,11,11,11,11,11,11,11,11,9,29,29,29,14,14,14,14,14,14,14,14,14,14,14,14,14,14,30,30,30,30,30],"gold":103,"neow_bonus":"TWO_FIFTY_GOLD","is_daily":false,"chose_seed":false,"campfire_upgraded":8,"win_rate":0.0,"timestamp":1610959997,"path_taken":["M","M","M","?","?","R","E","M","T","M","R","$","M","M","R","BOSS","M","?","$","?","?","E","M","R","T","R","?","E","?","M","R","BOSS","M","M","?","?","$","E","?","?","T","E","M","?","R","M","R","BOSS","R","$","E","BOSS"],"items_purchased_type":["Card","Relic","Card","Relic","Relic","Potion"],"build_version":"2020-12-22","purchased_purges":4,"victory":true,"max_hp_per_floor":[35,35,35,35,35,35,35,35,35,35,35,35,35,35,35,35,35,35,35,35,35,35,35,35,35,35,35,35,35,35,35,35,35,35,35,35,35,35,35,35,35,35,35,35,35,35,35,35,35,35,35,35,35,35,35],"card_choices":[{"not_picked":["Hololive_Sequa","Hololive_RevenueBasedLive","Hololive_CocoNews"],"picked":"Hololive_LuckPotion","floor":1},{"not_picked":["Hololive_RevenueBasedLive","Hololive_OvertimeWork","Hololive_CallKiryuuCoco"],"picked":"Hololive_CallDoris","floor":2},{"not_picked":["Hololive_RevenueBasedLive","Hololive_StrengthChampion","Hololive_FlyingPonyTail"],"picked":"Hololive_CallMoonaHoshinova","floor":3},{"not_picked":["Hololive_CallShiranuiFlare","Hololive_HighAtkLowDef","Hololive_LuckPotion"],"picked":"Hololive_CallMurasakiShion","floor":7},{"not_picked":["Hololive_HuntDinosaur","Hololive_CocoNews","Hololive_ManjiGathering","Hololive_LuckPotion"],"picked":"SKIP","floor":8},{"not_picked":["Hololive_LuckPotion","Hololive_StrengthChampion","Hololive_HuntDinosaur","Hololive_Breathe"],"picked":"SKIP","floor":10},{"not_picked":["Hololive_Rebound","Hololive_WolfAndLamb","Hololive_CallHoshimachiSuisei"],"picked":"Hololive_CallOzoraSubaru","floor":13},{"not_picked":["Hololive_HuntDinosaur","Hololive_Trident","Hololive_Yoholoon"],"picked":"Hololive_CallNekomataOkayu","floor":14},{"not_picked":["Hololive_MaximGun","Hololive_Nanodesu","Hololive_ScarfAndHalo"],"picked":"Hololive_IdolExercise","floor":16},{"not_picked":["Hololive_Breathe","Hololive_Drill","Hololive_RevenueBasedLive"],"picked":"Hololive_Trident","floor":18},{"not_picked":["Hololive_StarCraft","Hololive_Teleport","Hololive_CallOmaruPolka+1"],"picked":"Hololive_OvertimeWork+1","floor":23},{"not_picked":["Hololive_Breathe","Hololive_CocoNews","Hololive_OvertimeWork"],"picked":"Hololive_CallAkiRosenthal","floor":24},{"not_picked":["Hololive_Sequa","Hololive_ScarfAndHalo","Hololive_Rebound","Hololive_OvertimeWork+1"],"picked":"SKIP","floor":28},{"not_picked":["Hololive_MaximGun","Hololive_CallUsadaPekora","Hololive_CallManoAloe+1"],"picked":"Hololive_DDD","floor":29},{"not_picked":["Hololive_Breathe","Hololive_Drill","Hololive_CallShiranuiFlare"],"picked":"Hololive_CallTokinoSora","floor":31},{"not_picked":["Hololive_DDD","Hololive_MaximGun","Hololive_DiamondStrike"],"picked":"Hololive_DurableLive","floor":33},{"not_picked":["Hololive_LuckPotion","Hololive_Breathe","Hololive_CallCivia","Hololive_Trident"],"picked":"SKIP","floor":35},{"not_picked":["Hololive_Psychosis","Hololive_StrengthChampion","Hololive_CallCivia"],"picked":"Hololive_FlyingPonyTail","floor":36},{"not_picked":["Hololive_HuntDinosaur","Hololive_Breathe","Hololive_Trident","Hololive_CocoNews+1"],"picked":"SKIP","floor":37},{"not_picked":["Hololive_CallInugamiKorone","Hololive_Psychosis+1","Hololive_Nanodesu"],"picked":"Hololive_FlyingPonyTail","floor":38},{"not_picked":["Hololive_Breathe+1","Hololive_CallTsunomakiWatame","Hololive_Trident"],"picked":"Hololive_Thief","floor":39},{"not_picked":["Hololive_OvertimeWork+1","Hololive_HuntDinosaur","Hololive_Trident"],"picked":"Hololive_CallAkaiHaato","floor":39},{"not_picked":["Hololive_CocoNews","Hololive_IdolExercise","Hololive_CallAiraniIofifteen"],"picked":"Hololive_CallNakiriAyame","floor":39},{"not_picked":["Hololive_StrengthChampion","Hololive_Watashimo","Hololive_CocoNews","Hololive_CallAyundaRisu"],"picked":"SKIP","floor":40},{"not_picked":["Hololive_Nanodesu","Hololive_AWSL","Hololive_HuntDinosaur"],"picked":"Hololive_CallAZKi","floor":44},{"not_picked":["Hololive_FlyingPonyTail","Hololive_CallShirakamiFubuki+1","Hololive_Trident+1"],"picked":"Hololive_Spy","floor":45},{"not_picked":["Hololive_Drill","Hololive_Trident","Hololive_FlyingPonyTail"],"picked":"Hololive_Rebirth","floor":46},{"not_picked":["Hololive_StrengthChampion+1","Hololive_RevenueBasedLive","Hololive_Breathe+1"],"picked":"Hololive_Teleport+1","floor":48},{"not_picked":["Hololive_RevenueBasedLive","Hololive_DDD","Hololive_Teleport","Hololive_CallMurasakiShion"],"picked":"SKIP","floor":54}],"player_experience":559354,"relics_obtained":[{"floor":7,"key":"AT_SpeedBoots"},{"floor":9,"key":"GodSword3"},{"floor":23,"key":"AT_BladeRuinedKing"},{"floor":26,"key":"Regal Pillow"},{"floor":29,"key":"AT_Manta"},{"floor":40,"key":"GodSword6"},{"floor":40,"key":"Tea:ReiMu"},{"floor":41,"key":"Oddly Smooth Stone"},{"floor":42,"key":"SSSystem"},{"floor":43,"key":"Hololive_LightStick"},{"floor":44,"key":"AT_DeathDance"},{"floor":54,"key":"AT_ArchangelStaff"},{"floor":54,"key":"Orichalcum"}],"event_choices":[{"cards_removed":["Hololive_Strike"],"damage_healed":0,"gold_gain":0,"player_choice":"Card Removal","damage_taken":0,"max_hp_gain":0,"max_hp_loss":0,"event_name":"The Cleric","floor":4,"gold_loss":50},{"damage_healed":0,"gold_gain":99,"player_choice":"Stole From Cult","damage_taken":0,"max_hp_gain":0,"max_hp_loss":0,"event_name":"Nest","floor":19,"gold_loss":0},{"damage_healed":0,"gold_gain":0,"player_choice":"Read","damage_taken":0,"max_hp_gain":0,"max_hp_loss":0,"event_name":"The Library","floor":21,"gold_loss":0,"cards_obtained":["Hololive_CallInugamiKorone"]},{"damage_healed":0,"gold_gain":0,"player_choice":"Traded Relic","damage_taken":0,"relics_obtained":["Nloth\u0027s Gift"],"max_hp_gain":0,"max_hp_loss":0,"event_name":"N\u0027loth","floor":22,"relics_lost":["GodSword3"],"gold_loss":0},{"damage_healed":0,"gold_gain":100,"player_choice":"Pray","damage_taken":0,"max_hp_gain":0,"max_hp_loss":0,"event_name":"Golden Shrine","floor":30,"gold_loss":0},{"damage_healed":0,"gold_gain":0,"player_choice":"Relic","damage_taken":0,"max_hp_gain":0,"max_hp_loss":0,"event_name":"Wheel of Change","floor":42,"gold_loss":0}],"is_beta":false,"boss_relics":[{"not_picked":["Calling Bell","EasyGame_NEW"],"picked":"Runic Pyramid"},{"not_picked":["AT_TrinityForce","AT_MortalBlade"],"picked":"Black Star"}],"items_purged_floors":[12,20,39,53],"is_endless":false,"potions_floor_spawned":[1,7,13,14,16,23,29,33,36,38,44,45],"ascension_level":13}}