{"host":"cw25u8qal1h0d7ia","time":1610994380,"event":{"mods":["BaseMod","Downfall","Minty Spire (QoL Compilation)","StSLib"],"gold_per_floor":[99,115,133,147,297,316,342,354,381,400,300,38,38,38,57,158,158,158,177,194,194,210,210,210,210,244,256,267,367,367,367,380,482,482,482,482,31,31,51,86,86,86,120,120,135,149,261,261,278,278],"floor_reached":51,"language":"ENG","playtime":6200,"items_purged":["Pain"],"score":974,"play_id":"ae43b298-66cf-482e-88a1-5c865af06e28","local_time":"20210118192620","is_ascension_mode":false,"campfire_choices":[{"data":"Guardian:BodySlam","floor":11,"key":"SMITH"},{"data":"Guardian:Repulse","floor":13,"key":"SMITH"},{"data":"Guardian:ExploitGems","floor":18,"key":"SMITH"},{"data":"Guardian:Clone","floor":35,"key":"SMITH"},{"data":"Guardian:EvasiveProtocol","floor":42,"key":"SMITH"},{"data":"Guardian:ConstructionForm","floor":44,"key":"SMITH"}],"circlet_count":0,"master_deck":["Guardian:Strike_Guardian+1","Guardian:Strike_Guardian+1","Guardian:Defend_Guardian+1","Guardian:Defend_Guardian+1","Guardian:Defend_Guardian+1","Guardian:Defend_Guardian+1","Guardian:CurlUp","Guardian:TwinSlam","Guardian:BodySlam+1","Guardian:ChargeCore","Guardian:EvasiveProtocol+1","Guardian:Repulse+1","Guardian:ExploitGems+1","Guardian:Gem_Crimson","Guardian:FloatingOrbs+1","Guardian:Clone+1","Guardian:ConstructionForm+1","Guardian:SpikerProtocol+1"],"relics":["Guardian:ModeShifter","Guardian:PickAxe","downfall:HeartBlessingGreen","Kunai","Empty Cage","Nloth\u0027s Gift","Ginger","Darkstone Periapt","Lizard Tail","Mummified Hand","downfall:RedIOU","Coffee Dripper","Unceasing Top","Boot","Omamori","Gremlin Horn","Bag of Marbles","bronze:DonusWashers"],"acts_visited":["Exordium","TheCity","TheBeyond"],"potions_floor_usage":[10,16,16,22,29,31,45,50],"damage_taken":[{"damage":0,"enemies":"Small Slimes","floor":2,"turns":5},{"damage":4,"enemies":"Cultist","floor":3,"turns":3},{"damage":2,"enemies":"Jaw Worm","floor":4,"turns":6},{"damage":2,"enemies":"Large Slime","floor":6,"turns":8},{"damage":0,"enemies":"2 Fungi Beasts","floor":8,"turns":2},{"damage":24,"enemies":"3 Sentries","floor":9,"turns":9},{"damage":10,"enemies":"Exordium Thugs","floor":10,"turns":5},{"damage":4,"enemies":"downfall:FleeingMerchant","floor":12,"turns":4},{"damage":7,"enemies":"3 Louse","floor":15,"turns":3},{"damage":26,"enemies":"IC_STATUS_ARCHETYPE","floor":16,"turns":9},{"damage":11,"enemies":"Chosen","floor":19,"turns":5},{"damage":6,"enemies":"Shelled Parasite and Fungi","floor":20,"turns":4},{"damage":12,"enemies":"Snecko","floor":22,"turns":6},{"damage":22,"enemies":"Book of Stabbing","floor":26,"turns":6},{"damage":13,"enemies":"Snake Plant","floor":27,"turns":4},{"damage":0,"enemies":"Cultist and Chosen","floor":28,"turns":5},{"damage":0,"enemies":"Colosseum Nobs","floor":29,"turns":3},{"damage":0,"enemies":"Slavers","floor":31,"turns":1},{"damage":3,"enemies":"3 Cultists","floor":32,"turns":6},{"damage":28,"enemies":"WA_ARCHETYPE_CALM","floor":33,"turns":11},{"damage":6,"enemies":"downfall:FleeingMerchant","floor":37,"turns":4},{"damage":0,"enemies":"3 Darklings","floor":39,"turns":5},{"damage":5,"enemies":"Giant Head","floor":40,"turns":5},{"damage":7,"enemies":"Nemesis","floor":43,"turns":5},{"damage":8,"enemies":"3 Shapes","floor":45,"turns":3},{"damage":0,"enemies":"3 Darklings","floor":46,"turns":3},{"damage":0,"enemies":"downfall:FleeingMerchant","floor":47,"turns":3},{"damage":0,"enemies":"Writhing Mass","floor":49,"turns":3},{"damage":0,"enemies":"DF_ARCHETYPE_ORBS","floor":50,"turns":5}],"seed_played":"-3814126944797826075","potions_obtained":[{"floor":4,"key":"Explosive Potion"},{"floor":8,"key":"SteroidPotion"},{"floor":9,"key":"SpeedPotion"},{"floor":15,"key":"SmokeBomb"},{"floor":20,"key":"GamblersBrew"},{"floor":26,"key":"DistilledChaos"},{"floor":32,"key":"SneckoOil"},{"floor":33,"key":"Dexterity Potion"},{"floor":43,"key":"Ancient Potion"},{"floor":49,"key":"DuplicationPotion"}],"is_trial":false,"path_per_floor":["R","M","M","M","?","M","T","M","E","M","R","$","R","?","M","B",null,"R","M","M","?","M","?","T","R","E","M","M","?","?","E","M","B",null,"R","?","$","?","M","E","T","R","E","R","M","M","$","?","M","B",null],"character_chosen":"GUARDIAN","items_purchased":["Kunai","Unceasing Top","Boot","bronze:DonusWashers"],"campfire_rested":0,"item_purchase_floors":[12,37,37,47],"current_hp_per_floor":[80,80,76,74,74,72,72,72,48,38,38,34,34,34,27,1,80,80,69,63,63,51,51,51,51,29,16,16,16,16,16,13,28,80,80,80,74,92,92,87,87,87,80,80,72,72,72,72,72,72],"gold":278,"neow_bonus":"RANDOM_COMMON_RELIC","is_daily":false,"chose_seed":false,"campfire_upgraded":6,"win_rate":0.0,"timestamp":1610994380,"path_taken":["R","M","M","M","?","M","T","M","E","M","R","$","R","?","M","BOSS","R","M","M","?","?","?","T","R","E","M","M","?","?","E","M","BOSS","R","?","?","?","M","E","T","R","E","R","M","?","$","?","M","BOSS"],"items_purchased_type":["Relic","Relic","Relic","Relic"],"build_version":"2020-12-22","purchased_purges":1,"victory":true,"max_hp_per_floor":[80,80,80,80,80,80,80,80,80,80,80,80,80,80,80,80,80,80,80,80,80,80,80,80,80,80,80,80,80,80,80,80,80,80,80,80,80,98,98,98,98,98,98,98,98,98,98,98,98,98],"card_choices":[{"not_picked":["Guardian:Gem_Blue","Guardian:Recover"],"picked":"Guardian:Gem_Crimson","floor":2},{"not_picked":["Guardian:TemporalShield","Guardian:WalkerClaw"],"picked":"Guardian:Gem_White","floor":3},{"not_picked":["Guardian:EvasiveProtocol","Guardian:Suspension"],"picked":"Guardian:BodySlam","floor":4},{"not_picked":["Guardian:Gem_Green","Guardian:Gem_Cyan"],"picked":"Guardian:ChargeCore","floor":6},{"not_picked":["Guardian:Gem_Red","Guardian:Harden","Guardian:Incinerate"],"picked":"SKIP","floor":8},{"not_picked":["Guardian:Incinerate","Guardian:ShieldCharger"],"picked":"Guardian:EvasiveProtocol","floor":9},{"not_picked":["Guardian:Preprogram","Guardian:WalkerClaw"],"picked":"Guardian:Repulse","floor":10},{"not_picked":["Guardian:Suspension","Guardian:Repulse","Guardian:Gem_Fragmented"],"picked":"SKIP","floor":12},{"not_picked":["Guardian:Clone","Guardian:BodySlam","Guardian:TimeBomb"],"picked":"SKIP","floor":15},{"not_picked":["Guardian:StasisStrike","Guardian:GatlingBeam"],"picked":"Guardian:ExploitGems","floor":16},{"not_picked":["Guardian:BodySlam","Guardian:Gem_Crimson","Guardian:DecasProtection"],"picked":"SKIP","floor":19},{"not_picked":["Guardian:Incinerate","Guardian:Gem_Red","Guardian:TimeBomb"],"picked":"SKIP","floor":20},{"not_picked":["Guardian:Repulse","Guardian:RollAttack","Guardian:BodySlam"],"picked":"SKIP","floor":22},{"not_picked":["Guardian:Suspension","Guardian:HyperBeam_Guardian"],"picked":"Guardian:Gem_Orange","floor":26},{"not_picked":["Guardian:TemporalStrike","Guardian:ShieldCharger","Guardian:ChargeCore"],"picked":"SKIP","floor":27},{"not_picked":["Guardian:Gem_Cyan","Guardian:ShieldCharger"],"picked":"Guardian:FloatingOrbs+1","floor":28},{"not_picked":["Guardian:Gem_Fragmented","Guardian:Reroute"],"picked":"Guardian:Clone","floor":29},{"not_picked":["Guardian:Incinerate","Guardian:Gem_Lightblue","Guardian:TimeBomb"],"picked":"SKIP","floor":32},{"not_picked":["Guardian:TimeSifter","Guardian:StasisField"],"picked":"Guardian:Gem_Orange","floor":33},{"not_picked":["Guardian:Harden","Guardian:Recover","Guardian:Gem_Lightblue"],"picked":"SKIP","floor":37},{"not_picked":["Guardian:ShieldCharger","Guardian:EvasiveProtocol","Guardian:TemporalStrike+1"],"picked":"SKIP","floor":39},{"not_picked":["Guardian:ShieldSpikes","Guardian:PolyBeam+1","Guardian:StasisField"],"picked":"SKIP","floor":40},{"not_picked":["Guardian:FastForward","Guardian:WalkerClaw"],"picked":"Guardian:ConstructionForm","floor":43},{"not_picked":["Guardian:Recover","Guardian:Planning","Guardian:PiercingHide+1"],"picked":"SKIP","floor":45},{"not_picked":["Guardian:WalkerClaw+1","Guardian:Orbwalk+1","Guardian:Incinerate"],"picked":"SKIP","floor":46},{"not_picked":["Guardian:Reroute+1","Guardian:Gem_Fragmented","Guardian:ConstructionForm"],"picked":"SKIP","floor":47},{"not_picked":["Guardian:MultiBeam","Guardian:Gem_Green"],"picked":"Guardian:SpikerProtocol+1","floor":49}],"player_experience":598036,"relics_obtained":[{"floor":7,"key":"Akabeko"},{"floor":9,"key":"Whetstone"},{"floor":24,"key":"Ginger"},{"floor":26,"key":"Darkstone Periapt"},{"floor":29,"key":"Lizard Tail"},{"floor":29,"key":"Mummified Hand"},{"floor":40,"key":"Omamori"},{"floor":41,"key":"Gremlin Horn"},{"floor":43,"key":"Bag of Marbles"}],"event_choices":[{"cards_removed":["Guardian:Gem_Fragmented"],"damage_healed":0,"gold_gain":0,"player_choice":"Offered Uncommon","damage_taken":0,"max_hp_gain":0,"max_hp_loss":0,"event_name":"Bonfire Elementals","floor":36,"gold_loss":0}],"is_beta":false,"boss_relics":[{"not_picked":["Runic Dome","SlaversCollar"],"picked":"Empty Cage"},{"not_picked":["Fusion Hammer","bronze:MakeshiftBattery"],"picked":"Coffee Dripper"}],"items_purged_floors":[47],"is_endless":false,"potions_floor_spawned":[4,8,9,15,20,26,32,33,43,49],"ascension_level":0}}