{"host":"w05x4i13f2m9joq1","time":1610946892,"event":{"mods":["Act Like it!","Bard","BaseMod","Better Altar","Better Match","Better Note","Better Sensory Stone","Better Skull","Better Third Choice","BetterRewards","Colored Map","Colored Powertips","Duelist Mod","GifTheSpireLib","Googly Eyes","Ironclad Rager","Lobotomy","LobotomyExtend","Marisa????????","Minty Spire (QoL Compilation)","Replay The Spire","Spire Birthday Party","StSLib","The Bug Knight","The Construct","The Hierophant","The IronCluck","The Mystic","TheBandit","everything is the same but u backflip on backflip","slay the spire mod where everything is the same but ironclad has a cowboy hat"],"gold_per_floor":[19,19,19,19,35,35,64,64,64,64,93,93,18,31,31,151,151,175,100,51,72,72,103,127,127,127],"floor_reached":25,"language":"ENG","playtime":846,"items_purged":["Pain"],"score":238,"play_id":"d5f05fde-d916-4fb9-bc4f-3946b2721c13","local_time":"20210118001452","is_ascension_mode":true,"campfire_choices":[{"data":"Bash","floor":6,"key":"SMITH"},{"floor":10,"key":"REST"},{"floor":15,"key":"REST"}],"circlet_count":0,"master_deck":["Bash+1","Twin Strike","Twin Strike","Twin Strike","Twin Strike","Twin Strike","Iron Wave","Iron Wave","Iron Wave","Iron Wave","Iron Wave","Heavy Blade","Twin Strike","Reaper","ICR:Frenzy","Armaments","Flex","Inflame","Feed"],"relics":["Burning Blood","LetterFromLob","Bronze Scales","Question Card","StoneCalendar","Golden Idol","Sozu","ReplayTheSpireMod:Ninjato"],"acts_visited":["Exordium","TheCity"],"potions_floor_usage":[16,16,16,23],"damage_taken":[{"damage":9,"enemies":"Small Slimes","floor":1,"turns":3},{"damage":4,"enemies":"Jaw Worm","floor":5,"turns":2},{"damage":11,"enemies":"Gremlin Nob","floor":7,"turns":3},{"damage":24,"enemies":"3 Sentries","floor":11,"turns":6},{"damage":0,"enemies":"2 Louse","floor":14,"turns":2},{"damage":43,"enemies":"Hexaghost","floor":16,"turns":6},{"damage":21,"enemies":"2 Thieves","floor":18,"turns":4},{"damage":11,"enemies":"3 Byrds","floor":21,"turns":3},{"damage":25,"enemies":"Book of Stabbing","floor":23,"turns":4},{"damage":5,"enemies":"Cultist and Chosen","floor":24,"turns":4},{"damage":54,"enemies":"Slavers","floor":25,"turns":3}],"seed_played":"4015114232653204687","potions_obtained":[{"floor":7,"key":"Explosive Potion"},{"floor":11,"key":"PowerPotion"},{"floor":14,"key":"CultistPotion"},{"floor":16,"key":"ColorlessPotion"}],"is_trial":false,"path_per_floor":["M","?","?","$","M","R","E","?","T","R","E","?","$","M","R","B",null,"M","?","$","M","$","E","M","E"],"character_chosen":"IRONCLAD","items_purchased":["Armaments"],"campfire_rested":2,"item_purchase_floors":[20],"current_hp_per_floor":[48,48,48,48,50,50,45,45,45,66,48,48,48,54,67,30,67,52,52,52,49,49,30,43,0,0],"gold":127,"neow_bonus":"IRONCLAD_BERSERKER","is_daily":false,"chose_seed":false,"campfire_upgraded":1,"win_rate":0.0,"timestamp":1610946892,"path_taken":["M","?","?","$","M","R","E","?","T","R","E","?","$","M","R","BOSS","M","?","$","M","$","E","M","E"],"items_purchased_type":["Card"],"build_version":"2020-12-22","purchased_purges":1,"victory":false,"max_hp_per_floor":[72,72,72,72,72,72,72,72,72,72,72,67,67,67,67,67,67,67,67,67,67,67,67,67,70,70],"card_choices":[{"not_picked":["ReplayTheSpireMod:Stacked","ReplayReversal"],"picked":"Carnage","floor":1},{"not_picked":["Disarm","Intimidate"],"picked":"Iron Wave","floor":5},{"not_picked":["ReplayTheSpireMod:Strike From Hell","Shockwave"],"picked":"Heavy Blade","floor":7},{"not_picked":["Offering","Headbutt","Burning Pact"],"picked":"ReplayTheSpireMod:LeadingStrike","floor":11},{"not_picked":["Anger","Ghostly Armor","Entrench"],"picked":"Twin Strike","floor":14},{"not_picked":["Replay:Many Hands","Double Tap","Corruption"],"picked":"Reaper","floor":16},{"not_picked":["ReplayReversal","Clothesline","Wild Strike"],"picked":"ICR:Frenzy","floor":18},{"not_picked":["Second Wind","Dual Wield","True Grit"],"picked":"Flex","floor":21},{"not_picked":["Feel No Pain+1","Rupture","Iron Wave"],"picked":"Inflame","floor":23},{"not_picked":["ReplayTheSpireMod:Strike From Hell","Sword Boomerang","Replay:Undeath\u0027s Touch"],"picked":"Feed","floor":24}],"player_experience":89235,"relics_obtained":[{"floor":1,"key":"LetterFromLob"},{"floor":7,"key":"Bronze Scales"},{"floor":9,"key":"Question Card"},{"floor":11,"key":"StoneCalendar"},{"floor":23,"key":"ReplayTheSpireMod:Ninjato"}],"event_choices":[{"damage_healed":0,"gold_gain":1,"player_choice":"1","damage_taken":0,"max_hp_gain":0,"max_hp_loss":0,"event_name":"betterStone:BetterStone","floor":2,"gold_loss":0},{"damage_healed":0,"gold_gain":0,"player_choice":"Lose Max HP","damage_taken":0,"relics_obtained":["Golden Idol"],"max_hp_gain":0,"max_hp_loss":5,"event_name":"Golden Idol","floor":12,"gold_loss":0},{"cards_removed":["ReplayTheSpireMod:LeadingStrike"],"damage_healed":0,"gold_gain":0,"player_choice":"Gave Gold","damage_taken":0,"max_hp_gain":0,"max_hp_loss":0,"event_name":"Beggar","floor":19,"gold_loss":75}],"is_beta":false,"boss_relics":[{"not_picked":["Electric Blood","Painkiller Herb"],"picked":"Sozu"}],"items_purged_floors":[13],"is_endless":false,"potions_floor_spawned":[7,11,14,16,23,24],"killed_by":"Slavers","ascension_level":1}}