{"host":"d8hh7rr4yzitjeuj","time":1610947510,"event":{"mods":["2.2 Compatiblity","AchievementEnabler","Act Like it!","BaseMod","Colored Map","Colored Powertips","Highlight Path","Keyboard Shortcuts","Minty Spire (QoL Compilation)","Permanent Neow","Quick Restart","StSLib","SuperFastMode"],"gold_per_floor":[113,123,141,159,55,55,87,87,87,112,112,139,212,225,225,299,299,319,319,319,336,85,85,118,118,200,217,236,336,366,393,393,468,468,481,43,53,53,73,105,105,105],"floor_reached":41,"language":"KOR","playtime":1445,"items_purged":[],"score":1088,"play_id":"d98128d7-9f11-4bc2-9720-2502f7df23f4","local_time":"20210118142510","is_ascension_mode":true,"campfire_choices":[{"data":"Blood for Blood","floor":6.0,"key":"SMITH"},{"data":"Body Slam","floor":11.0,"key":"SMITH"},{"floor":15.0,"key":"REST"},{"data":"Apotheosis","floor":23.0,"key":"SMITH"},{"floor":25.0,"key":"REST"},{"floor":32,"key":"REST"}],"circlet_count":0,"master_deck":["AscendersBane","Bash","Berserk","Blood for Blood+1","Shrug It Off","Spot Weakness","Bloodletting","Intimidate","Body Slam+1","Impervious","Shrug It Off","Body Slam","Feed","J.A.X.","Sword Boomerang","Sword Boomerang","Apotheosis+1","Shrug It Off","Battle Trance","Impervious","Berserk","Armaments","Pommel Strike","Infernal Blade","Fiend Fire","Power Through","Wild Strike","Shrug It Off","Dark Embrace","Madness","Madness","Pummel"],"relics":["Burning Blood","Vajra","Ornamental Fan","Odd Mushroom","FossilizedHelix","Runic Cube","Mercury Hourglass","Shuriken","Torii","Kunai","Centennial Puzzle","Pandora\u0027s Box","Singing Bowl","PreservedInsect","Pear"],"acts_visited":["Exordium","TheCity","TheBeyond"],"potions_floor_usage":[40,40],"damage_taken":[{"damage":10.0,"enemies":"Jaw Worm","floor":1.0,"turns":4.0},{"damage":7.0,"enemies":"2 Louse","floor":2.0,"turns":4.0},{"damage":13.0,"enemies":"Small Slimes","floor":3.0,"turns":5.0},{"damage":8.0,"enemies":"3 Louse","floor":4.0,"turns":3.0},{"damage":23.0,"enemies":"Lagavulin","floor":7.0,"turns":7.0},{"damage":10.0,"enemies":"The Mushroom Lair","floor":10.0,"turns":4.0},{"damage":29.0,"enemies":"3 Sentries","floor":12.0,"turns":7.0},{"damage":0.0,"enemies":"Blue Slaver","floor":14.0,"turns":3.0},{"damage":27.0,"enemies":"The Guardian","floor":16.0,"turns":11.0},{"damage":24.0,"enemies":"Chosen","floor":18.0,"turns":6.0},{"damage":3.0,"enemies":"Shell Parasite","floor":21.0,"turns":3.0},{"damage":31.0,"enemies":"Book of Stabbing","floor":24.0,"turns":4.0},{"damage":6.0,"enemies":"Chosen and Byrds","floor":27.0,"turns":5.0},{"damage":0.0,"enemies":"Centurion and Healer","floor":28.0,"turns":5.0},{"damage":18.0,"enemies":"Colosseum Slavers","floor":29.0,"turns":3.0},{"damage":3.0,"enemies":"Colosseum Nobs","floor":29.0,"turns":3.0},{"damage":16,"enemies":"Gremlin Leader","floor":30,"turns":6},{"damage":6,"enemies":"Champ","floor":33,"turns":7},{"damage":15,"enemies":"3 Darklings","floor":35,"turns":4},{"damage":6,"enemies":"3 Shapes","floor":37,"turns":3},{"damage":6,"enemies":"Sphere and 2 Shapes","floor":39,"turns":4},{"damage":59,"enemies":"Reptomancer","floor":40,"turns":3},{"damage":34,"enemies":"Spire Growth","floor":41,"turns":3}],"seed_played":"4192018702775373648","potions_obtained":[{"floor":3.0,"key":"Fire Potion"},{"floor":4.0,"key":"EntropicBrew"},{"floor":7.0,"key":"PowerPotion"},{"floor":16.0,"key":"ColorlessPotion"},{"floor":18.0,"key":"DistilledChaos"},{"floor":21.0,"key":"SneckoOil"},{"floor":24.0,"key":"SkillPotion"},{"floor":33,"key":"DistilledChaos"},{"floor":35,"key":"AttackPotion"}],"is_trial":false,"path_per_floor":["M","M","M","M","$","R","E","$","T","?","R","E","?","M","R","B",null,"M","?","?","M","$","R","E","R","T","M","M","?","E","T","R","B",null,"M","$","M","?","M","E","M"],"character_chosen":"IRONCLAD","items_purchased":["Intimidate","Body Slam","Apotheosis","Shrug It Off","Singing Bowl","PreservedInsect"],"campfire_rested":3,"item_purchase_floors":[5,5,22,22,36,36],"current_hp_per_floor":[64,63,56,54,54,54,37,37,37,33,33,10,10,16,38,17,61,43,43,43,46,46,46,25,48,48,48,58,49,39,39,63,63,78,73,73,75,59,62,21,0,0],"gold":105,"neow_bonus":"ONE_RANDOM_RARE_CARD","is_daily":false,"chose_seed":false,"campfire_upgraded":3,"win_rate":0.0,"timestamp":1610947510,"path_taken":["M","M","M","M","$","R","E","$","T","?","R","E","?","M","R","BOSS","M","?","?","M","?","R","E","R","T","?","M","?","E","?","R","BOSS","M","$","M","?","M","E","M"],"items_purchased_type":["Card","Card","Card","Card","Relic","Relic"],"build_version":"2020-12-22","purchased_purges":0,"victory":false,"max_hp_per_floor":[75,75,75,75,75,75,75,75,75,75,75,75,75,75,75,75,75,75,75,75,75,75,75,79,79,79,79,83,83,83,83,83,83,83,87,87,89,89,92,104,104,104],"card_choices":[{"not_picked":["Armaments","Flex"],"picked":"Blood for Blood","floor":1.0},{"not_picked":["Sever Soul","Flame Barrier"],"picked":"Shrug It Off","floor":2.0},{"not_picked":["Entrench","Inflame"],"picked":"Spot Weakness","floor":3.0},{"not_picked":["Body Slam","Intimidate"],"picked":"Bloodletting","floor":4.0},{"not_picked":["Battle Trance","Shrug It Off"],"picked":"Impervious","floor":7.0},{"not_picked":["Warcry","Flex"],"picked":"Shrug It Off","floor":10.0},{"not_picked":["Double Tap","Intimidate"],"picked":"Body Slam","floor":12.0},{"not_picked":["Havoc","Warcry","Rampage"],"picked":"SKIP","floor":14.0},{"not_picked":["Demon Form","Impervious"],"picked":"Feed","floor":16.0},{"not_picked":["Anger","Infernal Blade","Intimidate"],"picked":"SKIP","floor":18.0},{"not_picked":["Metallicize","Whirlwind"],"picked":"Sword Boomerang","floor":21.0},{"not_picked":["Rage","True Grit","Searing Blow+1"],"picked":"SKIP","floor":24.0},{"not_picked":["Inflame","Perfected Strike+1"],"picked":"Battle Trance","floor":27.0},{"not_picked":["Anger","Rage","Uppercut"],"picked":"SKIP","floor":28.0},{"not_picked":["Rampage","Perfected Strike","Feed"],"picked":"SKIP","floor":30},{"not_picked":["Demon Form","Immolate"],"picked":"Impervious","floor":33},{"not_picked":["Infernal Blade","Havoc","Flex"],"picked":"SKIP","floor":35},{"not_picked":["Infernal Blade","Clothesline","Wild Strike"],"picked":"Singing Bowl","floor":37},{"not_picked":["Power Through","Uppercut"],"picked":"Pummel","floor":39},{"not_picked":["Second Wind","Whirlwind","Headbutt"],"picked":"Singing Bowl","floor":40}],"player_experience":1444827,"relics_obtained":[{"floor":7.0,"key":"Vajra"},{"floor":9.0,"key":"Ornamental Fan"},{"floor":10.0,"key":"Odd Mushroom"},{"floor":12.0,"key":"FossilizedHelix"},{"floor":24.0,"key":"Mercury Hourglass"},{"floor":26.0,"key":"Shuriken"},{"floor":29.0,"key":"Torii"},{"floor":29.0,"key":"Kunai"},{"floor":30,"key":"Centennial Puzzle"},{"floor":40,"key":"Pear"}],"event_choices":[{"damage_healed":0.0,"max_hp_gain":0.0,"max_hp_loss":0.0,"gold_gain":0.0,"event_name":"Mushrooms","player_choice":"Fought Mushrooms","floor":10.0,"gold_loss":0.0,"damage_taken":0.0},{"damage_healed":0.0,"max_hp_gain":0.0,"max_hp_loss":0.0,"gold_gain":73.0,"event_name":"Golden Wing","player_choice":"Gained Gold","floor":13.0,"gold_loss":0.0,"damage_taken":0.0},{"damage_healed":0.0,"max_hp_gain":0.0,"max_hp_loss":0.0,"gold_gain":0.0,"event_name":"Drug Dealer","player_choice":"Obtain J.A.X.","floor":19.0,"gold_loss":0.0,"damage_taken":0.0,"cards_obtained":["J.A.X."]},{"damage_healed":0.0,"max_hp_gain":0.0,"max_hp_loss":0.0,"gold_gain":0.0,"event_name":"The Library","player_choice":"Read","floor":20.0,"gold_loss":0.0,"damage_taken":0.0,"cards_obtained":["Sword Boomerang"]},{"damage_healed":0.0,"max_hp_gain":0.0,"max_hp_loss":0.0,"gold_gain":0.0,"event_name":"Colosseum","player_choice":"Fight","floor":29.0,"gold_loss":0.0,"damage_taken":0.0},{"damage_healed":0.0,"max_hp_gain":0.0,"max_hp_loss":0.0,"gold_gain":0.0,"event_name":"Colosseum","player_choice":"Fought Nobs","floor":29.0,"gold_loss":0.0,"damage_taken":0.0},{"damage_healed":0,"gold_gain":0,"player_choice":"Embrace Madness","damage_taken":16,"max_hp_gain":0,"max_hp_loss":0,"event_name":"Winding Halls","floor":38,"gold_loss":0,"cards_obtained":["Madness","Madness"]}],"is_beta":false,"boss_relics":[{"not_picked":["Philosopher\u0027s Stone","SacredBark"],"picked":"Runic Cube"},{"not_picked":["Mark of Pain","Runic Pyramid"],"picked":"Pandora\u0027s Box"}],"items_purged_floors":[],"is_endless":false,"potions_floor_spawned":[3,4,7,16,18,21,24,29,33,35,37],"killed_by":"Spire Growth","ascension_level":20}}