{"host":"0zwwzr7xjr1wfyy3","time":1610950865,"event":{"mods":["BaseMod","Downfall","Hermit","Marisa????????","Minty Spire (QoL Compilation)","StSLib","The Cursed","The Servant 0.9.4","Waifu the Spire"],"gold_per_floor":[117,117,132,156,5,5,5,25,49,65,165,199,199,213,213,336,336,359,374,50,64,84,84,109,109,132,172,172,190,190,233,233,361,361,374,439,16,0,16,16,16,16,16,35,35,35,48,73,73,73],"floor_reached":51,"language":"ENG","playtime":3958,"items_purged":["Strike_S"],"score":689,"play_id":"9923d74b-b1e1-4904-bbe2-f7c95c1b7ae0","local_time":"20210117222105","is_ascension_mode":false,"campfire_choices":[{"data":"SurpressingFire","floor":6,"key":"SMITH"},{"data":"FlawlessForm","floor":13,"key":"SMITH"},{"data":"Luminosity","floor":15,"key":"SMITH"},{"data":"FloweringNight","floor":28,"key":"SMITH"},{"data":"SilverBlades","floor":30,"key":"SMITH"},{"floor":32,"key":"REST"},{"floor":40,"key":"REST"},{"floor":42,"key":"REST"},{"data":"Apotheosis","floor":45,"key":"SMITH"},{"data":"Luminosity","floor":49,"key":"SMITH"}],"circlet_count":0,"master_deck":["Strike_S","Strike_S","Strike_S","Defend_S","Defend_S","Defend_S","KidneyShot","Exchange","SurpressingFire+1","ShatteredReality","InstantArmor","Rearm","Starlight","Ricochet","Rearm","Luminosity+1","FlawlessForm+1","TimeWarp","FloweringNight+1","ShiftingGears","Advance","SpecialFormula","Swift Strike","Luminosity+1","Potential+1","GearUp+1","Hightail","Collapse+1","SpecialFormula+1","Spin","RitualDagger","ShatteredReality","Alleviate","SilverBlades+1","TheWorld","TimeWarp","Ricochet+1","Apotheosis+1","Foresight","MoonPhase+1","Contraction+1","Rearm+1","Moonlight"],"relics":["Uniform","NeowsBlessing","Golden Idol","Pen Nib","Bag of Marbles","StoneMask","Orrery","Blood Vial","Toy Ornithopter","Peace Pipe","SlaversCollar","Calipers","Chemical X","Red Mask","Juzu Bracelet"],"acts_visited":["Exordium","TheCity","TheBeyond"],"potions_floor_usage":[39,39],"damage_taken":[{"damage":0,"enemies":"2 Louse","floor":1,"turns":1},{"damage":0,"enemies":"Small Slimes","floor":3,"turns":1},{"damage":0,"enemies":"Cultist","floor":4,"turns":1},{"damage":0,"enemies":"2 Fungi Beasts","floor":8,"turns":3},{"damage":0,"enemies":"Gremlin Gang","floor":10,"turns":3},{"damage":1,"enemies":"Lagavulin","floor":12,"turns":5},{"damage":0,"enemies":"Blue Slaver","floor":14,"turns":2},{"damage":5,"enemies":"Slime Boss","floor":16,"turns":8},{"damage":8,"enemies":"Spheric Guardian","floor":18,"turns":5},{"damage":1,"enemies":"Chosen","floor":19,"turns":5},{"damage":3,"enemies":"Centurion and Healer","floor":21,"turns":5},{"damage":14,"enemies":"3 Cultists","floor":22,"turns":6},{"damage":4,"enemies":"Snake Plant","floor":24,"turns":5},{"damage":14,"enemies":"Slavers","floor":27,"turns":4},{"damage":0,"enemies":"Cultist and Chosen","floor":29,"turns":4},{"damage":51,"enemies":"Book of Stabbing","floor":31,"turns":8},{"damage":24,"enemies":"Collector","floor":33,"turns":10},{"damage":21,"enemies":"3 Shapes","floor":35,"turns":3},{"damage":79,"enemies":"2 Orb Walkers","floor":36,"turns":6},{"damage":14,"enemies":"3 Darklings","floor":39,"turns":3},{"damage":0,"enemies":"Jaw Worm Horde","floor":44,"turns":2},{"damage":0,"enemies":"Spire Growth","floor":47,"turns":5},{"damage":22,"enemies":"Writhing Mass","floor":48,"turns":6},{"damage":92,"enemies":"Donu and Deca","floor":50,"turns":13}],"seed_played":"-9187771364134141492","potions_obtained":[{"floor":3,"key":"Weak Potion"},{"floor":8,"key":"Strength Potion"},{"floor":10,"key":"ColorlessPotion"},{"floor":16,"key":"AttackPotion"},{"floor":22,"key":"hexamod:SoulburnPotion"},{"floor":24,"key":"Explosive Potion"},{"floor":39,"key":"SkillPotion"},{"floor":48,"key":"champ:CounterPotion"}],"is_trial":false,"path_per_floor":["M","?","M","M","$","R","?","M","T","M","?","E","R","M","R","B",null,"M","M","$","M","M","?","M","?","T","E","R","M","R","E","R","B",null,"M","?","$","?","M","R","?","R","T","M","R","$","M","M","R","B",null],"character_chosen":"THE_SERVANT","items_purchased":["Rearm","Starlight","Ricochet","SpecialFormula","Swift Strike","Orrery","Apotheosis","Chemical X","Foresight"],"campfire_rested":3,"item_purchase_floors":[5,5,5,20,20,20,37,37,37],"current_hp_per_floor":[65,65,65,65,65,65,65,65,65,65,65,64,64,64,64,59,65,60,62,62,69,62,56,68,68,68,70,70,78,78,35,58,52,80,73,10,10,10,11,36,36,61,61,72,72,72,90,87,87,19],"gold":73,"neow_bonus":"THREE_ENEMY_KILL","is_daily":false,"chose_seed":false,"campfire_upgraded":7,"win_rate":0.0,"timestamp":1610950865,"path_taken":["M","?","M","M","$","R","?","?","T","M","?","E","R","M","R","BOSS","M","M","$","M","?","?","M","?","T","E","R","M","R","E","R","BOSS","M","?","$","?","M","R","?","R","T","M","R","?","M","M","R","BOSS"],"items_purchased_type":["Card","Card","Card","Card","Card","Relic","Card","Relic","Card"],"build_version":"2020-12-22","purchased_purges":1,"victory":true,"max_hp_per_floor":[65,65,65,65,65,65,65,65,65,65,65,65,65,65,65,65,65,66,67,67,69,72,72,73,73,73,76,76,78,78,79,79,80,80,83,85,85,85,86,86,86,86,86,89,89,89,90,91,91,93],"card_choices":[{"not_picked":["Defy","MoonPhase"],"picked":"SurpressingFire","floor":1},{"not_picked":["ReturningBlade","Defy"],"picked":"ShatteredReality","floor":3},{"not_picked":["Manipulate","Desolation"],"picked":"InstantArmor","floor":4},{"not_picked":["Rewind","Revamp"],"picked":"Rearm","floor":8},{"not_picked":["Moondial","StarChef"],"picked":"Luminosity","floor":10},{"not_picked":["FastForward","Manipulate"],"picked":"FlawlessForm","floor":12},{"not_picked":["Rearm","Manipulate"],"picked":"TimeWarp","floor":14},{"not_picked":["FlawlessForm","KillingDoll"],"picked":"FloweringNight","floor":16},{"not_picked":["Moondial","StarChef"],"picked":"ShiftingGears","floor":18},{"not_picked":["DoubleEdge","ShatteredReality"],"picked":"Advance","floor":19},{"not_picked":["Comet","Unruled+1"],"picked":"Luminosity","floor":20},{"not_picked":["SoulSculpture","Snipe+1"],"picked":"Potential+1","floor":20},{"not_picked":["Alleviate+1","SpecialFormula"],"picked":"GearUp+1","floor":20},{"not_picked":["ShatteredReality+1","Sabotage+1"],"picked":"Hightail","floor":20},{"not_picked":["MoonPhase","Defy+1"],"picked":"Collapse+1","floor":20},{"not_picked":["Rewind","TimeWarp"],"picked":"SpecialFormula+1","floor":21},{"not_picked":["Duplication","Revamp"],"picked":"Spin","floor":22},{"not_picked":["Misdirection+1","Revamp"],"picked":"ShatteredReality","floor":24},{"not_picked":["Replace","Duplication"],"picked":"Alleviate","floor":27},{"not_picked":["GearUp","StarChef"],"picked":"SilverBlades","floor":29},{"not_picked":["Defy","Moondial","Revamp"],"picked":"SKIP","floor":31},{"not_picked":["Initiator","Duplication"],"picked":"TheWorld","floor":33},{"not_picked":["Rearm","Sabotage+1"],"picked":"TimeWarp","floor":35},{"not_picked":["ShatteredReality","StarChef+1"],"picked":"Ricochet+1","floor":36},{"not_picked":["Revamp+1","BestPractice"],"picked":"MoonPhase+1","floor":39},{"not_picked":["StarChef+1","DoubleEdge"],"picked":"Contraction+1","floor":44},{"not_picked":["BestPractice","Replace"],"picked":"Rearm+1","floor":47},{"not_picked":["ShiftingGears","Snipe"],"picked":"Moonlight","floor":48}],"player_experience":26658,"relics_obtained":[{"floor":9,"key":"Pen Nib"},{"floor":12,"key":"Bag of Marbles"},{"floor":26,"key":"Blood Vial"},{"floor":27,"key":"Toy Ornithopter"},{"floor":31,"key":"Peace Pipe"},{"floor":36,"key":"Calipers"},{"floor":43,"key":"Juzu Bracelet"}],"event_choices":[{"damage_healed":0,"gold_gain":0,"player_choice":"Take Wound","damage_taken":0,"relics_obtained":["Golden Idol"],"max_hp_gain":0,"max_hp_loss":0,"event_name":"Golden Idol","floor":2,"gold_loss":0,"cards_obtained":["Injury"]},{"cards_removed":["Injury"],"damage_healed":0,"gold_gain":0,"player_choice":"Removed Curses","damage_taken":0,"max_hp_gain":0,"max_hp_loss":0,"event_name":"Fountain of Cleansing","floor":7,"gold_loss":0},{"damage_healed":0,"gold_gain":100,"player_choice":"Pray","damage_taken":0,"max_hp_gain":0,"max_hp_loss":0,"event_name":"Golden Shrine","floor":11,"gold_loss":0},{"damage_healed":0,"gold_gain":0,"player_choice":"Joined the Cult","damage_taken":6,"max_hp_gain":0,"max_hp_loss":0,"event_name":"Nest","floor":23,"gold_loss":0,"cards_obtained":["RitualDagger"]},{"damage_healed":0,"gold_gain":0,"player_choice":"Ignored","damage_taken":0,"max_hp_gain":0,"max_hp_loss":0,"event_name":"Vampires","floor":25,"gold_loss":0},{"damage_healed":0,"gold_gain":0,"player_choice":"Fight","damage_taken":0,"max_hp_gain":0,"max_hp_loss":0,"event_name":"Mysterious Sphere","floor":36,"gold_loss":0},{"damage_healed":0,"gold_gain":0,"player_choice":"Paid","damage_taken":0,"relics_obtained":["Red Mask"],"max_hp_gain":0,"max_hp_loss":0,"event_name":"Tomb of Lord Red Mask","floor":38,"gold_loss":16},{"cards_removed":["Defend_S"],"damage_healed":0,"gold_gain":0,"player_choice":"Removed Skill","damage_taken":0,"max_hp_gain":0,"max_hp_loss":0,"event_name":"Falling","floor":41,"gold_loss":0}],"is_beta":false,"boss_relics":[{"not_picked":["Cursed Key","Runic Dome"],"picked":"StoneMask"},{"not_picked":["Runic Pyramid","Astrolabe"],"picked":"SlaversCollar"}],"items_purged_floors":[37],"is_endless":false,"potions_floor_spawned":[3,8,10,16,21,22,24,36,39,48],"ascension_level":0}}