{"host":"hnrafgucdht3qvsp","time":1610947295,"event":{"mods":["BaseMod","Bestiary","Colored Map","Minty Spire (QoL Compilation)","Relic Stats","StSLib"],"gold_per_floor":[118,133,152,42,42,42,86,102,102,102,120,70,108,27,27,148,148,161,161,10,10,33,33,72,72,72,87,122,140,140,171,171,297,297,316,339,339,352,370,370,405,405,429,132,132,132,172,196,196,196,196,196,18,58,58],"floor_reached":56,"language":"ENG","playtime":2349,"items_purged":[],"score":1427,"play_id":"104f87ff-5117-4fd1-88b9-cfa32113db40","local_time":"20210118002135","is_ascension_mode":true,"campfire_choices":[{"data":"TalkToTheHand","floor":6,"key":"SMITH"},{"data":"Tantrum","floor":10,"key":"SMITH"},{"data":"DeusExMachina","floor":15,"key":"SMITH"},{"data":"SandsOfTime","floor":23,"key":"SMITH"},{"data":"FearNoEvil","floor":25,"key":"SMITH"},{"data":"Vigilance","floor":32,"key":"SMITH"},{"data":"TalkToTheHand","floor":40,"key":"SMITH"},{"floor":42,"key":"REST"},{"data":"Ragnarok","floor":46,"key":"SMITH"},{"floor":49,"key":"RECALL"},{"data":"Defend_P","floor":52,"key":"SMITH"}],"circlet_count":0,"master_deck":["Strike_P+1","Strike_P+1","Defend_P","Defend_P+1","Defend_P","Defend_P","Eruption","Vigilance+1","TalkToTheHand+1","BattleHymn","Scrawl","Tantrum+1","ReachHeaven+1","DeusExMachina+1","FearNoEvil+1","Alpha+1","SandsOfTime+1","Adaptation","Ragnarok+1","TalkToTheHand+1","TalkToTheHand"],"relics":["Snecko Eye","Golden Idol","Lantern","Pantograph","Philosopher\u0027s Stone","Sling","Vajra","Orichalcum","MealTicket","Pen Nib","VioletLotus","Oddly Smooth Stone","Nunchaku","Torii","Bronze Scales","Bag of Marbles","Whetstone"],"acts_visited":["Exordium","TheCity","TheBeyond","TheEnding"],"potions_floor_usage":[24,28,50,50,50,50,50,55,55],"damage_taken":[{"damage":0,"enemies":"Cultist","floor":1,"turns":2},{"damage":0,"enemies":"Small Slimes","floor":2,"turns":3},{"damage":0,"enemies":"2 Louse","floor":3,"turns":2},{"damage":22,"enemies":"3 Sentries","floor":7,"turns":6},{"damage":0,"enemies":"Large Slime","floor":8,"turns":4},{"damage":0,"enemies":"Exordium Thugs","floor":11,"turns":2},{"damage":0,"enemies":"Lagavulin","floor":13,"turns":5},{"damage":0,"enemies":"Slime Boss","floor":16,"turns":3},{"damage":0,"enemies":"Shell Parasite","floor":18,"turns":4},{"damage":4,"enemies":"Chosen","floor":22,"turns":3},{"damage":9,"enemies":"Book of Stabbing","floor":24,"turns":2},{"damage":0,"enemies":"Centurion and Healer","floor":27,"turns":3},{"damage":0,"enemies":"Slavers","floor":28,"turns":2},{"damage":24,"enemies":"Shelled Parasite and Fungi","floor":29,"turns":3},{"damage":0,"enemies":"Gremlin Leader","floor":31,"turns":2},{"damage":14,"enemies":"Champ","floor":33,"turns":5},{"damage":3,"enemies":"3 Darklings","floor":35,"turns":3},{"damage":12,"enemies":"3 Shapes","floor":36,"turns":2},{"damage":17,"enemies":"Maw","floor":38,"turns":4},{"damage":0,"enemies":"3 Darklings","floor":39,"turns":2},{"damage":29,"enemies":"Reptomancer","floor":41,"turns":3},{"damage":15,"enemies":"Nemesis","floor":47,"turns":4},{"damage":11,"enemies":"Spire Growth","floor":48,"turns":3},{"damage":35,"enemies":"Donu and Deca","floor":50,"turns":4},{"damage":25,"enemies":"Shield and Spear","floor":54,"turns":4},{"damage":51,"enemies":"The Heart","floor":55,"turns":6}],"seed_played":"-2766987159394048895","potions_obtained":[{"floor":1,"key":"Swift Potion"},{"floor":11,"key":"StancePotion"},{"floor":13,"key":"BlessingOfTheForge"},{"floor":18,"key":"DistilledChaos"},{"floor":24,"key":"Dexterity Potion"},{"floor":29,"key":"FearPotion"},{"floor":31,"key":"SkillPotion"},{"floor":38,"key":"EntropicBrew"},{"floor":54,"key":"LiquidMemories"}],"is_trial":false,"path_per_floor":["M","M","M","$","?","R","E","M","T","R","M","?","E","$","R","B",null,"M","?","$","?","M","R","E","R","T","M","E","M","?","E","R","B",null,"M","M","?","M","M","R","E","R","T","$","?","R","E","M","R","B",null,"R","$","E","B",null],"character_chosen":"WATCHER","items_purchased":["TalkToTheHand","BattleHymn","FearNoEvil","Sling","Torii","TalkToTheHand","Bag of Marbles"],"campfire_rested":1,"item_purchase_floors":[4,4,14,20,44,53,53],"current_hp_per_floor":[72,72,72,72,67,67,45,45,45,45,45,45,45,45,45,67,67,67,67,67,67,63,63,54,54,54,54,54,30,30,30,30,41,67,64,52,52,35,35,35,6,26,26,41,41,41,26,15,15,5,67,67,67,42,16],"gold":58,"neow_bonus":"BOSS_RELIC","is_daily":false,"chose_seed":false,"campfire_upgraded":9,"win_rate":0.0,"timestamp":1610947295,"path_taken":["M","?","M","?","?","R","E","M","T","R","M","?","E","$","R","BOSS","M","?","?","?","?","R","E","R","T","M","E","M","?","E","R","BOSS","M","M","?","M","?","R","E","R","T","$","?","R","E","M","R","BOSS","R","$","E","BOSS"],"items_purchased_type":["Card","Card","Card","Relic","Relic","Card","Relic"],"build_version":"2020-12-22","purchased_purges":0,"victory":true,"max_hp_per_floor":[72,72,72,72,67,67,67,67,67,67,67,67,67,67,67,67,67,67,67,67,67,67,67,67,67,67,67,67,67,67,67,67,67,67,67,67,67,67,67,67,67,67,67,67,67,67,67,67,67,67,67,67,67,67,67],"relic_stats":{"Torii":35,"counters":[26,86],"Golden Idol":203,"Pen Nib":[12],"Whetstone":["Strike_P","Strike_P"],"Orichalcum":[24],"Nunchaku":[6],"Pantograph":97,"Bronze Scales":[89],"Snecko Eye":[161,157,157,156],"MealTicket":15,"VioletLotus":[12],"obtain_stats":[{"Lantern":7,"Torii":44,"Golden Idol":5,"Vajra":24,"Oddly Smooth Stone":41,"Pen Nib":31,"Whetstone":54,"Orichalcum":26,"Sling":20,"Nunchaku":43,"Pantograph":13,"Bronze Scales":47,"Snecko Eye":0,"Philosopher\u0027s Stone":17,"MealTicket":28,"VioletLotus":34,"Bag of Marbles":53,"PureWater":0},{"Lantern":4,"Torii":21,"Golden Idol":3,"Vajra":11,"Oddly Smooth Stone":21,"Pen Nib":15,"Whetstone":25,"Orichalcum":11,"Sling":9,"Nunchaku":21,"Pantograph":7,"Bronze Scales":22,"Snecko Eye":0,"Philosopher\u0027s Stone":8,"MealTicket":13,"VioletLotus":16,"Bag of Marbles":24,"PureWater":0},{"Lantern":13,"Torii":65,"Golden Idol":7,"Vajra":36,"Oddly Smooth Stone":65,"Pen Nib":46,"Whetstone":80,"Orichalcum":36,"Sling":31,"Nunchaku":65,"Pantograph":24,"Bronze Scales":69,"Snecko Eye":0,"Philosopher\u0027s Stone":27,"MealTicket":41,"VioletLotus":51,"Bag of Marbles":76,"PureWater":0}]},"card_choices":[{"not_picked":["ForeignInfluence","FlyingSleeves","Halt"],"picked":"SKIP","floor":1},{"not_picked":["Collect","CutThroughFate"],"picked":"Worship","floor":2},{"not_picked":["SashWhip","JustLucky","Collect"],"picked":"SKIP","floor":3},{"not_picked":["Adaptation","InnerPeace"],"picked":"Scrawl","floor":7},{"not_picked":["Consecrate","JustLucky"],"picked":"Tantrum","floor":8},{"not_picked":["Crescendo","JustLucky"],"picked":"ReachHeaven","floor":11},{"not_picked":["Consecrate","Prostrate"],"picked":"DeusExMachina","floor":13},{"not_picked":["Brilliance","MasterReality"],"picked":"Alpha","floor":16},{"not_picked":["Crescendo","FlyingSleeves+1","FollowUp"],"picked":"SKIP","floor":18},{"not_picked":["Perseverance","Meditate"],"picked":"SandsOfTime","floor":22},{"not_picked":["PathToVictory+1","EmptyMind"],"picked":"Adaptation","floor":24},{"not_picked":["Halt+1","SignatureMove","FlurryOfBlows"],"picked":"SKIP","floor":27},{"not_picked":["Protect","CrushJoints","CutThroughFate"],"picked":"SKIP","floor":28},{"not_picked":["PathToVictory","ReachHeaven","CrushJoints+1"],"picked":"SKIP","floor":29},{"not_picked":["Prostrate","Pray","CrushJoints"],"picked":"SKIP","floor":31},{"not_picked":["Blasphemy","MasterReality"],"picked":"Ragnarok","floor":33},{"not_picked":["ForeignInfluence","Halt+1","Prostrate+1"],"picked":"SKIP","floor":35},{"not_picked":["DeceiveReality","CarveReality+1","EmptyFist+1"],"picked":"SKIP","floor":36},{"not_picked":["Halt+1","CrushJoints"],"picked":"TalkToTheHand","floor":38},{"not_picked":["FlurryOfBlows+1","CutThroughFate+1","Consecrate+1"],"picked":"SKIP","floor":39},{"not_picked":["ClearTheMind","Protect","Judgement"],"picked":"SKIP","floor":41},{"not_picked":["SashWhip+1","Halt+1","CrushJoints"],"picked":"SKIP","floor":47},{"not_picked":["Study+1","CutThroughFate+1","Swivel+1"],"picked":"SKIP","floor":48},{"not_picked":["CutThroughFate+1","FlyingSleeves","SashWhip"],"picked":"SKIP","floor":54}],"player_experience":420791,"relics_obtained":[{"floor":7,"key":"Lantern"},{"floor":13,"key":"Pantograph"},{"floor":24,"key":"Vajra"},{"floor":26,"key":"Orichalcum"},{"floor":28,"key":"MealTicket"},{"floor":31,"key":"Pen Nib"},{"floor":41,"key":"Oddly Smooth Stone"},{"floor":43,"key":"Nunchaku"},{"floor":47,"key":"Bronze Scales"},{"floor":54,"key":"Whetstone"}],"event_choices":[{"damage_healed":0,"gold_gain":0,"player_choice":"Lose Max HP","damage_taken":0,"relics_obtained":["Golden Idol"],"max_hp_gain":0,"max_hp_loss":5,"event_name":"Golden Idol","floor":5,"gold_loss":0},{"cards_removed":["Strike_P"],"damage_healed":0,"gold_gain":0,"player_choice":"Card Removal","damage_taken":0,"max_hp_gain":0,"max_hp_loss":0,"event_name":"The Cleric","floor":12,"gold_loss":50},{"damage_healed":0,"gold_gain":0,"player_choice":"Upgraded","damage_taken":0,"max_hp_gain":0,"max_hp_loss":0,"event_name":"Upgrade Shrine","floor":19,"gold_loss":0,"cards_upgraded":["Alpha"]},{"cards_removed":["Worship"],"damage_healed":0,"gold_gain":0,"player_choice":"Card Removal","damage_taken":0,"max_hp_gain":0,"max_hp_loss":0,"event_name":"Wheel of Change","floor":21,"gold_loss":0},{"damage_healed":0,"gold_gain":0,"player_choice":"Forge","damage_taken":0,"max_hp_gain":0,"max_hp_loss":0,"event_name":"Accursed Blacksmith","floor":30,"gold_loss":0,"cards_upgraded":["ReachHeaven"]},{"cards_removed":["Strike_P"],"damage_healed":0,"gold_gain":0,"player_choice":"Purged","damage_taken":0,"max_hp_gain":0,"max_hp_loss":0,"event_name":"Purifier","floor":37,"gold_loss":0},{"damage_healed":0,"gold_gain":0,"player_choice":"Memory 1","damage_taken":0,"max_hp_gain":0,"max_hp_loss":0,"event_name":"SensoryStone","floor":45,"gold_loss":0}],"is_beta":false,"boss_relics":[{"not_picked":["SlaversCollar","Calling Bell"],"picked":"Philosopher\u0027s Stone"},{"not_picked":["Velvet Choker","Busted Crown"],"picked":"VioletLotus"}],"items_purged_floors":[],"is_endless":false,"potions_floor_spawned":[1,11,13,16,18,24,29,31,33,38,47,48,54],"ascension_level":1}}