{"host":"rjbqai8ni6dsiu37","time":1610973823,"event":{"mods":["BaseMod","CapriCore","Lobotomy","Minty Spire (QoL Compilation)","StSLib","The Hierophant","The Poker Player","WarShipGirlsR/??á´Ò³R mod"],"gold_per_floor":[118,118,118,132,132,172,118,152,164,196,208,239,251,282,294,425,437,449,16,16,34,50,50,70,70,70],"floor_reached":25,"language":"KOR","playtime":968,"items_purged":["rmod:fletcherpendant"],"score":321,"play_id":"bd65f252-2926-424c-9c76-7dc7449fc178","local_time":"20210118214343","is_ascension_mode":true,"campfire_choices":[{"data":"rmod:aviationdawn","floor":11,"key":"SMITH"},{"data":"rmod:maingunfire","floor":13,"key":"SMITH"},{"data":"rmod:aluminumsupply","floor":15,"key":"SMITH"},{"data":"rmod:royalracing","floor":23,"key":"SMITH"}],"circlet_count":0,"master_deck":["rmod:strick","rmod:strick","rmod:strick","rmod:strick","rmod:defend","rmod:defend","rmod:defend","rmod:defend","rmod:basicallowance","rmod:maingunfire+1","rmod:intelligenceanalysis","rmod:aviationdawn+1","rmod:aluminumsupply+1","rmod:abidefaith","rmod:royalracing+1","rmod:aviationdawn","rmod:robin"],"relics":["rmod:firstchargereward","NeowsBlessing","Incense Burner","Golden Idol","Blood Vial","rmod:equipmentrecovery","MawBank","Gremlin Horn","Philosopher\u0027s Stone","Girya","MutagenicStrength"],"acts_visited":["Exordium","TheCity"],"potions_floor_usage":[8,16,18],"damage_taken":[{"damage":0.0,"enemies":"Small Slimes","floor":1.0,"turns":1.0},{"damage":0,"enemies":"2 Louse","floor":4,"turns":1},{"damage":0,"enemies":"3 Sentries","floor":6,"turns":2},{"damage":9,"enemies":"Lagavulin","floor":8,"turns":5},{"damage":0,"enemies":"Cultist","floor":10,"turns":3},{"damage":2,"enemies":"Exordium Wildlife","floor":12,"turns":3},{"damage":4,"enemies":"3 Louse","floor":14,"turns":2},{"damage":20,"enemies":"Hexaghost","floor":16,"turns":8},{"damage":12,"enemies":"3 Byrds","floor":18,"turns":2},{"damage":3,"enemies":"Chosen","floor":21,"turns":4},{"damage":19,"enemies":"Sentry and Sphere","floor":22,"turns":4},{"damage":31,"enemies":"Snecko","floor":24,"turns":5},{"damage":0,"enemies":"Gremlin Leader","floor":25,"turns":1}],"seed_played":"9079278837987289590","potions_obtained":[{"floor":1,"key":"FearPotion"},{"floor":4,"key":"LiquidBronze"},{"floor":8,"key":"DuplicationPotion"},{"floor":16,"key":"SmokeBomb"},{"floor":21,"key":"LiquidBronze"}],"is_trial":false,"path_per_floor":["M","?","?","M","?","E","$","E","T","M","R","M","R","M","R","B",null,"M","$","?","M","M","R","M","E"],"character_chosen":"PRAEFECT","items_purchased":["rmod:intelligenceanalysis","Girya","rmod:royalracing"],"campfire_rested":0,"item_purchase_floors":[7,19,19],"current_hp_per_floor":[68,56,38,38,38,40,40,33,33,35,35,35,35,33,33,15,60,50,50,50,49,32,32,3,3,3],"gold":70,"neow_bonus":"THREE_ENEMY_KILL","is_daily":false,"chose_seed":false,"campfire_upgraded":4,"win_rate":0.0,"timestamp":1610973823,"path_taken":["M","?","?","M","?","E","$","E","T","M","R","M","R","M","R","BOSS","M","?","?","M","M","R","M","E"],"items_purchased_type":["Card","Relic","Card"],"build_version":"2020-12-22","purchased_purges":1,"victory":false,"max_hp_per_floor":[75,75,75,75,75,75,75,75,75,75,75,75,75,75,75,75,75,75,75,75,75,75,75,75,75,75],"card_choices":[{"not_picked":["rmod:capitalist","rmod:tearstotiara","rmod:supportaircraftcarrier"],"picked":"SKIP","floor":1},{"not_picked":["rmod:capitalist","rmod:fuelsupply","rmod:luckystar"],"picked":"SKIP","floor":4},{"not_picked":["rmod:victimresponsibility","rmod:lastglory"],"picked":"rmod:fletcherpendant","floor":6},{"not_picked":["rmod:u235","rmod:robin"],"picked":"rmod:aviationdawn","floor":8},{"not_picked":["rmod:combined","rmod:aggressivemary","rmod:punchline"],"picked":"SKIP","floor":10},{"not_picked":["rmod:garrisonisland","rmod:overbreakdown","rmod:intelligenceanalysis"],"picked":"SKIP","floor":12},{"not_picked":["rmod:rockthrower","rmod:highspeedshooting"],"picked":"rmod:aluminumsupply","floor":14},{"not_picked":["rmod:supriseattacks","rmod:secretscript"],"picked":"rmod:abidefaith","floor":16},{"not_picked":["rmod:maintain+1","rmod:highspeedshooting+1"],"picked":"rmod:aviationdawn","floor":21},{"not_picked":["rmod:luckystar","rmod:guardianhero+1","rmod:aggressivemary"],"picked":"SKIP","floor":22},{"not_picked":["rmod:firesupport","rmod:circuitoustactics"],"picked":"rmod:robin","floor":24}],"player_experience":175097,"relics_obtained":[{"floor":6,"key":"rmod:equipmentrecovery"},{"floor":8,"key":"MawBank"},{"floor":9,"key":"Gremlin Horn"}],"event_choices":[{"damage_healed":0,"gold_gain":0,"player_choice":"Success","damage_taken":12,"relics_obtained":["Incense Burner"],"max_hp_gain":0,"max_hp_loss":0,"event_name":"Scrap Ooze","floor":2,"gold_loss":0},{"damage_healed":0,"gold_gain":0,"player_choice":"Take Damage","damage_taken":18,"relics_obtained":["Golden Idol"],"max_hp_gain":0,"max_hp_loss":0,"event_name":"Golden Idol","floor":3,"gold_loss":0},{"damage_healed":0,"gold_gain":0,"player_choice":"Gave Potion","damage_taken":0,"relics_obtained":["Blood Vial"],"max_hp_gain":0,"max_hp_loss":0,"event_name":"WeMeetAgain","floor":5,"gold_loss":0},{"damage_healed":0,"gold_gain":0,"player_choice":"Inject Mutagens","damage_taken":0,"relics_obtained":["MutagenicStrength"],"max_hp_gain":0,"max_hp_loss":0,"event_name":"Drug Dealer","floor":20,"gold_loss":0}],"is_beta":false,"boss_relics":[{"not_picked":["Fusion Hammer","Busted Crown"],"picked":"Philosopher\u0027s Stone"}],"items_purged_floors":[19],"is_endless":false,"potions_floor_spawned":[1,4,8,16,21],"killed_by":"Gremlin Leader","ascension_level":7}}