{"host":"6cj3htw7joci8on3","time":1610979638,"event":{"mods":["BaseMod","Better-Laid Plans","Downfall","Minty Spire (QoL Compilation)","Quick Restart","Relic Stats","Spicy Shops","StSLib"],"gold_per_floor":[99,116,26,26,36,36,87,87,87,47,78,91,122,145,174,284,296,208,234,96,124,121,146,204,246,258,304,162,162,176,193,211,307,307,307,323,343,361,411,411,411,34,34,66,66,99,99,111,131,131],"floor_reached":51,"language":"ZHS","playtime":5197,"items_purged":["downfall:Icky","Slimebound:Strike_Slimebound","Slimebound:Defend_Slimebound"],"score":782,"play_id":"42301a65-f00a-4eee-a456-0ce687589fa4","local_time":"20210118222038","is_ascension_mode":false,"campfire_choices":[{"data":"Thinking Ahead","floor":1.0,"key":"SMITH"},{"data":"Slimebound:Split","floor":6.0,"key":"SMITH"},{"data":"Slimebound:GrowthPunch","floor":8.0,"key":"SMITH"},{"data":"Slimebound:SelfFormingGoo","floor":18.0,"key":"PURGE"},{"data":"Slimebound:WasteNot","floor":26.0,"key":"SMITH"},{"data":"Slimebound:RejuvenatingLick","floor":29.0,"key":"SMITH"},{"data":"Slimebound:SlimeBrawl","floor":35.0,"key":"SMITH"},{"data":"expansioncontent:QuickStudy","floor":40,"key":"SMITH"},{"data":"Slimebound:Teamwork","floor":43,"key":"SMITH"},{"data":"Slimebound:SamplingLick","floor":45,"key":"SMITH"},{"data":"1","floor":47,"key":"LIFT"}],"circlet_count":0,"master_deck":["Slimebound:Strike_Slimebound","Slimebound:Tackle","Slimebound:Defend_Slimebound","Slimebound:Defend_Slimebound","Slimebound:Defend_Slimebound","Slimebound:Split+1","Slimebound:CorrosiveSpit","Thinking Ahead+1","Slimebound:GrowthPunch+1","Slimebound:RallyTheTroops","Slimebound:SplitBruiser","Slimebound:Prepare","Slimebound:LeechingTouch","Slimebound:Schlurp","Slimebound:ComboTackle","Slimebound:WasteNot+1","Slimebound:SplitMire+1","Ghostly","Slimebound:SlimeBrawl+1","Slimebound:Prepare","Slimebound:Repurpose+1","Slimebound:SamplingLick+1","Slimebound:PressTheAttack+1","expansioncontent:QuickStudy+1","Slimebound:RejuvenatingLick+1","Slimebound:Teamwork+1","Slimebound:Repurpose","Slimebound:SamplingLick+1","Slimebound:FormOfPuddle+1","Slimebound:Repurpose"],"relics":["Slimebound:AbsorbEndCombat","Slimebound:ScrapOozeRelic","Gremlin Horn","MawBank","Philosopher\u0027s Stone","downfall:HeartBlessingGreen","Happy Flower","Centennial Puzzle","Pocketwatch","Strawberry","Slimebound:TarBlob","Dead Branch","Girya","Letter Opener","Bottled Flame","StrikeDummy"],"acts_visited":["TheCity","TheBeyond"],"potions_floor_usage":[],"damage_taken":[{"damage":9.0,"enemies":"Jaw Worm","floor":2.0,"turns":6.0},{"damage":5.0,"enemies":"downfall:FleeingMerchant","floor":3.0,"turns":4.0},{"damage":0.0,"enemies":"2 Louse","floor":5.0,"turns":3.0},{"damage":10.0,"enemies":"downfall:FleeingMerchant","floor":10.0,"turns":4.0},{"damage":3.0,"enemies":"Gremlin Nob","floor":11.0,"turns":3.0},{"damage":0.0,"enemies":"Small Slimes","floor":12.0,"turns":3.0},{"damage":6.0,"enemies":"3 Sentries","floor":13.0,"turns":6.0},{"damage":0.0,"enemies":"2 Fungi Beasts","floor":14.0,"turns":3.0},{"damage":2.0,"enemies":"Blue Slaver","floor":15.0,"turns":3.0},{"damage":30.0,"enemies":"WA_ARCHETYPE_RETAIN","floor":16.0,"turns":5.0},{"damage":5.0,"enemies":"Shell Parasite","floor":19.0,"turns":3.0},{"damage":3.0,"enemies":"Chosen","floor":21.0,"turns":3.0},{"damage":11.0,"enemies":"downfall:FleeingMerchant","floor":22.0,"turns":4.0},{"damage":12.0,"enemies":"3 Cultists","floor":23.0,"turns":4.0},{"damage":3.0,"enemies":"Book of Stabbing","floor":25.0,"turns":4.0},{"damage":17.0,"enemies":"Slavers","floor":27.0,"turns":4.0},{"damage":0.0,"enemies":"downfall:FleeingMerchant","floor":28.0,"turns":4.0},{"damage":0.0,"enemies":"Sentry and Sphere","floor":30.0,"turns":2.0},{"damage":4.0,"enemies":"Shelled Parasite and Fungi","floor":31.0,"turns":3.0},{"damage":8.0,"enemies":"Snecko","floor":32.0,"turns":3.0},{"damage":5.0,"enemies":"DF_ARCHETYPE_CLAW","floor":33.0,"turns":7.0},{"damage":0.0,"enemies":"3 Shapes","floor":36.0,"turns":3.0},{"damage":1.0,"enemies":"Orb Walker","floor":37.0,"turns":3.0},{"damage":0,"enemies":"Jaw Worm Horde","floor":38,"turns":2},{"damage":7,"enemies":"2 Orb Walkers","floor":39,"turns":4},{"damage":17,"enemies":"Nemesis","floor":44,"turns":5},{"damage":0,"enemies":"Giant Head","floor":46,"turns":4},{"damage":0,"enemies":"Maw","floor":48,"turns":4},{"damage":19,"enemies":"Sphere and 2 Shapes","floor":49,"turns":3},{"damage":19,"enemies":"SI_POISON_ARCHETYPE","floor":50,"turns":5}],"seed_played":"4736329284054344127","potions_obtained":[{"floor":11.0,"key":"Strength Potion"},{"floor":12.0,"key":"DuplicationPotion"},{"floor":13.0,"key":"Weak Potion"},{"floor":16.0,"key":"GamblersBrew"},{"floor":30.0,"key":"Regen Potion"},{"floor":31.0,"key":"Fruit Juice"},{"floor":39,"key":"Swift Potion"}],"is_trial":false,"path_per_floor":["R","M","$","?","M","R","T","R","?","$","E","M","E","M","M","B",null,"R","M","?","M","$","M","T","E","R","E","$","R","M","M","M","B",null,"R","M","M","M","?","R","T","$","R","E","R","E","R","M","M","B",null],"character_chosen":"SLIMEBOUND","items_purchased":["Slimebound:Prepare","expansioncontent:QuickStudy","Strawberry","Slimebound:RejuvenatingLick","Letter Opener"],"campfire_rested":0,"item_purchase_floors":[10,28,28,28,42],"current_hp_per_floor":[65,59,57,57,59,59,59,59,59,51,52,52,50,52,52,28,65,65,64,64,64,57,49,49,49,49,37,48,48,49,48,47,54,77,77,77,77,77,72,72,72,72,72,65,65,75,75,77,75,62],"gold":131,"neow_bonus":"RANDOM_COLORLESS_2","is_daily":false,"chose_seed":false,"campfire_upgraded":9,"win_rate":0.0,"timestamp":1610979638,"path_taken":["R","M","$","?","M","R","T","R","?","$","E","M","E","M","M","BOSS","R","M","?","M","$","M","T","E","R","E","$","R","M","M","M","BOSS","R","M","M","M","?","R","T","$","R","E","R","E","R","M","M","BOSS"],"items_purchased_type":["Card","Card","Relic","Card","Relic"],"build_version":"2020-12-22","purchased_purges":3,"victory":true,"max_hp_per_floor":[65,65,65,65,65,65,65,65,65,65,65,65,65,65,65,65,65,65,65,65,65,65,65,65,65,65,65,72,72,72,72,77,77,77,77,77,77,77,77,77,77,77,77,77,77,77,77,77,77,77],"relic_stats":{"Centennial Puzzle":[26],"Gremlin Horn":[19,19],"Happy Flower":[20],"counters":[30,109],"Dead Branch":[93],"Letter Opener":[121],"MawBank":180,"obtain_stats":[{"Girya":41,"Slimebound:ScrapOozeRelic":9,"Gremlin Horn":11,"Happy Flower":24,"Dead Branch":39,"downfall:HeartBlessingGreen":18,"Letter Opener":42,"MawBank":13,"Slimebound:TarBlob":34,"Centennial Puzzle":25,"Bottled Flame":44,"Strawberry":28,"Philosopher\u0027s Stone":17,"Slimebound:AbsorbEndCombat":0,"Bag of Marbles":7,"StrikeDummy":46,"Pocketwatch":27},{"Girya":25,"Slimebound:ScrapOozeRelic":3,"Gremlin Horn":5,"Happy Flower":14,"Dead Branch":25,"downfall:HeartBlessingGreen":10,"Letter Opener":25,"MawBank":7,"Slimebound:TarBlob":21,"Centennial Puzzle":15,"Bottled Flame":26,"Strawberry":17,"Philosopher\u0027s Stone":10,"Slimebound:AbsorbEndCombat":0,"Bag of Marbles":3,"StrikeDummy":27,"Pocketwatch":16},{"Girya":88,"Slimebound:ScrapOozeRelic":13,"Gremlin Horn":20,"Happy Flower":52,"Dead Branch":88,"downfall:HeartBlessingGreen":38,"Letter Opener":88,"MawBank":28,"Slimebound:TarBlob":76,"Centennial Puzzle":56,"Bottled Flame":93,"Strawberry":63,"Philosopher\u0027s Stone":38,"Slimebound:AbsorbEndCombat":0,"Bag of Marbles":13,"StrikeDummy":97,"Pocketwatch":59}],"Pocketwatch":[3]},"card_choices":[{"not_picked":["Panache","Magnetism"],"picked":"Thinking Ahead","floor":0.0},{"not_picked":["Slimebound:ServeAndProtect","Slimebound:LivingWall"],"picked":"Slimebound:GrowthPunch","floor":2.0},{"not_picked":["Slimebound:SplitBruiser","Slimebound:Nibble"],"picked":"Slimebound:RallyTheTroops","floor":3.0},{"not_picked":["Slimebound:Replication","Slimebound:SplitAcid"],"picked":"Slimebound:SplitBruiser","floor":5.0},{"not_picked":["Slimebound:SplitMire","Slimebound:Nibble"],"picked":"Slimebound:SelfFormingGoo","floor":10.0},{"not_picked":["Slimebound:MegaLick","Slimebound:FormOfPuddle","Slimebound:GoopTackle"],"picked":"SKIP","floor":11.0},{"not_picked":["Slimebound:FormOfPuddle","Slimebound:Replication"],"picked":"Slimebound:LeechingTouch","floor":12.0},{"not_picked":["Slimebound:ComboTackle","Slimebound:BestDefense"],"picked":"Slimebound:Schlurp","floor":13.0},{"not_picked":["Slimebound:RollThrough","Slimebound:SplitBruiser","Slimebound:FlameTackle"],"picked":"SKIP","floor":14.0},{"not_picked":["Slimebound:RainOfGoop","Slimebound:GoopSpray"],"picked":"Slimebound:ComboTackle","floor":15.0},{"not_picked":["Slimebound:CheckThePlaybook","Slimebound:PrepareCrush"],"picked":"Slimebound:WasteNot","floor":16.0},{"not_picked":["Slimebound:Grow+1","Slimebound:SplitAcid"],"picked":"Slimebound:SplitMire+1","floor":19.0},{"not_picked":["Slimebound:RainOfGoop","Slimebound:Grow"],"picked":"Slimebound:SlimeBrawl","floor":21.0},{"not_picked":["Slimebound:BestDefense","Slimebound:CheckThePlaybook"],"picked":"Slimebound:Prepare","floor":22.0},{"not_picked":["Slimebound:GoopTackle+1","Slimebound:RollThrough"],"picked":"Slimebound:Repurpose+1","floor":23.0},{"not_picked":["Slimebound:RallyTheTroops","Slimebound:LivingWall"],"picked":"Slimebound:SamplingLick","floor":25.0},{"not_picked":["Slimebound:FinishingTackle+1","Slimebound:SplitAcid","Slimebound:ServeAndProtect"],"picked":"SKIP","floor":27.0},{"not_picked":["Slimebound:SplitMire","Slimebound:GoopTackle"],"picked":"Slimebound:PressTheAttack+1","floor":28.0},{"not_picked":["Slimebound:BestDefense+1","Slimebound:SplitLeeching","Slimebound:ForwardTackle+1"],"picked":"SKIP","floor":30.0},{"not_picked":["Slimebound:GoopTackle","Slimebound:LeadByExample","Slimebound:ComboTackle"],"picked":"SKIP","floor":31.0},{"not_picked":["Slimebound:LeechingTouch","Slimebound:GrowthPunch","Slimebound:MassFeed"],"picked":"SKIP","floor":32.0},{"not_picked":["Slimebound:DouseInSlime","Slimebound:CheckThePlaybook"],"picked":"Slimebound:Teamwork","floor":33.0},{"not_picked":["Slimebound:PressTheAttack","Slimebound:SlimeSpikes"],"picked":"Slimebound:Repurpose","floor":36.0},{"not_picked":["Slimebound:Grow+1","Slimebound:FlameTackle","Slimebound:SlimeSpikes+1"],"picked":"SKIP","floor":37.0},{"not_picked":["Slimebound:SlimeSpikes+1","Slimebound:Chomp"],"picked":"Slimebound:SamplingLick+1","floor":38},{"not_picked":["Slimebound:ServeAndProtect","Slimebound:LeechingTouch"],"picked":"Slimebound:FormOfPuddle+1","floor":39},{"not_picked":["Slimebound:SlimeSpikes+1","Slimebound:TongueLash+1","Slimebound:ComboTackle+1"],"picked":"SKIP","floor":44},{"not_picked":["Slimebound:LeechEnergy+1","Slimebound:Chomp","Slimebound:SplitLeeching"],"picked":"SKIP","floor":46},{"not_picked":["Slimebound:Prepare+1","Slimebound:HauntingLick+1","Slimebound:SplitLeeching+1"],"picked":"SKIP","floor":48},{"not_picked":["Slimebound:LeechingTouch","Slimebound:SplitMire+1"],"picked":"Slimebound:Repurpose","floor":49}],"player_experience":155220,"relics_obtained":[{"floor":7.0,"key":"Bag of Marbles"},{"floor":11.0,"key":"Gremlin Horn"},{"floor":13.0,"key":"MawBank"},{"floor":24.0,"key":"Happy Flower"},{"floor":25.0,"key":"Centennial Puzzle"},{"floor":27.0,"key":"Pocketwatch"},{"floor":39,"key":"Dead Branch"},{"floor":41,"key":"Girya"},{"floor":44,"key":"Bottled Flame"},{"floor":46,"key":"StrikeDummy"}],"event_choices":[{"damage_healed":0,"gold_gain":0,"player_choice":"Fight","damage_taken":0,"max_hp_gain":0,"max_hp_loss":0,"event_name":"Mysterious Sphere","floor":39,"gold_loss":0}],"is_beta":false,"boss_relics":[{"not_picked":["bronze:MakeshiftBattery","SlaversCollar"],"picked":"Philosopher\u0027s Stone"},{"not_picked":["Runic Pyramid","Velvet Choker"],"picked":"Slimebound:TarBlob"}],"items_purged_floors":[3,28,42],"is_endless":false,"potions_floor_spawned":[11,12,13,14,16,21,23,25,30,31,39,44,46,49],"ascension_level":0}}