{"host":"p7cjtxxrilhp4dw7","time":1610949176,"event":{"mods":["BaseMod","Block Reminder","Colored Map","Highlight Path","Minty Spire (QoL Compilation)","Replay The Spire","StSLib","The Hierophant","The Judge","TheBandit"],"gold_per_floor":[369,383,576,159,179,179,193,193,193,227,300,318,394,412,712,811,811,826,843,862,871,871,871],"floor_reached":22,"language":"ENG","playtime":5011,"items_purged":["Defend_G"],"score":298,"play_id":"7ab6860e-9cce-4d44-b610-d23f09884489","local_time":"20210117225256","is_ascension_mode":true,"campfire_choices":[{"floor":6,"key":"REST"},{"floor":8,"key":"REST"},{"floor":15,"key":"DIG"}],"circlet_count":0,"master_deck":["Strike_G+1","Strike_G","Strike_G","Strike_G+1","Strike_G","Defend_G","Defend_G","Defend_G","Defend_G","Survivor","Neutralize","Dodge and Roll","Distraction","Caltrops","Hidden Blade","Cloak And Dagger","Slice","Predator","Blur","Skewer","Storm of Steel","Choke+1","Normality"],"relics":["Ring of the Snake","Regal Pillow","Pen Nib","Kunai","Whetstone","Singing Bowl","Old Coin","HoveringKite","CeramicFish"],"acts_visited":["Exordium","TheCity"],"potions_floor_usage":[16,19],"damage_taken":[{"damage":3,"enemies":"Cultist","floor":1,"turns":5},{"damage":1,"enemies":"Jaw Worm","floor":2,"turns":6},{"damage":3,"enemies":"Small Slimes","floor":5,"turns":4},{"damage":9,"enemies":"Exordium Wildlife","floor":7,"turns":6},{"damage":18,"enemies":"3 Sentries","floor":10,"turns":11},{"damage":0,"enemies":"3 Louse","floor":12,"turns":3},{"damage":0,"enemies":"Large Slime","floor":14,"turns":7},{"damage":10,"enemies":"The Guardian","floor":16,"turns":11},{"damage":13,"enemies":"Shell Parasite","floor":18,"turns":14},{"damage":4,"enemies":"2 Thieves","floor":19,"turns":5},{"damage":40,"enemies":"Cultist and Chosen","floor":20,"turns":10},{"damage":50,"enemies":"Chosen and Byrds","floor":22,"turns":8}],"seed_played":"-8054176299664555955","potions_obtained":[{"floor":1,"key":"Strength Potion"},{"floor":7,"key":"FairyPotion"},{"floor":18,"key":"SkillPotion"},{"floor":20,"key":"Venom Potion"}],"is_trial":false,"path_per_floor":["M","M","?","$","M","R","M","R","T","E","T","M","?","M","R_BF","B",null,"M","M","M","?","M"],"character_chosen":"THE_SILENT","items_purchased":["Regal Pillow","Pen Nib","Hidden Blade"],"campfire_rested":2,"item_purchase_floors":[4,4,4],"current_hp_per_floor":[42,41,24,24,21,57,48,70,70,52,52,52,52,52,52,42,63,52,48,10,10,0,0],"gold":871,"neow_bonus":"TWO_FIFTY_GOLD","is_daily":false,"chose_seed":false,"campfire_upgraded":0,"win_rate":0.0,"timestamp":1610949176,"path_taken":["M","?","?","$","M","R","M","R","T","E","?","M","?","M","R_BF","BOSS","M","M","M","?","?"],"items_purchased_type":["Relic","Relic","Card"],"build_version":"2020-12-22","purchased_purges":1,"victory":false,"max_hp_per_floor":[70,70,70,70,70,70,70,70,70,70,70,70,70,70,70,70,70,72,72,74,74,74,74],"card_choices":[{"not_picked":["Endless Agony","Tactician"],"picked":"Dodge and Roll","floor":1},{"not_picked":["Bane","Flying Knee"],"picked":"Distraction","floor":2},{"not_picked":["PiercingWail","Hidden Blade"],"picked":"Caltrops","floor":3},{"not_picked":["Replay:Poison Smokescreen","Sucker Punch"],"picked":"Cloak And Dagger","floor":5},{"not_picked":["Cloak And Dagger","Draining Mist"],"picked":"Slice","floor":7},{"not_picked":["Concentrate","Reflex"],"picked":"Predator","floor":10},{"not_picked":["Draining Mist","ReplayTheSpireMod:Scrap Shanks"],"picked":"Blur","floor":12},{"not_picked":["Poisoned Stab","Bane"],"picked":"Skewer","floor":14},{"not_picked":["Glass Knife","Night Terror"],"picked":"Storm of Steel","floor":16},{"not_picked":["Setup","Dodge and Roll","Tactician"],"picked":"Singing Bowl","floor":18},{"not_picked":["PiercingWail","Prepared+1"],"picked":"Choke+1","floor":19},{"not_picked":["Cloak And Dagger","Hidden Blade","Sneak Up"],"picked":"Singing Bowl","floor":20}],"player_experience":545117,"relics_obtained":[{"floor":9,"key":"Kunai"},{"floor":10,"key":"Whetstone"},{"floor":11,"key":"Singing Bowl"},{"floor":15,"key":"Old Coin"}],"event_choices":[{"damage_healed":0,"gold_gain":76,"player_choice":"Gained Gold","damage_taken":0,"max_hp_gain":0,"max_hp_loss":0,"event_name":"Golden Wing","floor":13,"gold_loss":0}],"is_beta":false,"boss_relics":[{"not_picked":["Philosopher\u0027s Stone","Cursed Key"],"picked":"HoveringKite"}],"items_purged_floors":[4],"is_endless":false,"potions_floor_spawned":[1,7,18,20],"killed_by":"Chosen and Byrds","ascension_level":9}}