{"host":"5dk97cf2ubw2v967","time":1610957174,"event":{"mods":["AlwaysNeverKeys","BaseMod","Better Altar","Better Vampires","Block Reminder","Colored Powertips","Downfall","Googly Eyes","Highlight Path","Minty Spire (QoL Compilation)","Permanent Neow","Potion Indicator Mod","Quick Restart","Relic Filter","Relic Stats","Say the Spire","Spicy Shops","StSLib","Waifu the Spire","everything is the same but u backflip on backflip"],"gold_per_floor":[99,118,118,135,151,179,179,8,8,26,351,351,151,179,197,298,298,298,312,312,312,330,330,409,13,13,31,31,31,16,46,60,165,165,65,75,101,158,1175,1188,1188,1197,1223,1223,1248,1248,334,369,389,389,389,431,13,13,13,13],"floor_reached":57,"language":"ENG","playtime":4084,"items_purged":["Guardian:Defend_Guardian","Guardian:Strike_Guardian","Guardian:Defend_Guardian","Normality","Normality","downfall:Aged","Shame"],"score":1636,"play_id":"787121b8-9aa4-4f68-98d8-f6f7f3407278","local_time":"20210118080614","is_ascension_mode":true,"campfire_choices":[{"floor":1,"key":"RECALL"},{"floor":9,"key":"REST"},{"floor":13,"key":"REST"},{"floor":18,"key":"REST"},{"floor":23,"key":"REST"},{"floor":26,"key":"REST"},{"floor":28,"key":"REST"},{"data":"1","floor":35,"key":"LIFT"},{"data":"2","floor":46,"key":"LIFT"},{"data":"3","floor":54,"key":"LIFT"}],"circlet_count":0,"master_deck":["Guardian:Defend_Guardian","Guardian:Defend_Guardian+1","Guardian:CurlUp","Guardian:TwinSlam","Guardian:FuturePlans","Guardian:ArmoredProtocol","Guardian:SpikerProtocol","Guardian:Planning+1","Guardian:Repulse+1","Guardian:FierceBash","Guardian:Preprogram","Guardian:Harden","Guardian:ChargeUp","Guardian:ShieldCharger","Guardian:FierceBash","Guardian:ArmoredProtocol+1","Guardian:GatlingBeam","Guardian:Harden","Guardian:StasisEngine+1","CurseOfTheBell","Guardian:FierceBash","Guardian:BronzeOrb+1","Guardian:SpikerProtocol+1","Guardian:CompilePackage","Guardian:TimeCapacitor+1","expansioncontent:Chronoboost+1","Guardian:BronzeOrb+1","Guardian:ShieldCharger","expansioncontent:DashGenerateEvil+1","Writhe","Guardian:StasisStrike+1","Guardian:BodySlam+1","Guardian:FloatingOrbs+1"],"relics":["Runic Pyramid","Pen Nib","Pocketwatch","Frozen Egg 2","Old Coin","downfall:HeartBlessingRed","downfall:HeartBlessingGreen","War Paint","Fusion Hammer","Membership Card","Mummified Hand","Orichalcum","Calling Bell","CeramicFish","Meat on the Bone","Girya","downfall:HeartBlessingBlue","DollysMirror","TheAbacus","CaptainsWheel","Molten Egg 2","Guardian:StasisEgg","Shuriken","InkBottle","HornCleat","Happy Flower","Pear","Singing Bowl","Letter Opener","Lizard Tail","Kunai"],"acts_visited":["Exordium","TheCity","TheBeyond","TheEnding"],"potions_floor_usage":[11,16,25,30,33,40,48,55],"damage_taken":[{"damage":0,"enemies":"Small Slimes","floor":2,"turns":3},{"damage":2,"enemies":"Jaw Worm","floor":4,"turns":7},{"damage":6,"enemies":"2 Louse","floor":5,"turns":3},{"damage":28,"enemies":"Lagavulin","floor":6,"turns":10},{"damage":0,"enemies":"downfall:FleeingMerchant","floor":8,"turns":4},{"damage":22,"enemies":"Exordium Wildlife","floor":10,"turns":5},{"damage":16,"enemies":"Gremlin Nob","floor":11,"turns":5},{"damage":14,"enemies":"3 Sentries","floor":14,"turns":7},{"damage":6,"enemies":"2 Fungi Beasts","floor":15,"turns":4},{"damage":6,"enemies":"DF_ARCHETYPE_STREAMLINE","floor":16,"turns":12},{"damage":6,"enemies":"3 Byrds","floor":19,"turns":3},{"damage":5,"enemies":"Centurion and Healer","floor":22,"turns":6},{"damage":0,"enemies":"downfall:FleeingMerchant","floor":25,"turns":4},{"damage":12,"enemies":"Cultist and Chosen","floor":27,"turns":5},{"damage":0,"enemies":"downfall:FleeingMerchant","floor":30,"turns":4},{"damage":6,"enemies":"Gremlin Leader","floor":31,"turns":6},{"damage":0,"enemies":"Snake Plant","floor":32,"turns":3},{"damage":15,"enemies":"SI_MIRROR_ARCHETYPE","floor":33,"turns":9},{"damage":0,"enemies":"3 Darklings","floor":36,"turns":4},{"damage":5,"enemies":"Orb Walker","floor":37,"turns":3},{"damage":0,"enemies":"downfall:FleeingMerchant","floor":38,"turns":2},{"damage":51,"enemies":"Transient","floor":40,"turns":5},{"damage":24,"enemies":"Writhing Mass","floor":43,"turns":8},{"damage":30,"enemies":"Maw","floor":45,"turns":10},{"damage":0,"enemies":"Reptomancer","floor":48,"turns":3},{"damage":6,"enemies":"4 Shapes","floor":49,"turns":3},{"damage":15,"enemies":"IC_BLOCK_ARCHETYPE","floor":50,"turns":8},{"damage":0,"enemies":"downfall:CharBossMerchant","floor":52,"turns":5},{"damage":4,"enemies":"downfall:NeowBoss","floor":55,"turns":10},{"damage":18,"enemies":"downfall:NeowBossFinal","floor":56,"turns":7}],"seed_played":"1358922525395801986","potions_obtained":[{"floor":2,"key":"FairyPotion"},{"floor":4,"key":"Ancient Potion"},{"floor":10,"key":"FairyPotion"},{"floor":15,"key":"Swift Potion"},{"floor":16,"key":"bronze:BurnAndBuffPotion"},{"floor":27,"key":"SteroidPotion"},{"floor":31,"key":"champ:CounterPotion"},{"floor":32,"key":"Strength Potion"},{"floor":33,"key":"SpeedPotion"},{"floor":43,"key":"Guardian:AcceleratePotion"},{"floor":49,"key":"Energy Potion"},{"floor":52,"key":"DistilledChaos"}],"is_trial":false,"path_per_floor":["R","M","?","M","M","E","T","$","R","M","E","?","R","E","M","B",null,"R","M","?","?","M","R","T","$","R","M","R","?","$","E","M","B",null,"R","M","M","$","?","M","T","?","M","?","M","R","$","E","M","B",null,"E","$","R","B","B",null],"character_chosen":"GUARDIAN","items_purchased":["Guardian:Repulse+1","Membership Card","Mummified Hand","DollysMirror","TheAbacus","CaptainsWheel","Guardian:CompilePackage","Shuriken","Guardian:TimeCapacitor+1","expansioncontent:Chronoboost","InkBottle","Guardian:BronzeOrb+1","Guardian:ShieldCharger","expansioncontent:DashGenerateEvil","HornCleat","Happy Flower","Pear","Guardian:FloatingOrbs+1","Lizard Tail","Kunai"],"campfire_rested":6,"item_purchase_floors":[8,25,25,38,38,38,47,47,47,47,47,47,47,47,47,47,47,53,53,53],"current_hp_per_floor":[72,72,69,67,61,33,33,33,57,35,19,19,43,29,23,17,64,80,74,59,59,54,79,79,79,85,73,85,85,85,79,79,64,80,90,90,85,85,85,46,46,46,34,95,65,65,75,75,71,56,94,94,94,94,90,72],"gold":13,"neow_bonus":"BOSS_RELIC","is_daily":false,"chose_seed":false,"campfire_upgraded":0,"win_rate":0.0,"timestamp":1610957174,"path_taken":["R","M","?","M","M","E","T","$","R","M","E","?","R","E","M","BOSS","R","M","?","?","M","R","T","$","R","M","R","?","$","E","M","BOSS","R","M","M","$","?","M","T","?","?","?","?","R","$","E","M","BOSS","E","$","R","BOSS","BOSS"],"items_purchased_type":["Card","Relic","Relic","Relic","Relic","Relic","Card","Relic","Card","Card","Relic","Card","Card","Card","Relic","Relic","Relic","Card","Relic","Relic"],"build_version":"2020-12-22","purchased_purges":7,"victory":true,"max_hp_per_floor":[80,80,80,80,80,80,80,80,80,80,80,80,80,80,80,80,80,80,80,85,85,85,85,85,85,85,85,85,85,85,85,85,85,85,95,95,95,95,95,95,95,95,95,95,95,95,105,105,107,107,107,107,107,107,107,107],"relic_stats":{"Happy Flower":[12],"Singing Bowl":2,"counters":[30,167],"CeramicFish":162,"Pen Nib":[36],"Letter Opener":[15],"War Paint":["Guardian:Planning","Guardian:Defend_Guardian"],"Orichalcum":[48],"Lizard Tail":0,"TheAbacus":[48],"Mummified Hand":[161],"Shuriken":[24],"Kunai":[13],"obtain_stats":[{"Singing Bowl":48,"Guardian:StasisEgg":42,"CeramicFish":34,"downfall:HeartBlessingGreen":13,"Old Coin":11,"Lizard Tail":53,"TheAbacus":38,"HornCleat":47,"Mummified Hand":25,"downfall:HeartBlessingBlue":35,"DollysMirror":38,"Fusion Hammer":17,"Kunai":53,"InkBottle":47,"Runic Pyramid":0,"Girya":34,"Pear":47,"downfall:HeartBlessingRed":13,"Happy Flower":47,"Guardian:ModeShifter":0,"Pen Nib":3,"Letter Opener":52,"Frozen Egg 2":7,"War Paint":14,"Orichalcum":31,"Calling Bell":34,"CaptainsWheel":38,"Shuriken":47,"Molten Egg 2":41,"Membership Card":25,"Pocketwatch":6,"Meat on the Bone":34},{"Singing Bowl":25,"Guardian:StasisEgg":22,"CeramicFish":18,"downfall:HeartBlessingGreen":7,"Old Coin":7,"Lizard Tail":28,"TheAbacus":21,"HornCleat":24,"Mummified Hand":13,"downfall:HeartBlessingBlue":18,"DollysMirror":21,"Fusion Hammer":10,"Kunai":28,"InkBottle":24,"Runic Pyramid":0,"Girya":18,"Pear":24,"downfall:HeartBlessingRed":7,"Happy Flower":24,"Guardian:ModeShifter":0,"Pen Nib":1,"Letter Opener":28,"Frozen Egg 2":4,"War Paint":8,"Orichalcum":16,"Calling Bell":18,"CaptainsWheel":21,"Shuriken":24,"Molten Egg 2":22,"Membership Card":13,"Pocketwatch":4,"Meat on the Bone":18},{"Singing Bowl":134,"Guardian:StasisEgg":113,"CeramicFish":100,"downfall:HeartBlessingGreen":37,"Old Coin":37,"Lizard Tail":150,"TheAbacus":108,"HornCleat":131,"Mummified Hand":73,"downfall:HeartBlessingBlue":100,"DollysMirror":108,"Fusion Hammer":60,"Kunai":150,"InkBottle":131,"Runic Pyramid":0,"Girya":100,"Pear":131,"downfall:HeartBlessingRed":37,"Happy Flower":131,"Guardian:ModeShifter":0,"Pen Nib":3,"Letter Opener":150,"Frozen Egg 2":23,"War Paint":44,"Orichalcum":88,"Calling Bell":100,"CaptainsWheel":108,"Shuriken":131,"Molten Egg 2":113,"Membership Card":73,"Pocketwatch":23,"Meat on the Bone":100}],"InkBottle":[21],"Pocketwatch":[13],"Meat on the Bone":24},"card_choices":[{"not_picked":["Guardian:MultiBeam","Guardian:ArmoredProtocol"],"picked":"Guardian:FuturePlans","floor":2},{"not_picked":["Guardian:WalkerClaw","Guardian:TemporalShield"],"picked":"Guardian:ArmoredProtocol","floor":4},{"not_picked":["Guardian:Incinerate","Guardian:Recover"],"picked":"Guardian:Gem_Lightblue","floor":5},{"not_picked":["Guardian:Gem_Green","Guardian:Incinerate"],"picked":"Guardian:SpikerProtocol","floor":6},{"not_picked":["Guardian:Incinerate","Guardian:RollAttack"],"picked":"Guardian:Planning","floor":8},{"not_picked":["Guardian:TemporalShield","Guardian:Gem_Purple"],"picked":"Guardian:FierceBash","floor":10},{"not_picked":["Guardian:RefractedBeam","Guardian:CrystalBeam"],"picked":"Guardian:Preprogram","floor":11},{"not_picked":["Guardian:Reroute","Guardian:RefractedBeam"],"picked":"Guardian:Gem_White","floor":14},{"not_picked":["Guardian:ArmoredProtocol+1","Guardian:TimeBomb"],"picked":"Guardian:Gem_Fragmented","floor":15},{"not_picked":["Guardian:StasisField","Guardian:HyperBeam_Guardian"],"picked":"Guardian:Gem_Orange","floor":16},{"not_picked":["Guardian:Reroute+1","Guardian:TemporalStrike"],"picked":"Guardian:Gem_Purple","floor":19},{"not_picked":["Guardian:RollAttack","Guardian:ArmoredProtocol+1"],"picked":"Guardian:ShieldCharger","floor":22},{"not_picked":["Guardian:BaubleBeam","Guardian:Recover"],"picked":"Guardian:FierceBash","floor":25},{"not_picked":["Guardian:TimeBomb","Guardian:RollAttack","Guardian:Gem_Green"],"picked":"SKIP","floor":27},{"not_picked":["Guardian:Reroute+1","Guardian:ShieldSpikes"],"picked":"Guardian:ArmoredProtocol+1","floor":30},{"not_picked":["Guardian:Gem_Red","Guardian:SentryBeam"],"picked":"Guardian:GatlingBeam","floor":31},{"not_picked":["Guardian:Clone","Guardian:FloatingOrbs+1"],"picked":"Guardian:Harden","floor":32},{"not_picked":["Guardian:TimeSifter+1","Guardian:HyperBeam_Guardian"],"picked":"Guardian:StasisEngine+1","floor":33},{"not_picked":["Guardian:Gem_Red","Guardian:BodySlam","Guardian:Recover"],"picked":"SKIP","floor":36},{"not_picked":["Guardian:Gem_Crimson","Guardian:Reroute+1"],"picked":"Guardian:Gem_Orange","floor":37},{"not_picked":["Guardian:RefractedBeam+1","Guardian:Gem_White","Guardian:FuturePlans+1"],"picked":"SKIP","floor":38},{"not_picked":["Guardian:Planning","Guardian:VentSteam","Guardian:BodySlam+1"],"picked":"SKIP","floor":40},{"not_picked":["Guardian:Gem_Green","Guardian:Recover"],"picked":"Guardian:BronzeOrb+1","floor":43},{"not_picked":["Guardian:ChargeCore+1","Guardian:VentSteam+1"],"picked":"Guardian:SpikerProtocol+1","floor":45},{"not_picked":["Guardian:Gem_Cyan","Guardian:EvasiveProtocol+1"],"picked":"Guardian:StasisStrike+1","floor":48},{"not_picked":["Guardian:PrimingBeam+1","Guardian:RefractedBeam+1","Guardian:Gem_Lightblue"],"picked":"Singing Bowl","floor":49},{"not_picked":["Guardian:ShieldSpikes","Guardian:MultiBeam+1"],"picked":"Guardian:BodySlam+1","floor":52}],"player_experience":1209893,"relics_obtained":[{"floor":6,"key":"Pocketwatch"},{"floor":7,"key":"Frozen Egg 2"},{"floor":11,"key":"Old Coin"},{"floor":14,"key":"War Paint"},{"floor":31,"key":"Orichalcum"},{"floor":34,"key":"CeramicFish"},{"floor":34,"key":"Meat on the Bone"},{"floor":34,"key":"Girya"},{"floor":41,"key":"Molten Egg 2"},{"floor":48,"key":"Singing Bowl"},{"floor":52,"key":"Letter Opener"}],"event_choices":[{"damage_healed":0,"gold_gain":0,"player_choice":"Success","damage_taken":3,"relics_obtained":["Pen Nib"],"max_hp_gain":0,"max_hp_loss":0,"event_name":"Scrap Ooze","floor":3,"gold_loss":0},{"damage_healed":0,"gold_gain":0,"cards_transformed":["Guardian:Strike_Guardian","Guardian:Strike_Guardian"],"player_choice":"Became Test Subject","damage_taken":0,"max_hp_gain":0,"max_hp_loss":0,"event_name":"Drug Dealer","floor":21,"gold_loss":0,"cards_obtained":["Guardian:Harden","Guardian:ChargeUp"]},{"damage_healed":61,"gold_gain":0,"player_choice":"Full Heal","damage_taken":0,"max_hp_gain":0,"max_hp_loss":0,"event_name":"Wheel of Change","floor":44,"gold_loss":0}],"is_beta":false,"boss_relics":[{"not_picked":["Ectoplasm","SacredBark"],"picked":"Fusion Hammer"},{"not_picked":["SlaversCollar","Runic Dome"],"picked":"Calling Bell"}],"items_purged_floors":[8,25,25,47,47,53,53],"is_endless":false,"potions_floor_spawned":[2,4,10,15,16,27,31,32,33,36,37,43,49,52],"ascension_level":6}}