{"host":"och2iitg9ibgz06n","time":1610993447,"event":{"mods":["Abigail Mod","AchievementEnabler","Aspiration","BaseMod","Colored Powertips","Dio Mod","FruityMod","Hubris","Hyrulean Relics","Infinite Spire","Minty Spire (QoL Compilation)","Replay The Spire","Small Relic Pack","StSLib","The Animator","The Bug Knight","The Hierophant","The Jungle","The Saiyan","TheHero","Wandering Minibosses","everything is the same but u backflip on backflip","slay the spire mod where everything is the same but ironclad has a cowboy hat","vexMod"],"gold_per_floor":[90,90,90,100,118,143,158,158,158,176,176,37,47,65,65,168,168,151,151,106,119,34,34,69,69,69,88,101,121,121,140,140,144,144],"floor_reached":33,"language":"ENG","playtime":1914,"items_purged":[],"score":321,"play_id":"a239985b-9edc-47f7-82c6-518380bc2914","local_time":"20210118121047","is_ascension_mode":false,"campfire_choices":[{"data":"Saiyan:SuperSaiyanForm","floor":8,"key":"SMITH"},{"data":"Saiyan:RuthlessBlow","floor":11,"key":"SMITH"},{"floor":15,"key":"REST"},{"data":"Saiyan:TurtleShell","floor":23,"key":"SMITH"},{"floor":30,"key":"REST"},{"floor":32,"key":"REST"}],"circlet_count":0,"master_deck":["Saiyan:SAIYA_Strike","Saiyan:SAIYA_Strike","Saiyan:SAIYA_Strike","Saiyan:SAIYA_Defend","Saiyan:SAIYA_Defend","Saiyan:SAIYA_Defend","Saiyan:SAIYA_Defend","Saiyan:EnergyBlast","Saiyan:KaioKen","Saiyan:RuthlessBlow+1","Saiyan:Kienzan","Saiyan:PowerUp","Saiyan:MeteorDash","Saiyan:SuperSaiyanForm+1","Saiyan:Furor","Saiyan:Expend","Saiyan:Makankosappo","Saiyan:TurtleShell+1","Saiyan:SaiyanHubris","Saiyan:KiExplosion","Saiyan:FingerParry","Saiyan:MajinSeal","Saiyan:PlotArmor+1","Saiyan:Overexert","Saiyan:KaioKen","Saiyan:BackAttack","Saiyan:ConcussiveBlow","Saiyan:Endure","Saiyan:RemoveWeights","Saiyan:TurtleShell+1","Saiyan:FingerParry","Saiyan:SpiritSword+1","Saiyan:RemoveWeights+1","Saiyan:PowerPole+1","Saiyan:KiStrike","Saiyan:KiExplosion"],"relics":["SaiyanSoul","SaiyanHeart","Nunchaku","Replay:WaspNest","Philosopher\u0027s Stone","Smiling Mask","Prayer Wheel","infinitespire:Midas Blood"],"acts_visited":["Exordium","TheCity"],"potions_floor_usage":[24,27,27,33,33,33],"damage_taken":[{"damage":3,"enemies":"Small Slimes","floor":1,"turns":3},{"damage":6,"enemies":"infinitespire:Voidling","floor":4,"turns":3},{"damage":2,"enemies":"Cultist","floor":5,"turns":3},{"damage":6,"enemies":"Replay:BlueRogue","floor":6,"turns":5},{"damage":6,"enemies":"Looter","floor":7,"turns":3},{"damage":0,"enemies":"Red Slaver","floor":10,"turns":4},{"damage":5,"enemies":"Blue Slaver","floor":13,"turns":3},{"damage":9,"enemies":"Large Slime","floor":14,"turns":6},{"damage":17,"enemies":"Fading Forest","floor":16,"turns":11},{"damage":11,"enemies":"2 Thieves","floor":18,"turns":4},{"damage":8,"enemies":"Chosen","floor":21,"turns":7},{"damage":23,"enemies":"Book of Stabbing","floor":24,"turns":6},{"damage":15,"enemies":"3 Cultists","floor":27,"turns":6},{"damage":3,"enemies":"Centurion and Healer","floor":28,"turns":7},{"damage":0,"enemies":"Snecko","floor":29,"turns":7},{"damage":37,"enemies":"Cultist and Chosen","floor":31,"turns":6},{"damage":38,"enemies":"Automaton","floor":33,"turns":6}],"seed_played":"4382558309198178614","potions_obtained":[{"floor":1,"key":"Block Potion"},{"floor":5,"key":"FearPotion"},{"floor":13,"key":"Energy Potion"},{"floor":18,"key":"Explosive Potion"},{"floor":24,"key":"SkillPotion"},{"floor":28,"key":"LifebloodPotion"},{"floor":29,"key":"DuplicationPotion"}],"is_trial":false,"path_per_floor":["M","?","?","M","M","E","M","R","T","M","R","$","M","M","R","B",null,"M","?","$","M","?","R","E","?","T","M","M","M","R","M","R","B"],"character_chosen":"SAIYAJIN","items_purchased":["Saiyan:Makankosappo","Saiyan:TurtleShell","Saiyan:SaiyanHubris","Saiyan:BackAttack"],"campfire_rested":3,"item_purchase_floors":[12,12,12,20],"current_hp_per_floor":[63,63,63,62,61,57,51,51,51,53,53,53,48,39,60,54,73,64,64,64,56,56,56,33,33,33,19,18,20,44,8,32,0,0],"gold":144,"neow_bonus":"TEN_PERCENT_HP_BONUS","is_daily":false,"chose_seed":false,"campfire_upgraded":3,"win_rate":0.0,"timestamp":1610993447,"path_taken":["M","?","?","M","M","E","M","R","T","M","R","$","?","M","R","BOSS","M","?","$","?","?","R","E","?","T","M","M","M","R","M","R","BOSS"],"items_purchased_type":["Card","Card","Card","Card"],"build_version":"2020-12-22","purchased_purges":0,"victory":false,"max_hp_per_floor":[66,66,66,67,68,70,70,70,70,72,72,72,72,72,72,73,73,75,75,75,75,75,75,75,75,75,76,78,80,80,81,81,82,82],"card_choices":[{"not_picked":["Saiyan:FinalFlash","Saiyan:Medicine"],"picked":"Saiyan:Kienzan","floor":1},{"not_picked":["Saiyan:KiExplosion","Saiyan:Pacing"],"picked":"Saiyan:PowerUp","floor":4},{"not_picked":["Saiyan:KiExplosion","Saiyan:SaiyanHubris"],"picked":"Saiyan:MeteorDash","floor":5},{"not_picked":["Saiyan:DragonRadar","Saiyan:SpiritSword"],"picked":"Saiyan:SuperSaiyanForm","floor":6},{"not_picked":["Saiyan:MindBoom","Saiyan:FingerParry"],"picked":"Saiyan:Furor","floor":7},{"not_picked":["Saiyan:BigBangAttack","Saiyan:PowerUp"],"picked":"Saiyan:Expend","floor":10},{"not_picked":["Saiyan:MeteorDash","Saiyan:BigBangAttack"],"picked":"Saiyan:KiExplosion","floor":13},{"not_picked":["Saiyan:Scouter","Saiyan:AugmentedBlast"],"picked":"Saiyan:FingerParry","floor":14},{"not_picked":["Saiyan:Momentum","Saiyan:GhostAttack"],"picked":"Saiyan:MajinSeal","floor":16},{"not_picked":["Saiyan:Reset","Saiyan:KameHameHa+1"],"picked":"Saiyan:PlotArmor+1","floor":18},{"not_picked":["Saiyan:FingerParry+1","Saiyan:TurtleShell"],"picked":"Saiyan:ConcussiveBlow","floor":21},{"not_picked":["Saiyan:SuperSaiyanThree","Saiyan:FingerParry"],"picked":"Saiyan:Endure","floor":24},{"not_picked":["Saiyan:ThirstForFight","Saiyan:KameHameHa"],"picked":"Saiyan:RemoveWeights","floor":27},{"not_picked":["Saiyan:FingerParry","Saiyan:Scouter"],"picked":"Saiyan:TurtleShell+1","floor":27},{"not_picked":["Saiyan:AugmentedBlast+1","Saiyan:TurtleShell"],"picked":"Saiyan:FingerParry","floor":28},{"not_picked":["Saiyan:Twize","Saiyan:SoulSpice"],"picked":"Saiyan:SpiritSword+1","floor":28},{"not_picked":["Saiyan:DoubleMasenko","Saiyan:SaiyanHubris"],"picked":"Saiyan:RemoveWeights+1","floor":29},{"not_picked":["Saiyan:KameHameHa","Saiyan:UltraInstinct"],"picked":"Saiyan:PowerPole+1","floor":29},{"not_picked":["Saiyan:Taunt","Saiyan:MonkeyTail"],"picked":"Saiyan:KiStrike","floor":31},{"not_picked":["Saiyan:MeteorDash","Saiyan:FingerParry+1"],"picked":"Saiyan:KiExplosion","floor":31}],"player_experience":393243,"relics_obtained":[{"floor":2,"key":"Nunchaku"},{"floor":6,"key":"Replay:WaspNest"},{"floor":24,"key":"Prayer Wheel"},{"floor":26,"key":"infinitespire:Midas Blood"}],"event_choices":[{"cards_removed":["Saiyan:SAIYA_Strike"],"damage_healed":0,"gold_gain":0,"player_choice":"Card Removal","damage_taken":0,"max_hp_gain":0,"max_hp_loss":0,"event_name":"Wheel of Change","floor":3,"gold_loss":0},{"damage_healed":0,"gold_gain":0,"player_choice":"2 cards matched","damage_taken":0,"max_hp_gain":0,"max_hp_loss":0,"event_name":"Match and Keep!","floor":19,"gold_loss":0,"cards_obtained":["Saiyan:Overexert","Saiyan:KaioKen"]},{"damage_healed":0,"gold_gain":0,"player_choice":"Obtained Relic","damage_taken":0,"relics_obtained":["Smiling Mask"],"max_hp_gain":0,"max_hp_loss":0,"event_name":"Addict","floor":22,"gold_loss":85},{"damage_healed":0,"gold_gain":0,"player_choice":"Bought 0 Potions","damage_taken":0,"max_hp_gain":0,"max_hp_loss":0,"event_name":"The Woman in Blue","floor":25,"gold_loss":0}],"is_beta":false,"boss_relics":[{"not_picked":["Replay:Ancient Bell","Runic Pyramid"],"picked":"Philosopher\u0027s Stone"}],"items_purged_floors":[],"is_endless":false,"potions_floor_spawned":[1,5,13,14,18,24,28,29],"killed_by":"Automaton","ascension_level":0}}