{"host":"8i4doyxqctgl5qb0","time":1610936935,"event":{"mods":["AchievementEnabler","BaseMod","Block Reminder","Colored Powertips","Minty Spire (QoL Compilation)","Permanent Neow","Potion Indicator Mod","Rare Cards Sparkle","StSLib","SuperFastMode","The Jungle"],"gold_per_floor":[115,133,133,144,16,16,16,32,32,32,32,46,46,63,63,160,160,177,193,213,213,213],"floor_reached":21,"language":"ZHS","playtime":648,"items_purged":[],"score":234,"play_id":"fe46ee31-5d74-42c4-a429-3d83fa72210e","local_time":"20210118102855","is_ascension_mode":true,"campfire_choices":[{"data":"Footwork","floor":6.0,"key":"SMITH"},{"data":"Bouncing Flask","floor":13.0,"key":"SMITH"},{"data":"Accuracy","floor":15.0,"key":"SMITH"}],"circlet_count":0,"master_deck":["Survivor","Neutralize","Well Laid Plans","Cloak And Dagger","Caltrops","Deadly Poison","Footwork+1","Bouncing Flask+1","Pain","Cloak And Dagger","Accuracy+1","Corpse Explosion","Terror","Slice","Dash","After Image","Accuracy","Masterful Stab","Bane","Bouncing Flask","Leg Sweep","Distraction","Poisoned Stab","Sucker Punch+1"],"relics":["Ring of the Snake","Eternal Feather","CultistMask","Ornamental Fan","WarpedTongs","Pandora\u0027s Box"],"acts_visited":["Exordium","TheCity"],"potions_floor_usage":[21],"damage_taken":[{"damage":3.0,"enemies":"Cultist","floor":1.0,"turns":4.0},{"damage":0.0,"enemies":"2 Louse","floor":2.0,"turns":3.0},{"damage":3.0,"enemies":"Small Slimes","floor":4.0,"turns":5.0},{"damage":11.0,"enemies":"Red Slaver","floor":8.0,"turns":4.0},{"damage":2.0,"enemies":"Looter","floor":12.0,"turns":4.0},{"damage":3.0,"enemies":"Gremlin Gang","floor":14.0,"turns":6.0},{"damage":20.0,"enemies":"The Guardian","floor":16.0,"turns":9.0},{"damage":7.0,"enemies":"Chosen","floor":18.0,"turns":4.0},{"damage":17.0,"enemies":"Spheric Guardian","floor":19.0,"turns":4.0},{"damage":24.0,"enemies":"Cultist and Chosen","floor":20.0,"turns":5.0},{"damage":23,"enemies":"Snecko","floor":21,"turns":3}],"seed_played":"-1201187257707849743","potions_obtained":[{"floor":0.0,"key":"CunningPotion"},{"floor":0.0,"key":"Fruit Juice"},{"floor":0.0,"key":"FearPotion"},{"floor":4.0,"key":"AttackPotion"},{"floor":14.0,"key":"Fire Potion"},{"floor":16.0,"key":"Regen Potion"},{"floor":19.0,"key":"ColorlessPotion"},{"floor":20.0,"key":"BlessingOfTheForge"}],"is_trial":false,"path_per_floor":["M","M","?","M","$","R","?","M","T","$","?","M","R","M","R","B",null,"M","M","M","M"],"character_chosen":"THE_SILENT","items_purchased":["Deadly Poison","Footwork"],"campfire_rested":0,"item_purchase_floors":[5,5],"current_hp_per_floor":[60,60,53,55,55,64,64,53,53,53,53,51,63,60,72,52,69,62,45,21,0,0],"gold":213,"neow_bonus":"THREE_SMALL_POTIONS","is_daily":false,"chose_seed":false,"campfire_upgraded":3,"win_rate":0.0,"timestamp":1610936935,"path_taken":["M","?","?","M","$","R","?","?","T","$","?","M","R","M","R","BOSS","M","M","?","M"],"items_purchased_type":["Card","Card"],"build_version":"2020-12-22","purchased_purges":0,"victory":false,"max_hp_per_floor":[70,70,70,75,75,75,75,75,75,75,75,75,75,75,75,75,75,75,75,75,75,75],"card_choices":[{"not_picked":["Expertise","Prepared"],"picked":"Well Laid Plans","floor":1.0},{"not_picked":["Outmaneuver","Slice"],"picked":"Cloak And Dagger","floor":2.0},{"not_picked":["Outmaneuver","Dagger Throw"],"picked":"Caltrops","floor":4.0},{"not_picked":["Slice","Acrobatics"],"picked":"Bouncing Flask","floor":8.0},{"not_picked":["Underhanded Strike","Flying Knee"],"picked":"Cloak And Dagger","floor":12.0},{"not_picked":["Predator","Tactician"],"picked":"Accuracy","floor":14.0},{"not_picked":["Glass Knife","Malaise"],"picked":"Corpse Explosion","floor":16.0},{"not_picked":["Cloak And Dagger","Endless Agony"],"picked":"Poisoned Stab","floor":18.0},{"not_picked":["Flechettes","Slice","Riddle With Holes+1"],"picked":"SKIP","floor":19.0},{"not_picked":["Underhanded Strike","Escape Plan"],"picked":"Sucker Punch+1","floor":20.0}],"player_experience":163063,"relics_obtained":[{"floor":9.0,"key":"Ornamental Fan"}],"event_choices":[{"damage_healed":0.0,"max_hp_gain":0.0,"max_hp_loss":0.0,"gold_gain":0.0,"event_name":"Scrap Ooze","player_choice":"Success","floor":3.0,"gold_loss":0.0,"damage_taken":7.0,"relics_obtained":["Eternal Feather"]},{"damage_healed":0.0,"max_hp_gain":0.0,"max_hp_loss":0.0,"gold_gain":0.0,"event_name":"FaceTrader","player_choice":"Trade","floor":7.0,"gold_loss":0.0,"damage_taken":0.0,"relics_obtained":["CultistMask"]},{"damage_healed":0.0,"max_hp_gain":0.0,"max_hp_loss":0.0,"gold_gain":0.0,"event_name":"Accursed Blacksmith","player_choice":"Rummage","floor":11.0,"gold_loss":0.0,"damage_taken":0.0,"relics_obtained":["WarpedTongs"],"cards_obtained":["Pain"]}],"is_beta":false,"boss_relics":[{"not_picked":["Tiny House","Runic Dome"],"picked":"Pandora\u0027s Box"}],"items_purged_floors":[],"is_endless":false,"potions_floor_spawned":[4,12,14,16,19,20],"killed_by":"Snecko","ascension_level":7}}