{"host":"ovxa65d68iy9l57e","time":1610998965,"event":{"mods":["AchievementEnabler","BaseMod","Better Altar","Better Skull","Better Vampires","Colored Map","Curses Come First","Minty Spire (QoL Compilation)","Relic Stats","StSLib"],"gold_per_floor":[111,131,148,162,62,62,91,102,152,152,180,180,180,207,219,332,344,366,394,27,27,42,42,42,42,42,72,99,112,37,51,51,148,148,168,185,185,200,52,77,77,112,112,132,132,55,72,100,100,100],"floor_reached":51,"language":"SPA","playtime":3785,"items_purged":["Strike_R","Strike_R"],"score":930,"play_id":"3e791afc-40ad-4aa7-86bf-dd8cc61dacdf","local_time":"20210118204245","is_ascension_mode":true,"campfire_choices":[{"data":"Apotheosis","floor":6,"key":"SMITH"},{"data":"Pommel Strike","floor":10,"key":"SMITH"},{"floor":12,"key":"REST"},{"data":"Entrench","floor":15,"key":"SMITH"},{"data":"Sword Boomerang","floor":23,"key":"SMITH"},{"data":"Flex","floor":25,"key":"SMITH"},{"floor":32,"key":"REST"},{"floor":41,"key":"REST"},{"floor":45,"key":"REST"},{"floor":49,"key":"REST"}],"circlet_count":0,"master_deck":["Strike_R","Defend_R","Defend_R","Defend_R","Defend_R","Bash+1","Apotheosis+1","Shrug It Off","Flex+1","Pommel Strike+1","Sword Boomerang+1","Spot Weakness","Entrench+1","Offering","Whirlwind","Barricade+1","Juggernaut+1","Body Slam","Shrug It Off","Double Tap","Metallicize+1","Flex","Body Slam"],"relics":["Burning Blood","Oddly Smooth Stone","Whetstone","Frozen Egg 2","MawBank","Cursed Key","Kunai","Paper Frog","Omamori","Red Mask","Fusion Hammer","Bottled Tornado","Sundial","Anchor"],"acts_visited":["Exordium","TheCity","TheBeyond"],"potions_floor_usage":[8,15,16,19,27,50],"damage_taken":[{"damage":4,"enemies":"Small Slimes","floor":1,"turns":4},{"damage":4,"enemies":"2 Louse","floor":2,"turns":4},{"damage":6,"enemies":"Cultist","floor":3,"turns":3},{"damage":13,"enemies":"Blue Slaver","floor":4,"turns":6},{"damage":13,"enemies":"3 Sentries","floor":7,"turns":10},{"damage":8,"enemies":"Large Slime","floor":8,"turns":5},{"damage":41,"enemies":"Lagavulin","floor":11,"turns":7},{"damage":19,"enemies":"3 Sentries","floor":14,"turns":9},{"damage":26,"enemies":"Slime Boss","floor":16,"turns":10},{"damage":6,"enemies":"Chosen","floor":18,"turns":2},{"damage":3,"enemies":"3 Byrds","floor":19,"turns":4},{"damage":55,"enemies":"Sentry and Sphere","floor":22,"turns":6},{"damage":21,"enemies":"Gremlin Leader","floor":27,"turns":9},{"damage":12,"enemies":"Masked Bandits","floor":28,"turns":3},{"damage":21,"enemies":"Snecko","floor":29,"turns":5},{"damage":10,"enemies":"Chosen and Byrds","floor":31,"turns":6},{"damage":13,"enemies":"Champ","floor":33,"turns":10},{"damage":29,"enemies":"3 Darklings","floor":35,"turns":4},{"damage":6,"enemies":"Orb Walker","floor":36,"turns":3},{"damage":8,"enemies":"4 Shapes","floor":38,"turns":4},{"damage":42,"enemies":"Reptomancer","floor":40,"turns":6},{"damage":33,"enemies":"Nemesis","floor":42,"turns":5},{"damage":0,"enemies":"Maw","floor":44,"turns":7},{"damage":6,"enemies":"Jaw Worm Horde","floor":47,"turns":5},{"damage":0,"enemies":"Giant Head","floor":48,"turns":6},{"damage":32,"enemies":"Donu and Deca","floor":50,"turns":8}],"seed_played":"-5537844892324958678","potions_obtained":[{"floor":1,"key":"DistilledChaos"},{"floor":4,"key":"DistilledChaos"},{"floor":14,"key":"BloodPotion"},{"floor":16,"key":"Fruit Juice"},{"floor":19,"key":"BloodPotion"},{"floor":29,"key":"PowerPotion"},{"floor":31,"key":"FairyPotion"},{"floor":33,"key":"Dexterity Potion"},{"floor":35,"key":"EntropicBrew"},{"floor":42,"key":"FairyPotion"}],"is_trial":false,"path_per_floor":["M","M","M","M","$","R","E","M","T","R","E","R","?","E","R","B",null,"M","M","$","?","M","R","?","R","T","E","?","M","?","M","R","B",null,"M","M","?","M","$","E","R","E","T","M","R","$","M","E","R","B",null],"character_chosen":"IRONCLAD","items_purchased":["Sword Boomerang","Barricade+1","Kunai","Shrug It Off","Metallicize+1"],"campfire_rested":5,"item_purchase_floors":[5,20,20,39,46],"current_hp_per_floor":[58,60,60,53,53,53,46,44,44,44,9,33,33,20,36,16,80,80,85,85,85,36,36,36,36,36,38,32,17,17,13,38,31,85,62,62,62,60,60,24,49,22,22,28,53,53,53,59,84,58],"gold":100,"neow_bonus":"RANDOM_COLORLESS_2","is_daily":false,"chose_seed":false,"campfire_upgraded":5,"win_rate":0.0,"timestamp":1610998965,"path_taken":["M","M","M","M","$","R","E","M","T","R","E","R","?","E","R","BOSS","M","M","$","?","?","R","?","R","T","E","?","M","?","M","R","BOSS","M","M","?","M","$","E","R","E","T","M","R","$","M","E","R","BOSS"],"items_purchased_type":["Card","Card","Relic","Card","Card"],"build_version":"2020-12-22","purchased_purges":2,"victory":true,"max_hp_per_floor":[80,80,80,80,80,80,80,80,80,80,80,80,80,80,80,80,80,80,85,85,85,85,85,85,85,85,85,85,85,85,85,85,85,85,85,85,85,85,85,85,85,85,85,85,85,85,85,85,85,85],"relic_stats":{"counters":[26,151],"Sundial":[4],"Whetstone":["Strike_R","Bash"],"Kunai":[14],"MawBank":72,"Cursed Key":1,"obtain_stats":[{"Oddly Smooth Stone":7,"Omamori":27,"Whetstone":9,"Frozen Egg 2":11,"Bottled Tornado":40,"MawBank":14,"Cursed Key":17,"Burning Blood":0,"Anchor":48,"Sundial":42,"Fusion Hammer":34,"Red Mask":28,"Kunai":20,"Paper Frog":26},{"Oddly Smooth Stone":5,"Omamori":13,"Whetstone":6,"Frozen Egg 2":7,"Bottled Tornado":21,"MawBank":8,"Cursed Key":9,"Burning Blood":0,"Anchor":25,"Sundial":22,"Fusion Hammer":17,"Red Mask":14,"Kunai":11,"Paper Frog":12},{"Oddly Smooth Stone":27,"Omamori":79,"Whetstone":32,"Frozen Egg 2":39,"Bottled Tornado":120,"MawBank":48,"Cursed Key":58,"Burning Blood":0,"Anchor":143,"Sundial":125,"Fusion Hammer":103,"Red Mask":82,"Kunai":64,"Paper Frog":70}],"Burning Blood":153},"card_choices":[{"not_picked":["Magnetism","Sadistic Nature"],"picked":"Apotheosis","floor":0},{"not_picked":["Flex","Hemokinesis","Carnage"],"picked":"SKIP","floor":1},{"not_picked":["Clothesline","Wild Strike"],"picked":"Shrug It Off","floor":2},{"not_picked":["Fire Breathing","Searing Blow"],"picked":"Flex","floor":3},{"not_picked":["Hemokinesis","Warcry"],"picked":"Pommel Strike","floor":4},{"not_picked":["Headbutt","Rupture","Twin Strike"],"picked":"SKIP","floor":7},{"not_picked":["Disarm","Perfected Strike"],"picked":"Spot Weakness","floor":8},{"not_picked":["Wild Strike","Iron Wave","Blood for Blood"],"picked":"SKIP","floor":11},{"not_picked":["Body Slam","Brutality+1"],"picked":"Entrench","floor":14},{"not_picked":["Brutality+1","Limit Break"],"picked":"Offering","floor":16},{"not_picked":["Feel No Pain+1","Clash"],"picked":"Whirlwind","floor":18},{"not_picked":["Shockwave","Armaments","Clash"],"picked":"SKIP","floor":19},{"not_picked":["Armaments+1","Heavy Blade","Seeing Red"],"picked":"SKIP","floor":22},{"not_picked":["Armaments+1","Heavy Blade","Seeing Red"],"picked":"SKIP","floor":22},{"not_picked":["Fire Breathing+1","Iron Wave","Clothesline"],"picked":"SKIP","floor":27},{"not_picked":["True Grit","Corruption+1","Wild Strike"],"picked":"SKIP","floor":29},{"not_picked":["Headbutt+1","Pommel Strike","Feel No Pain+1"],"picked":"SKIP","floor":31},{"not_picked":["Brutality+1","Demon Form+1"],"picked":"Juggernaut+1","floor":33},{"not_picked":["Clash","Twin Strike+1","Clothesline"],"picked":"SKIP","floor":35},{"not_picked":["Sword Boomerang","Wild Strike+1"],"picked":"Body Slam","floor":36},{"not_picked":["Rampage","Cleave+1","Barricade+1"],"picked":"SKIP","floor":38},{"not_picked":["Sword Boomerang","Clash+1","Infernal Blade"],"picked":"SKIP","floor":40},{"not_picked":["Cleave+1","Headbutt+1"],"picked":"Double Tap","floor":42},{"not_picked":["Armaments","Warcry+1","Twin Strike"],"picked":"SKIP","floor":44},{"not_picked":["Perfected Strike+1","Sword Boomerang"],"picked":"Flex","floor":47},{"not_picked":["Power Through+1","Seeing Red"],"picked":"Body Slam","floor":48}],"player_experience":290830,"relics_obtained":[{"floor":7,"key":"Oddly Smooth Stone"},{"floor":9,"key":"Whetstone"},{"floor":11,"key":"Frozen Egg 2"},{"floor":14,"key":"MawBank"},{"floor":26,"key":"Paper Frog"},{"floor":27,"key":"Omamori"},{"floor":28,"key":"Red Mask"},{"floor":40,"key":"Bottled Tornado"},{"floor":42,"key":"Sundial"},{"floor":48,"key":"Anchor"}],"event_choices":[{"cards_removed":["Strike_R"],"damage_healed":0,"gold_gain":0,"player_choice":"Forget","damage_taken":0,"max_hp_gain":0,"max_hp_loss":0,"event_name":"Living Wall","floor":13,"gold_loss":0},{"damage_healed":0,"gold_gain":0,"player_choice":"1 cards matched","damage_taken":0,"max_hp_gain":0,"max_hp_loss":0,"event_name":"Match and Keep!","floor":21,"gold_loss":0,"cards_obtained":["Anger"]},{"cards_removed":["Anger"],"damage_healed":0,"gold_gain":0,"player_choice":"Elegance","damage_taken":0,"max_hp_gain":0,"max_hp_loss":0,"event_name":"Back to Basics","floor":24,"gold_loss":0},{"damage_healed":0,"gold_gain":0,"player_choice":"Fought Bandits","damage_taken":0,"max_hp_gain":0,"max_hp_loss":0,"event_name":"Masked Bandits","floor":28,"gold_loss":0},{"cards_removed":["Writhe"],"damage_healed":0,"gold_gain":0,"player_choice":"Gave Gold","damage_taken":0,"max_hp_gain":0,"max_hp_loss":0,"event_name":"Beggar","floor":30,"gold_loss":75},{"cards_removed":["Strike_R"],"damage_healed":0,"gold_gain":0,"player_choice":"Removed Attack","damage_taken":0,"max_hp_gain":0,"max_hp_loss":0,"event_name":"Falling","floor":37,"gold_loss":0}],"is_beta":false,"boss_relics":[{"not_picked":["Coffee Dripper","Black Star"],"picked":"Cursed Key"},{"not_picked":["SacredBark","Calling Bell"],"picked":"Fusion Hammer"}],"items_purged_floors":[5,39],"is_endless":false,"potions_floor_spawned":[1,4,14,16,19,29,31,33,35,38,42,48],"ascension_level":4}}