{"host":"fworv1gvvajf3x0f","time":1610989524,"event":{"mods":["AchievementEnabler","Aspiration","BaseMod","Better Match","Better Note","Better Sensory Stone","Better Third Choice","Better Vampires","Better-Laid Plans","BetterRewards","Colored Map","Colored Powertips","Displayed Cursed Tome","Energized Spire","Good Game Mod","Highlight Path","Infinite Spire","Minty Spire (QoL Compilation)","Poor People Problems","Relic Stats","Replay The Spire","Spicy Shops","StSLib"],"gold_per_floor":[115,115,135,135,135,135,163,163,214,253,277,312,339,180,180,285,285,306,65,88,110,142,142,161,161,187,187,187,205,205,245,245,353,353,377,377,377,406,406,406,444,489,489,516,536,53,87,121,121,131],"floor_reached":51,"language":"ZHS","playtime":5912,"items_purged":["Defend_R","Perfected Strike"],"score":974,"play_id":"447c9bab-fcfe-453d-b316-a8bac968a95b","local_time":"20210119010524","is_ascension_mode":true,"campfire_choices":[{"data":"Apotheosis","floor":6,"key":"SMITH"},{"data":"Barricade","floor":8,"key":"SMITH"},{"data":"Body Slam","floor":15,"key":"SMITH"},{"floor":23,"key":"REST"},{"floor":25,"key":"REST"},{"floor":27,"key":"REST"},{"floor":32,"key":"REST"},{"floor":40,"key":"RECALL"},{"floor":49,"key":"REST"}],"circlet_count":0,"master_deck":["Strike_R","Strike_R+1","Strike_R","Defend_R+1","Defend_R","Defend_R","Bash+1","Perseverance","Apotheosis+1","Rampage+1","Amnesia","Heavy Blade+1","Barricade+1","Body Slam+1","True Grit","Feed","ReplayReversal","Seeing Red","Evolve","Demonic Infusion","Inflame","Headbutt+1","Metallicize","Seeing Red","Inflame","Limit Break","infinitespire:OneForAll+1","Reaper+1","Whirlwind+1","infinitespire:SevenWalls","Entrench","Armaments","Bloodletting","Doubt","Infernal Blade","Burning Pact"],"relics":["Burning Blood","REME:ComplimentaryCards","Orichalcum","Strange Spoon","King of Hearts","ReplayTheSpireMod:Ring of Exchange","Ring of Peace","Replay:Bandana","Vajra","infinitespire:Lucky Rock","infinitespire:Satchel","Fusion Hammer","infinitespire:EmpoweringShard","Toy Ornithopter","Golden Egg","Snecko Eye","infinitespire:CursedDice","Simple Rune","Whetstone","aspiration:AnachronicSnailShell","Onion Ring"],"acts_visited":["Exordium","TheCity","TheBeyond"],"potions_floor_usage":[13,22,22,22,22,22,24,24,33,41,50,50,50,50],"damage_taken":[{"damage":4,"enemies":"2 Louse","floor":1,"turns":3},{"damage":0,"enemies":"Small Slimes","floor":3,"turns":3},{"damage":14,"enemies":"Lagavulin","floor":7,"turns":6},{"damage":14,"enemies":"Gremlin Nob","floor":10,"turns":5},{"damage":0,"enemies":"Cultist","floor":11,"turns":5},{"damage":0,"enemies":"Lagavulin","floor":12,"turns":8},{"damage":14,"enemies":"Exordium Thugs","floor":13,"turns":6},{"damage":42,"enemies":"Fading Forest","floor":16,"turns":11},{"damage":24,"enemies":"Spheric Guardian","floor":18,"turns":7},{"damage":16,"enemies":"Shell Parasite","floor":20,"turns":5},{"damage":18,"enemies":"Cultist and Chosen","floor":21,"turns":6},{"damage":45,"enemies":"Chosen and Byrds","floor":22,"turns":6},{"damage":40,"enemies":"Snecko","floor":24,"turns":8},{"damage":27,"enemies":"Snake Plant","floor":29,"turns":5},{"damage":23,"enemies":"Gremlin Leader","floor":31,"turns":6},{"damage":54,"enemies":"Collector","floor":33,"turns":8},{"damage":10,"enemies":"Orb Walker","floor":35,"turns":3},{"damage":0,"enemies":"3 Darklings","floor":38,"turns":4},{"damage":0,"enemies":"Transient","floor":41,"turns":5},{"damage":12,"enemies":"Reptomancer","floor":42,"turns":6},{"damage":6,"enemies":"4 Shapes","floor":44,"turns":5},{"damage":25,"enemies":"Writhing Mass","floor":45,"turns":5},{"damage":0,"enemies":"Jaw Worm Horde","floor":47,"turns":1},{"damage":10,"enemies":"4 Shapes","floor":48,"turns":4},{"damage":12,"enemies":"Replay:Hell Engine","floor":50,"turns":9}],"seed_played":"4546332175918840588","potions_obtained":[{"floor":1,"key":"BlessingOfTheForge"},{"floor":3,"key":"HeartOfIron"},{"floor":7,"key":"Swift Potion"},{"floor":13,"key":"Elixir"},{"floor":16,"key":"Energy Potion"},{"floor":18,"key":"EntropicBrew"},{"floor":22,"key":"Block Potion"},{"floor":31,"key":"Dexterity Potion"},{"floor":35,"key":"SneckoOil"},{"floor":39,"key":"HeartOfIron"},{"floor":39,"key":"Reflective Coating"},{"floor":41,"key":"EssenceOfSteel"},{"floor":42,"key":"Strength Potion"}],"is_trial":false,"path_per_floor":["M","?","M","?","?","R","E","R","T","E","M","E","M","$","R","B",null,"M","$","M","M","M","R","M","R","T","R","AVR","M","?","E","R","B",null,"M","?","?","M","?","R","M","E","T","M","M","$","M","M","R","B",null],"character_chosen":"IRONCLAD","items_purchased":["Apotheosis","Orichalcum","Strange Spoon","King of Hearts","True Grit","Seeing Red","Evolve","infinitespire:EmpoweringShard","Whetstone","aspiration:AnachronicSnailShell","Onion Ring"],"campfire_rested":5,"item_purchase_floors":[0,0,0,0,0,14,14,19,46,46,46],"current_hp_per_floor":[74,74,80,80,80,80,72,72,72,64,70,76,72,72,72,50,76,58,58,48,43,20,52,18,50,50,82,82,61,61,44,76,33,89,89,63,63,111,111,111,111,105,105,111,92,92,98,114,114,108],"gold":131,"neow_bonus":"","is_daily":false,"chose_seed":false,"campfire_upgraded":3,"win_rate":0.0,"timestamp":1610989524,"path_taken":["M","?","M","?","?","R","E","R","T","E","M","E","M","$","R","BOSS","M","$","M","M","M","R","M","R","T","R","AVR","M","?","E","R","BOSS","M","?","?","M","?","R","M","E","T","?","M","$","M","M","R","BOSS"],"items_purchased_type":["Card","Relic","Relic","Relic","Card","Card","Card","Relic","Relic","Relic","Relic"],"build_version":"2020-12-22","purchased_purges":2,"victory":true,"max_hp_per_floor":[80,80,80,80,80,80,80,80,80,80,80,80,84,84,84,84,84,84,84,84,91,107,107,107,107,107,107,107,107,107,107,107,107,107,111,111,111,111,111,111,111,111,111,111,111,111,111,114,114,114],"relic_stats":{"Strange Spoon":[61],"counters":[129,575],"Snecko Eye":[77,56,65,59],"Whetstone":["Rampage","Bash"],"Orichalcum":[300],"obtain_stats":[{"Divine Protection":28,"Golden Egg":31,"Calipers":26,"Vampiric Spirits":29,"Vajra":9,"Whetstone":6,"aspiration:RitualStick":19,"Ring of Searing":11,"Lizard Tail":9,"aspiration:PoetsPen":51,"aspiration:BabyByrd":7,"MealTicket":13,"aspiration:ArtOfWarUpgrade":10,"infinitespire:Golems Mask":7,"Fusion Hammer":17,"HandDrill":0,"Ring of Hypnosis":12,"ReplayTheSpireMod:CursedCoin":10,"Velvet Choker":34,"aspiration:SeaSaltIceCream":26,"infinitespire:Magic Flask":10,"Letter Opener":30,"Akabeko":29,"aspiration:FrozenJewel":47,"Snecko Scales":29,"Shuriken":9,"ReplayTheSpireMod:Ring of Collecting":12,"Bird Faced Urn":0,"Snecko Eye":34,"Molten Egg 2":7,"Pandora\u0027s Box":17,"Simple Rune":43,"Onion Ring":46,"CultistMask":14,"infinitespire:EmpoweringShard":19,"Grinning Jar":0,"Unceasing Top":0,"Pocketwatch":0,"energizedSpire:PogoStick":34,"ReplayFunnel":53,"ReplayTheSpireMod:Ring of Exchange":22,"Snecko Heart":17,"King of Hearts":0,"Incense Burner":36,"Empty Cage":17,"PrismaticShard":27,"Smiling Mask":7,"Burning Blood":0,"ReplayTheSpireMod:EnergyBall":27,"Replay:Bandana":10,"energizedSpire:CursedPentagram":17,"Chameleon Ring":23,"Ring of Peace":20,"aspiration:AnachronicSnailShell":46,"Replay:Lucky Slots":24,"WingedGreaves":40,"energizedSpire:HugeHouse":17,"aspiration:FutureDiary":26,"Ring of Panic":11,"infinitespire:Chaos":0,"Ring of the Snake":0,"Gremlin Food":36,"NeowsBlessing":0,"Self Forming Clay":9,"aspiration:FetidBarrel":46,"infinitespire:CursedDice":42,"Guide Book":36,"infinitespire:EmptyRelic":0,"betterThird:NestCultRelic":21,"PreservedInsect":23,"infinitespire:Lucky Rock":20,"Odd Mushroom":8,"Orichalcum":0,"Medical Kit":11,"White Beast Statue":0,"Mercury Hourglass":23,"Strange Spoon":31,"REME:ComplimentaryCards":0,"Ornamental Fan":54,"aspiration:WatcherSkillbook":34,"infinitespire:Satchel":12,"Bag of Marbles":41,"Art of War":7,"Garlic":12,"Membership Card":0,"Bottled Lightning":26,"Champion Belt":42,"ReplayTheSpireMod:Ring of Challenge":26,"PureWater":0,"ReplayTheSpireMod:Lightbulb":36,"Toy Ornithopter":28,"infinitespire:Midas Blood":9},{"Divine Protection":13,"Golden Egg":119,"Calipers":33,"Vampiric Spirits":35,"Vajra":107,"Whetstone":57,"aspiration:RitualStick":62,"Ring of Searing":82,"Lizard Tail":5,"aspiration:PoetsPen":46,"aspiration:BabyByrd":67,"MealTicket":26,"aspiration:ArtOfWarUpgrade":53,"infinitespire:Golems Mask":81,"Fusion Hammer":112,"HandDrill":64,"Ring of Hypnosis":6,"ReplayTheSpireMod:CursedCoin":23,"Velvet Choker":94,"aspiration:SeaSaltIceCream":12,"infinitespire:Magic Flask":23,"Letter Opener":92,"Akabeko":13,"aspiration:FrozenJewel":44,"Snecko Scales":35,"Shuriken":81,"ReplayTheSpireMod:Ring of Collecting":6,"Bird Faced Urn":53,"Snecko Eye":120,"Molten Egg 2":4,"Pandora\u0027s Box":73,"Simple Rune":124,"Onion Ring":126,"CultistMask":6,"infinitespire:EmpoweringShard":113,"Grinning Jar":18,"Unceasing Top":18,"Pocketwatch":47,"energizedSpire:PogoStick":14,"ReplayFunnel":102,"ReplayTheSpireMod:Ring of Exchange":30,"Snecko Heart":85,"King of Hearts":104,"Incense Burner":39,"Empty Cage":7,"PrismaticShard":12,"Smiling Mask":23,"Burning Blood":0,"ReplayTheSpireMod:EnergyBall":90,"Replay:Bandana":23,"energizedSpire:CursedPentagram":28,"Chameleon Ring":31,"Ring of Peace":9,"aspiration:AnachronicSnailShell":126,"Replay:Lucky Slots":77,"WingedGreaves":97,"energizedSpire:HugeHouse":61,"aspiration:FutureDiary":12,"Ring of Panic":82,"infinitespire:Chaos":53,"Ring of the Snake":0,"Gremlin Food":39,"NeowsBlessing":0,"Self Forming Clay":53,"aspiration:FetidBarrel":100,"infinitespire:CursedDice":124,"Guide Book":39,"infinitespire:EmptyRelic":53,"betterThird:NestCultRelic":76,"PreservedInsect":88,"infinitespire:Lucky Rock":9,"Odd Mushroom":68,"Orichalcum":104,"Medical Kit":58,"White Beast Statue":53,"Mercury Hourglass":11,"Strange Spoon":13,"REME:ComplimentaryCards":0,"Ornamental Fan":103,"aspiration:WatcherSkillbook":38,"infinitespire:Satchel":110,"Bag of Marbles":42,"Art of War":53,"Garlic":83,"Membership Card":18,"Bottled Lightning":90,"Champion Belt":98,"ReplayTheSpireMod:Ring of Challenge":12,"PureWater":53,"ReplayTheSpireMod:Lightbulb":95,"Toy Ornithopter":117,"infinitespire:Midas Blood":23},{"Divine Protection":55,"Golden Egg":525,"Calipers":160,"Vampiric Spirits":170,"Vajra":447,"Whetstone":242,"aspiration:RitualStick":272,"Ring of Searing":346,"Lizard Tail":16,"aspiration:PoetsPen":208,"aspiration:BabyByrd":291,"MealTicket":124,"aspiration:ArtOfWarUpgrade":233,"infinitespire:Golems Mask":344,"Fusion Hammer":482,"HandDrill":280,"Ring of Hypnosis":18,"ReplayTheSpireMod:CursedCoin":112,"Velvet Choker":389,"aspiration:SeaSaltIceCream":49,"infinitespire:Magic Flask":112,"Letter Opener":381,"Akabeko":55,"aspiration:FrozenJewel":199,"Snecko Scales":170,"Shuriken":344,"ReplayTheSpireMod:Ring of Collecting":18,"Bird Faced Urn":233,"Snecko Eye":533,"Molten Egg 2":11,"Pandora\u0027s Box":318,"Simple Rune":551,"Onion Ring":561,"CultistMask":18,"infinitespire:EmpoweringShard":489,"Grinning Jar":95,"Unceasing Top":95,"Pocketwatch":209,"energizedSpire:PogoStick":66,"ReplayFunnel":422,"ReplayTheSpireMod:Ring of Exchange":147,"Snecko Heart":361,"King of Hearts":435,"Incense Burner":184,"Empty Cage":29,"PrismaticShard":49,"Smiling Mask":112,"Burning Blood":0,"ReplayTheSpireMod:EnergyBall":376,"Replay:Bandana":112,"energizedSpire:CursedPentagram":138,"Chameleon Ring":153,"Ring of Peace":38,"aspiration:AnachronicSnailShell":561,"Replay:Lucky Slots":332,"WingedGreaves":399,"energizedSpire:HugeHouse":265,"aspiration:FutureDiary":49,"Ring of Panic":346,"infinitespire:Chaos":233,"Ring of the Snake":0,"Gremlin Food":184,"NeowsBlessing":0,"Self Forming Clay":233,"aspiration:FetidBarrel":413,"infinitespire:CursedDice":551,"Guide Book":184,"infinitespire:EmptyRelic":233,"betterThird:NestCultRelic":327,"PreservedInsect":371,"infinitespire:Lucky Rock":38,"Odd Mushroom":295,"Orichalcum":435,"Medical Kit":247,"White Beast Statue":233,"Mercury Hourglass":46,"Strange Spoon":55,"REME:ComplimentaryCards":0,"Ornamental Fan":428,"aspiration:WatcherSkillbook":181,"infinitespire:Satchel":465,"Bag of Marbles":193,"Art of War":233,"Garlic":349,"Membership Card":95,"Bottled Lightning":376,"Champion Belt":403,"ReplayTheSpireMod:Ring of Challenge":49,"PureWater":233,"ReplayTheSpireMod:Lightbulb":391,"Toy Ornithopter":514,"infinitespire:Midas Blood":112}],"Burning Blood":410,"Toy Ornithopter":5},"card_choices":[{"not_picked":["Cleave","Dark Embrace"],"picked":"Rampage","floor":1},{"not_picked":["Twin Strike","Replay:Undeath\u0027s Touch","Pommel Strike"],"picked":"SKIP","floor":3},{"not_picked":["Pummel","Intimidate"],"picked":"Barricade","floor":7},{"not_picked":["Evolve","Shockwave"],"picked":"Body Slam","floor":10},{"not_picked":["Wild Strike","Dropkick"],"picked":"True Grit","floor":11},{"not_picked":["Metallicize","Ghostly Armor"],"picked":"Feed","floor":12},{"not_picked":["Anger","Shrug It Off"],"picked":"ReplayReversal","floor":13},{"not_picked":["Double Tap","Feed"],"picked":"Demonic Infusion","floor":16},{"not_picked":["Armaments+1","Searing Blow"],"picked":"Inflame","floor":18},{"not_picked":["Pummel","Clothesline+1"],"picked":"Headbutt+1","floor":20},{"not_picked":["Wild Strike","Anger","Cleave"],"picked":"SKIP","floor":21},{"not_picked":["Perfected Strike+1","Havoc"],"picked":"Metallicize","floor":22},{"not_picked":["Sword Boomerang","Anger+1"],"picked":"Seeing Red","floor":24},{"not_picked":["Armaments","Replay:Undeath\u0027s Touch+1"],"picked":"Inflame","floor":29},{"not_picked":["Clothesline","Replay:Undeath\u0027s Touch"],"picked":"infinitespire:OneForAll+1","floor":31},{"not_picked":["Offering","Juggernaut"],"picked":"Reaper","floor":33},{"not_picked":["Sever Soul+1","True Grit+1"],"picked":"Whirlwind+1","floor":35},{"not_picked":["ReplayTheSpireMod:??????????????????????","infinitespire:FinalStrike"],"picked":"infinitespire:SevenWalls","floor":36},{"not_picked":["Run Through+1","Armaments","Twin Strike"],"picked":"SKIP","floor":38},{"not_picked":["Anger+1","True Grit"],"picked":"Entrench","floor":41},{"not_picked":["ReplayTheSpireMod:Muscle Training+1","Thunderclap+1","Cleave+1"],"picked":"SKIP","floor":42},{"not_picked":["Feed","Headbutt"],"picked":"Armaments","floor":44},{"not_picked":["Dropkick+1","Searing Blow"],"picked":"Bloodletting","floor":45},{"not_picked":["Warcry","Armaments"],"picked":"Infernal Blade","floor":47},{"not_picked":["Twin Strike","ReplayTheSpireMod:Corrosion Curse"],"picked":"Burning Pact","floor":48}],"player_experience":280057,"relics_obtained":[{"floor":2,"key":"ReplayTheSpireMod:Ring of Exchange"},{"floor":2,"key":"Ring of Peace"},{"floor":7,"key":"Replay:Bandana"},{"floor":9,"key":"Vajra"},{"floor":10,"key":"infinitespire:Lucky Rock"},{"floor":12,"key":"infinitespire:Satchel"},{"floor":31,"key":"Golden Egg"},{"floor":42,"key":"infinitespire:CursedDice"},{"floor":43,"key":"Simple Rune"}],"event_choices":[{"damage_healed":0,"gold_gain":0,"player_choice":"Ignored","damage_taken":135,"max_hp_gain":0,"max_hp_loss":0,"event_name":"betterThird:BetterSerpent","floor":4,"gold_loss":0},{"damage_healed":0,"gold_gain":0,"player_choice":"Read","damage_taken":0,"max_hp_gain":0,"max_hp_loss":0,"event_name":"The Library","floor":30,"gold_loss":0,"cards_obtained":["Limit Break"]},{"cards_removed":["Strike_R"],"damage_healed":0,"gold_gain":0,"player_choice":"Removed Attack","damage_taken":0,"max_hp_gain":0,"max_hp_loss":0,"event_name":"Falling","floor":37,"gold_loss":0},{"damage_healed":0,"gold_gain":0,"player_choice":"Got Potions","damage_taken":0,"max_hp_gain":0,"max_hp_loss":0,"event_name":"Lab","floor":39,"gold_loss":0}],"is_beta":false,"boss_relics":[{"not_picked":["energizedSpire:StickyHand","Ring of Chaos"],"picked":"Fusion Hammer"},{"not_picked":["HandDrill","aspiration:SecretTechniqueScroll"],"picked":"Snecko Eye"}],"items_purged_floors":[0,28],"is_endless":false,"potions_floor_spawned":[1,3,7,13,16,18,22,31,35,41,42],"ascension_level":5}}