{"host":"0qlrtuw7bw78ucw4","time":1610971886,"event":{"mods":["BaseMod","Downfall","Minty Spire (QoL Compilation)","StSLib"],"gold_per_floor":[0,19,35,45,45,57,57,57,75,75,86,86,99,131,147,249,249,249,264,264,264,278,150,150,166,266,266,285,370,370,394,411,411,411],"floor_reached":33,"language":"ENG","playtime":2335,"items_purged":["Pain"],"score":301,"play_id":"e465085a-2bfa-4d53-817d-4ad20c7c0641","local_time":"20210118231126","is_ascension_mode":false,"campfire_choices":[{"data":"bronze:Mutator","floor":1.0,"key":"SMITH"},{"data":"bronze:SpaghettiCode","floor":8.0,"key":"SMITH"},{"data":"bronze:Constructor","floor":12.0,"key":"SMITH"},{"data":"bronze:BugBarrage","floor":18.0,"key":"SMITH"},{"data":"bronze:BuggyMess","floor":27.0,"key":"SMITH"},{"data":"bronze:Format","floor":30.0,"key":"SMITH"}],"circlet_count":0,"master_deck":["bronze:Strike","bronze:Strike","bronze:Strike","bronze:Strike","bronze:Defend","bronze:Defend","bronze:Defend","bronze:Defend","bronze:Replicate+1","bronze:Goto+1","bronze:Mutator+1","bronze:BugBarrage+1","bronze:BuggyMess+1","bronze:Constructor+1","bronze:SpaghettiCode+1","bronze:ChosenStrike+1","bronze:ThunderWave","bronze:FollowUp","bronze:Frontload+1","bronze:Flail","bronze:BronzeOrb","bronze:Fortify","bronze:Format+1"],"relics":["bronze:BronzeCore","Question Card","Bottled Lightning","Sozu","Strawberry","Guardian:PocketSentry","Incense Burner","InkBottle","Bronze Scales"],"acts_visited":["Exordium","TheCity"],"potions_floor_usage":[],"damage_taken":[{"damage":7.0,"enemies":"Small Slimes","floor":2.0,"turns":4.0},{"damage":6.0,"enemies":"2 Louse","floor":3.0,"turns":3.0},{"damage":0.0,"enemies":"Cultist","floor":4.0,"turns":4.0},{"damage":7.0,"enemies":"Red Slaver","floor":6.0,"turns":4.0},{"damage":0.0,"enemies":"Large Slime","floor":9.0,"turns":3.0},{"damage":7.0,"enemies":"Exordium Wildlife","floor":11.0,"turns":3.0},{"damage":0.0,"enemies":"3 Louse","floor":13.0,"turns":2.0},{"damage":0.0,"enemies":"Gremlin Nob","floor":14.0,"turns":2.0},{"damage":0.0,"enemies":"Exordium Thugs","floor":15.0,"turns":2.0},{"damage":17.0,"enemies":"WA_ARCHETYPE_RETAIN","floor":16.0,"turns":4.0},{"damage":0.0,"enemies":"Spheric Guardian","floor":19.0,"turns":1.0},{"damage":13.0,"enemies":"Chosen and Byrds","floor":22.0,"turns":4.0},{"damage":9.0,"enemies":"downfall:FleeingMerchant","floor":23.0,"turns":4.0},{"damage":7.0,"enemies":"3 Cultists","floor":25.0,"turns":4.0},{"damage":2.0,"enemies":"Colosseum Nobs","floor":26.0,"turns":4.0},{"damage":13.0,"enemies":"Centurion and Healer","floor":28.0,"turns":4.0},{"damage":12.0,"enemies":"Sentry and Sphere","floor":32.0,"turns":4.0},{"damage":18,"enemies":"DF_ARCHETYPE_CLAW","floor":33,"turns":2}],"seed_played":"5331092721496306953","potions_obtained":[{"floor":6.0,"key":"bronze:CleanCodePotion"},{"floor":9.0,"key":"bronze:FreeFunctionsPotion"},{"floor":13.0,"key":"champ:CounterPotion"},{"floor":15.0,"key":"FearPotion"}],"is_trial":false,"path_per_floor":["R","M","M","M","?","M","T","R","M","?","M","R","M","E","M","B",null,"R","M","?","?","M","$","T","M","?","R","M","?","R","T","M","B"],"character_chosen":"THE_AUTOMATON","items_purchased":["bronze:Flail"],"campfire_rested":0,"item_purchase_floors":[23],"current_hp_per_floor":[70,63,57,57,57,50,50,50,50,50,43,43,43,43,43,26,70,70,70,80,87,74,65,65,58,56,56,43,29,29,29,17,0,0],"gold":411,"neow_bonus":"THREE_RARE_CARDS","is_daily":false,"chose_seed":false,"campfire_upgraded":6,"win_rate":0.0,"timestamp":1610971886,"path_taken":["R","M","M","M","?","M","T","R","M","?","M","R","?","E","M","BOSS","R","M","?","?","?","$","T","M","?","R","M","?","R","?","M","BOSS"],"items_purchased_type":["Card"],"build_version":"2020-12-22","purchased_purges":1,"victory":false,"max_hp_per_floor":[70,70,70,70,70,70,70,70,70,70,70,70,70,70,70,70,70,70,70,80,87,87,87,87,87,87,87,87,87,87,87,87,87,87],"card_choices":[{"not_picked":["bronze:Virus","bronze:Assembly"],"picked":"bronze:Mutator","floor":0.0},{"not_picked":["bronze:DelayedSlice","bronze:WildBeam"],"picked":"bronze:BugBarrage","floor":2.0},{"not_picked":["bronze:Optimize","bronze:CutThrough"],"picked":"bronze:BuggyMess","floor":3.0},{"not_picked":["bronze:CloningBeam","bronze:BitShift"],"picked":"bronze:Constructor","floor":4.0},{"not_picked":["bronze:Invalidate","bronze:Branch"],"picked":"bronze:SpaghettiCode","floor":6.0},{"not_picked":["bronze:ClassDefault","bronze:Invalidate","bronze:BuggyMess"],"picked":"bronze:ChosenStrike","floor":9.0},{"not_picked":["bronze:Allocate","bronze:Backtrace","bronze:Overload"],"picked":"bronze:Break","floor":11.0},{"not_picked":["bronze:BitShift","bronze:Deprecate","bronze:Turbo","bronze:Invalidate"],"picked":"SKIP","floor":13.0},{"not_picked":["bronze:WildBeam","bronze:DelayedGuard","bronze:BuggyMess","bronze:Allocate"],"picked":"SKIP","floor":14.0},{"not_picked":["bronze:Philosophize","bronze:BuggyMess","bronze:DarkDash","bronze:Boost"],"picked":"SKIP","floor":15.0},{"not_picked":["bronze:Break","bronze:Virus","bronze:BurnOut"],"picked":"bronze:ThunderWave","floor":16.0},{"not_picked":["bronze:ClassDefault+1","bronze:OilSpill+1","bronze:Branch"],"picked":"bronze:FollowUp","floor":19.0},{"not_picked":["bronze:DelayedGuard","bronze:CutThrough","bronze:Safeguard"],"picked":"bronze:Frontload+1","floor":22.0},{"not_picked":["bronze:Invalidate","bronze:Safeguard+1","bronze:Overheat+1","bronze:WildBeam+1"],"picked":"SKIP","floor":23.0},{"not_picked":["bronze:Iterate","bronze:WhirlingStrike","bronze:DelayedSlice"],"picked":"bronze:BronzeOrb","floor":25.0},{"not_picked":["bronze:Iterate","bronze:BitShift","bronze:Turbo"],"picked":"bronze:Fortify","floor":26.0},{"not_picked":["bronze:Shield","bronze:ForceShield","bronze:WhirlingStrike"],"picked":"bronze:Format","floor":28.0},{"not_picked":["bronze:Fortify","bronze:DelayedSlice","bronze:Backtrace","bronze:Flail"],"picked":"SKIP","floor":32.0}],"player_experience":880523,"relics_obtained":[{"floor":7.0,"key":"Question Card"},{"floor":14.0,"key":"Bottled Lightning"},{"floor":24.0,"key":"Guardian:PocketSentry"},{"floor":26.0,"key":"Incense Burner"},{"floor":26.0,"key":"InkBottle"},{"floor":31.0,"key":"Bronze Scales"}],"event_choices":[],"is_beta":false,"boss_relics":[{"not_picked":["Coffee Dripper","Cursed Key"],"picked":"Sozu"}],"items_purged_floors":[23],"is_endless":false,"potions_floor_spawned":[6,9,13,15,16,25,26,28],"killed_by":"DF_ARCHETYPE_CLAW","ascension_level":0}}