{"host":"fghh6uc8siqeqraf","time":1610965997,"event":{"mods":["AchievementEnabler","BaseMod","Colored Powertips","Googly Eyes","Hermit","Jorbs\u0027s Wanderer Trilogy","Lobotomy","Marisa£®ÏF”Í°°ƒß¿Ì…≥£©","Minty Spire (QoL Compilation)","Quick Restart","Replay The Spire","Shop Mod","StSLib","The Bug Knight","The Cursed","The Hierophant","The Servant 0.9.4"],"gold_per_floor":[10,29,41,51,64,98,98,112,139,139,139,151,76,88,88,193,193,182,182,182,198,21,54,70,100,126,160,173,48,48,76,76,176,176,192,192,42,59,79,112,112,123,149,169,169,169,169,189,189,189],"floor_reached":51,"language":"ZHS","playtime":6942,"items_purged":["Strike_R","Strike_R","Defend_R+1","Strike_R"],"score":591,"play_id":"9b8b57b7-6621-421a-b938-d84d8cd3c930","local_time":"20210118183317","is_ascension_mode":false,"campfire_choices":[{"data":"Barricade","floor":10.0,"key":"SMITH"},{"data":"Armaments","floor":15.0,"key":"SMITH"},{"data":"Berserk","floor":30.0,"key":"SMITH"},{"data":"True Grit","floor":32.0,"key":"SMITH"},{"data":"Metallicize","floor":41.0,"key":"SMITH"},{"data":"Entrench","floor":45.0,"key":"SMITH"},{"data":"Metallicize","floor":49.0,"key":"SMITH"}],"circlet_count":0,"master_deck":["Strike_R","Defend_R+1","Bash","Barricade+1","Headbutt","Bloodletting","Shrug It Off","Armaments+1","Flame Barrier","Berserk+1","Cleave","Metallicize+1","Entrench+1","True Grit+1","Shrug It Off","AbeCurse","Metallicize+1","Dropkick+1","Entrench+1"],"relics":["Burning Blood","Replay:Bottled Eggs","Gremlin Food","Philosopher\u0027s Stone","Garlic","Replay:Rubber Ducky","Red Mask","Replay:Baseball","Ancient Tea Set","Replay:Wax Seal","SlaversCollar","HollowMod:StagPassRelic","Blue Doll"],"acts_visited":["Exordium","TheCity","TheBeyond"],"potions_floor_usage":[],"damage_taken":[{"damage":5.0,"enemies":"Cultist","floor":1.0,"turns":4.0},{"damage":3.0,"enemies":"2 Louse","floor":2.0,"turns":3.0},{"damage":0.0,"enemies":"Small Slimes","floor":3.0,"turns":4.0},{"damage":6.0,"enemies":"Blue Slaver","floor":4.0,"turns":6.0},{"damage":6.0,"enemies":"Exordium Thugs","floor":5.0,"turns":7.0},{"damage":28.0,"enemies":"3 Sentries","floor":6.0,"turns":12.0},{"damage":3.0,"enemies":"3 Louse","floor":8.0,"turns":5.0},{"damage":4.0,"enemies":"Blue Slaver","floor":12.0,"turns":5.0},{"damage":3.0,"enemies":"2 Fungi Beasts","floor":14.0,"turns":5.0},{"damage":7.0,"enemies":"The Guardian","floor":16.0,"turns":20.0},{"damage":39.0,"enemies":"2 Thieves","floor":18.0,"turns":4.0},{"damage":5.0,"enemies":"3 Byrds","floor":21.0,"turns":4.0},{"damage":1.0,"enemies":"Replay:Snechameleon","floor":23.0,"turns":6.0},{"damage":0.0,"enemies":"Snecko","floor":24.0,"turns":8.0},{"damage":18.0,"enemies":"Masked Bandits","floor":25.0,"turns":7.0},{"damage":7.0,"enemies":"Gremlin Leader","floor":27.0,"turns":16.0},{"damage":2.0,"enemies":"Centurion and Healer","floor":28.0,"turns":37.0},{"damage":3.0,"enemies":"HollowMod:Nosk","floor":31.0,"turns":14.0},{"damage":33.0,"enemies":"Pondfish","floor":33.0,"turns":25.0},{"damage":0.0,"enemies":"Orb Walker","floor":35.0,"turns":7.0},{"damage":4.0,"enemies":"3 Shapes","floor":38.0,"turns":9.0},{"damage":9.0,"enemies":"Jaw Worm Horde","floor":39.0,"turns":10.0},{"damage":0.0,"enemies":"Nemesis","floor":40.0,"turns":35.0},{"damage":18.0,"enemies":"Sphere and 2 Shapes","floor":42.0,"turns":12.0},{"damage":27.0,"enemies":"Transient","floor":44.0,"turns":5.0},{"damage":0.0,"enemies":"3 Darklings","floor":48.0,"turns":8.0},{"damage":42.0,"enemies":"Awakened One","floor":50.0,"turns":25.0}],"seed_played":"-3157644871709170529","potions_obtained":[{"floor":2.0,"key":"AttackPotion"},{"floor":3.0,"key":"SkillPotion"},{"floor":4.0,"key":"Weak Potion"},{"floor":14.0,"key":"Energy Potion"},{"floor":23.0,"key":"SkillPotion"},{"floor":25.0,"key":"Milkshake"},{"floor":27.0,"key":"Fire Potion"},{"floor":31.0,"key":"Fire Potion"},{"floor":35.0,"key":"Block Potion"},{"floor":40.0,"key":"AttackPotion"},{"floor":48.0,"key":"Dexterity Potion"}],"is_trial":false,"path_per_floor":["M","M","M","M","M","E","?","M","T","R","?","M","$","M","R","B",null,"M","?","?","M","$","E","M","?","T","E","M","$","R","E","R","B",null,"M","?","$","M","M","E","R","M","T","M","R","$","?","M","R","B",null],"character_chosen":"IRONCLAD","items_purchased":["Metallicize"],"campfire_rested":0,"item_purchase_floors":[22],"current_hp_per_floor":[80,80,80,80,80,58,58,61,61,61,61,63,63,66,66,65,80,47,47,47,48,48,53,59,47,47,46,50,50,50,53,53,26,80,80,80,80,80,77,80,80,68,68,47,47,47,47,53,53,17],"gold":189,"neow_bonus":"THREE_RARE_CARDS","is_daily":false,"chose_seed":false,"campfire_upgraded":7,"win_rate":0.0,"timestamp":1610965997,"path_taken":["M","M","M","?","M","E","?","M","T","R","?","M","$","M","R","BOSS","M","?","?","M","$","E","M","?","T","E","M","$","R","E","R","BOSS","M","?","$","M","M","E","R","M","T","M","R","$","?","M","R","BOSS"],"items_purchased_type":["Card"],"build_version":"2020-12-22","purchased_purges":4,"victory":true,"max_hp_per_floor":[80,80,80,80,80,80,80,80,80,80,80,80,80,80,80,80,80,80,80,80,80,80,80,80,80,80,80,80,80,80,80,80,80,80,80,80,80,80,80,80,80,80,80,80,80,80,80,80,80,80],"card_choices":[{"not_picked":["Feed","Berserk"],"picked":"Barricade","floor":0.0},{"not_picked":["Dropkick","Searing Blow"],"picked":"Headbutt","floor":1.0},{"not_picked":["Warcry","Sword Boomerang"],"picked":"Flame Barrier","floor":2.0},{"not_picked":["Infernal Blade","Havoc"],"picked":"Bloodletting","floor":3.0},{"not_picked":["ReplayTheSpireMod:Muscle Training","Run Through"],"picked":"Shrug It Off","floor":4.0},{"not_picked":["Wild Strike","Anger","Disarm"],"picked":"SKIP","floor":5.0},{"not_picked":["ReplayTheSpireMod:Limb From Limb","Rage","Flex"],"picked":"SKIP","floor":6.0},{"not_picked":["Sever Soul","Run Through"],"picked":"Armaments","floor":8.0},{"not_picked":["Bloodletting","Defy Death"],"picked":"Flame Barrier","floor":12.0},{"not_picked":["Armaments","Juggernaut","Rage"],"picked":"SKIP","floor":14.0},{"not_picked":["Exhume","Demonic Infusion"],"picked":"Berserk","floor":16.0},{"not_picked":["Massacre","Heavy Blade","Run Through"],"picked":"SKIP","floor":18.0},{"not_picked":["Sword Boomerang","ReplayTheSpireMod:Muscle Training"],"picked":"Cleave","floor":21.0},{"not_picked":["Cleave","ReplayTheSpireMod:Corrosion Curse","Searing Blow"],"picked":"SKIP","floor":23.0},{"not_picked":["Replay:Undeath\u0027s Touch","Exhume"],"picked":"Entrench+1","floor":24.0},{"not_picked":["Wild Strike","Anger+1"],"picked":"True Grit","floor":27.0},{"not_picked":["Iron Wave","Twin Strike"],"picked":"Shrug It Off","floor":28.0},{"not_picked":["Pommel Strike","Thunderclap+1","Warcry"],"picked":"SKIP","floor":31.0},{"not_picked":["Armaments+1","Life Link+1","Sword Boomerang"],"picked":"SKIP","floor":35.0},{"not_picked":["Run Through","True Grit","Twin Strike"],"picked":"SKIP","floor":38.0},{"not_picked":["Headbutt","Spot Weakness"],"picked":"Metallicize","floor":39.0},{"not_picked":["Thunderclap","Sword Boomerang"],"picked":"Dropkick+1","floor":40.0},{"not_picked":["Twin Strike+1","Run Through+1"],"picked":"Entrench","floor":42.0},{"not_picked":["Rage","Uppercut+1","Replay:Many Hands"],"picked":"SKIP","floor":44.0},{"not_picked":["Twin Strike","True Grit+1","Clothesline"],"picked":"SKIP","floor":48.0}],"player_experience":84952,"relics_obtained":[{"floor":6.0,"key":"Replay:Bottled Eggs"},{"floor":9.0,"key":"Gremlin Food"},{"floor":23.0,"key":"Replay:Rubber Ducky"},{"floor":25.0,"key":"Red Mask"},{"floor":26.0,"key":"Replay:Baseball"},{"floor":27.0,"key":"Ancient Tea Set"},{"floor":31.0,"key":"Replay:Wax Seal"},{"floor":40.0,"key":"HollowMod:StagPassRelic"},{"floor":43.0,"key":"Blue Doll"}],"event_choices":[{"cards_removed":["Defend_R"],"damage_healed":0.0,"max_hp_gain":0.0,"max_hp_loss":0.0,"gold_gain":0.0,"event_name":"Living Wall","player_choice":"Forget","floor":11.0,"gold_loss":0.0,"damage_taken":0.0},{"cards_removed":["Defend_R"],"damage_healed":0.0,"max_hp_gain":0.0,"max_hp_loss":0.0,"gold_gain":0.0,"event_name":"Back to Basics","player_choice":"Elegance","floor":20.0,"gold_loss":0.0,"damage_taken":0.0},{"damage_healed":0.0,"max_hp_gain":0.0,"max_hp_loss":0.0,"gold_gain":0.0,"event_name":"Masked Bandits","player_choice":"Fought Bandits","floor":25.0,"gold_loss":0.0,"damage_taken":0.0},{"cards_removed":["Flame Barrier"],"damage_healed":0.0,"max_hp_gain":0.0,"max_hp_loss":0.0,"gold_gain":0.0,"event_name":"Falling","player_choice":"Removed Skill","floor":36.0,"gold_loss":0.0,"damage_taken":0.0}],"is_beta":false,"boss_relics":[{"not_picked":["Runic Dome","Kintsugi"],"picked":"Philosopher\u0027s Stone"},{"not_picked":["Fusion Hammer","Coffee Dripper"],"picked":"SlaversCollar"}],"items_purged_floors":[13,22,29,37],"is_endless":false,"potions_floor_spawned":[2,3,4,14,23,25,27,31,35,40,48],"ascension_level":0}}