{"host":"ff4g3thpm8pmsxyp","time":1610939077,"event":{"mods":["AchievementEnabler","BaseMod","Better Altar","Better Match","Better Note","Better Sensory Stone","Better Skull","Colored Map","DeckTracker","Highlight Path","Minty Spire (QoL Compilation)","Permanent Neow","Rare Cards Sparkle","Relic Stats","StSLib","SuperFastMode"],"gold_per_floor":[367,385,399,418,171,221,221,221,221,259,344,419,462,29,29,159,159,203,103,18,54,54,54,122,177,177,231,231,294,294,311,311,434,434,473,60,160,170,18,18,52,52,103,137,224,86,118,118,118,118],"floor_reached":51,"language":"ENG","playtime":2113,"items_purged":["Strike_P","Strike_P","Defend_P","Defend_P"],"score":1037,"play_id":"42fcd799-817f-4991-a919-2e4fa92f2957","local_time":"20210117220437","is_ascension_mode":true,"campfire_choices":[{"data":"HandOfGreed","floor":7,"key":"SMITH"},{"floor":15,"key":"REST"},{"data":"Adaptation","floor":23,"key":"SMITH"},{"data":"FollowUp","floor":28,"key":"SMITH"},{"data":"FollowUp","floor":32,"key":"SMITH"},{"data":"Wireheading","floor":40,"key":"SMITH"},{"data":"Tantrum","floor":42,"key":"SMITH"},{"data":"Consecrate","floor":49,"key":"SMITH"}],"circlet_count":0,"master_deck":["Strike_P","Defend_P","Defend_P","Eruption+1","Vigilance+1","Consecrate+1","Meditate+1","FlurryOfBlows","MentalFortress","HandOfGreed+1","Tantrum+1","Wireheading+1","Sanctity","FollowUp+1","FollowUp+1","Adaptation+1","Omniscience+1","Vengeance+1","Ghostly+1","Ghostly+1","Ghostly+1","Ghostly+1","Ghostly+1","The Bomb+1","The Bomb+1","CutThroughFate+1","Judgement+1"],"relics":["PureWater","War Paint","Vajra","Meat on the Bone","Toxic Egg 2","Dream Catcher","Philosopher\u0027s Stone","Toy Ornithopter","Art of War","Bronze Scales","Pen Nib","Coffee Dripper","Dead Branch","Bag of Preparation","Oddly Smooth Stone","MawBank","FossilizedHelix","Lantern"],"acts_visited":["Exordium","TheCity","TheBeyond"],"potions_floor_usage":[21,33],"damage_taken":[{"damage":0,"enemies":"Cultist","floor":1,"turns":2},{"damage":0,"enemies":"2 Louse","floor":2,"turns":2},{"damage":2,"enemies":"Jaw Worm","floor":3,"turns":2},{"damage":11,"enemies":"Looter","floor":4,"turns":2},{"damage":13,"enemies":"Lagavulin","floor":6,"turns":7},{"damage":1,"enemies":"2 Fungi Beasts","floor":10,"turns":2},{"damage":2,"enemies":"3 Sentries","floor":11,"turns":4},{"damage":1,"enemies":"Exordium Wildlife","floor":13,"turns":3},{"damage":25,"enemies":"Hexaghost","floor":16,"turns":6},{"damage":0,"enemies":"Spheric Guardian","floor":18,"turns":2},{"damage":19,"enemies":"2 Thieves","floor":21,"turns":2},{"damage":5,"enemies":"Cultist and Chosen","floor":24,"turns":5},{"damage":2,"enemies":"Slavers","floor":25,"turns":6},{"damage":4,"enemies":"Gremlin Leader","floor":27,"turns":5},{"damage":2,"enemies":"Centurion and Healer","floor":29,"turns":4},{"damage":3,"enemies":"Snake Plant","floor":31,"turns":4},{"damage":3,"enemies":"Automaton","floor":33,"turns":6},{"damage":13,"enemies":"3 Shapes","floor":35,"turns":6},{"damage":4,"enemies":"3 Darklings","floor":38,"turns":4},{"damage":0,"enemies":"Giant Head","floor":41,"turns":6},{"damage":1,"enemies":"Nemesis","floor":44,"turns":7},{"damage":2,"enemies":"Mind Bloom Boss Battle","floor":45,"turns":5},{"damage":0,"enemies":"Giant Head","floor":47,"turns":5},{"damage":1,"enemies":"Donu and Deca","floor":50,"turns":6}],"seed_played":"1288876789571574897","potions_obtained":[{"floor":2,"key":"Explosive Potion"},{"floor":3,"key":"Weak Potion"},{"floor":11,"key":"SkillPotion"},{"floor":13,"key":"Energy Potion"},{"floor":24,"key":"Strength Potion"},{"floor":33,"key":"AttackPotion"}],"is_trial":false,"path_per_floor":["M","M","M","M","$","E","R","?","T","M","E","?","M","$","R","B",null,"M","$","?","M","?","R","M","E","T","E","R","M","?","M","R","B",null,"M","$","?","M","$","R","E","R","T","E","?","$","E","?","R","B",null],"character_chosen":"WATCHER","items_purchased":["HandOfGreed","Toxic Egg 2","Dream Catcher","FollowUp","Dead Branch","Bag of Preparation"],"campfire_rested":1,"item_purchase_floors":[5,14,14,14,36,39],"current_hp_per_floor":[51,51,49,38,38,25,25,25,25,24,22,11,22,22,43,30,72,72,72,72,53,36,36,31,29,29,25,25,23,23,20,20,22,36,23,23,23,19,19,19,19,19,19,30,28,28,28,28,28,27],"gold":118,"neow_bonus":"TWO_FIFTY_GOLD","is_daily":false,"chose_seed":false,"campfire_upgraded":7,"win_rate":0.0,"timestamp":1610939077,"path_taken":["M","M","M","?","$","E","R","?","T","?","E","?","M","$","R","BOSS","M","$","?","M","?","R","?","E","T","E","R","M","?","M","R","BOSS","M","$","?","?","$","R","E","R","T","E","?","$","E","?","R","BOSS"],"items_purchased_type":["Card","Relic","Relic","Card","Relic","Relic"],"build_version":"2020-12-22","purchased_purges":4,"victory":true,"max_hp_per_floor":[72,72,72,72,72,72,72,72,72,72,72,72,72,72,72,72,72,72,72,72,72,36,36,36,36,36,36,36,36,36,36,36,36,36,36,36,36,36,36,36,36,36,36,36,36,36,36,36,36,36],"relic_stats":{"Dream Catcher":1,"counters":[24,103],"Bronze Scales":[131],"Dead Branch":[46],"Pen Nib":[13],"Art of War":[6],"Bag of Preparation":[10],"War Paint":["Vigilance","Meditate"],"MawBank":24,"obtain_stats":[{"Lantern":47,"Dead Branch":36,"Vajra":9,"Oddly Smooth Stone":41,"Pen Nib":27,"Bag of Preparation":39,"War Paint":6,"MawBank":44,"Dream Catcher":14,"Bronze Scales":26,"Philosopher\u0027s Stone":17,"Art of War":25,"Coffee Dripper":34,"PureWater":0,"Toxic Egg 2":14,"Toy Ornithopter":20,"FossilizedHelix":45,"Meat on the Bone":11},{"Lantern":23,"Dead Branch":18,"Vajra":5,"Oddly Smooth Stone":20,"Pen Nib":14,"Bag of Preparation":19,"War Paint":5,"MawBank":21,"Dream Catcher":8,"Bronze Scales":13,"Philosopher\u0027s Stone":9,"Art of War":13,"Coffee Dripper":17,"PureWater":0,"Toxic Egg 2":8,"Toy Ornithopter":10,"FossilizedHelix":22,"Meat on the Bone":7},{"Lantern":97,"Dead Branch":70,"Vajra":15,"Oddly Smooth Stone":80,"Pen Nib":50,"Bag of Preparation":74,"War Paint":15,"MawBank":87,"Dream Catcher":24,"Bronze Scales":45,"Philosopher\u0027s Stone":30,"Art of War":45,"Coffee Dripper":64,"PureWater":0,"Toxic Egg 2":24,"Toy Ornithopter":32,"FossilizedHelix":92,"Meat on the Bone":21}],"Toy Ornithopter":5,"Meat on the Bone":36},"card_choices":[{"not_picked":["EmptyBody","Indignation"],"picked":"Consecrate","floor":1},{"not_picked":["SandsOfTime","EmptyFist"],"picked":"Meditate","floor":2},{"not_picked":["PathToVictory","Weave"],"picked":"FlurryOfBlows","floor":3},{"not_picked":["Consecrate","FlurryOfBlows"],"picked":"MentalFortress","floor":4},{"not_picked":["Pray","DeusExMachina"],"picked":"Tantrum","floor":6},{"not_picked":["JustLucky","Prostrate"],"picked":"Wireheading","floor":10},{"not_picked":["Study","Indignation"],"picked":"Sanctity","floor":11},{"not_picked":["Study","Wallop"],"picked":"FollowUp","floor":13},{"not_picked":["Consecrate","EmptyFist"],"picked":"Adaptation","floor":15},{"not_picked":["Blasphemy+1","Judgement+1"],"picked":"Omniscience+1","floor":16},{"not_picked":["ClearTheMind+1","BowlingBash"],"picked":"Vengeance+1","floor":18},{"not_picked":["Crescendo+1","Pray+1","Consecrate"],"picked":"SKIP","floor":21},{"not_picked":["ClearTheMind+1","ThirdEye+1","Evaluate+1"],"picked":"SKIP","floor":24},{"not_picked":["MentalFortress","CarveReality+1","Wallop+1"],"picked":"SKIP","floor":25},{"not_picked":["FearNoEvil","Consecrate","FollowUp"],"picked":"SKIP","floor":27},{"not_picked":["BowlingBash+1","LikeWater","Establishment"],"picked":"SKIP","floor":29},{"not_picked":["Flash of Steel","Chrysalis+1"],"picked":"The Bomb+1","floor":30},{"not_picked":["PanicButton+1","Finesse+1"],"picked":"The Bomb+1","floor":30},{"not_picked":["ReachHeaven","Vengeance+1"],"picked":"CutThroughFate+1","floor":31},{"not_picked":["Brilliance","SpiritShield+1"],"picked":"Judgement+1","floor":33},{"not_picked":["BowlingBash+1","SandsOfTime+1","ThirdEye+1"],"picked":"SKIP","floor":35},{"not_picked":["ThirdEye+1","EmptyBody+1","BowlingBash+1"],"picked":"SKIP","floor":38},{"not_picked":["Wireheading+1","InnerPeace+1","MentalFortress+1"],"picked":"SKIP","floor":41},{"not_picked":["CutThroughFate","ThirdEye+1","PathToVictory+1"],"picked":"SKIP","floor":44},{"not_picked":["BowlingBash+1","MentalFortress+1","Wallop"],"picked":"SKIP","floor":47}],"player_experience":267297,"relics_obtained":[{"floor":6,"key":"War Paint"},{"floor":9,"key":"Vajra"},{"floor":11,"key":"Meat on the Bone"},{"floor":25,"key":"Art of War"},{"floor":26,"key":"Bronze Scales"},{"floor":27,"key":"Pen Nib"},{"floor":41,"key":"Oddly Smooth Stone"},{"floor":44,"key":"MawBank"},{"floor":45,"key":"FossilizedHelix"},{"floor":47,"key":"Lantern"}],"event_choices":[{"damage_healed":0,"gold_gain":0,"player_choice":"Forge","damage_taken":0,"max_hp_gain":0,"max_hp_loss":0,"event_name":"Accursed Blacksmith","floor":8,"gold_loss":0,"cards_upgraded":["Eruption"]},{"damage_healed":0,"gold_gain":75,"player_choice":"Gather Gold","damage_taken":11,"max_hp_gain":0,"max_hp_loss":0,"event_name":"World of Goop","floor":12,"gold_loss":0},{"damage_healed":0,"gold_gain":0,"player_choice":"Obtained Relic","damage_taken":0,"relics_obtained":["Toy Ornithopter"],"max_hp_gain":0,"max_hp_loss":0,"event_name":"Addict","floor":20,"gold_loss":85},{"damage_healed":0,"gold_gain":0,"player_choice":"Became a Ghost","damage_taken":0,"max_hp_gain":0,"max_hp_loss":36,"event_name":"Ghosts","floor":22,"gold_loss":0,"cards_obtained":["Ghostly","Ghostly","Ghostly","Ghostly","Ghostly"]},{"damage_healed":0,"gold_gain":2,"player_choice":"1","damage_taken":0,"max_hp_gain":0,"max_hp_loss":0,"event_name":"betterStone:BetterStone","floor":30,"gold_loss":0},{"damage_healed":0,"gold_gain":100,"player_choice":"Pray","damage_taken":0,"max_hp_gain":0,"max_hp_loss":0,"event_name":"Golden Shrine","floor":37,"gold_loss":0},{"damage_healed":0,"gold_gain":0,"player_choice":"Fight","damage_taken":0,"max_hp_gain":0,"max_hp_loss":0,"event_name":"MindBloom","floor":45,"gold_loss":0},{"cards_removed":["Strike_P"],"damage_healed":0,"gold_gain":0,"player_choice":"Removed Attack","damage_taken":0,"max_hp_gain":0,"max_hp_loss":0,"event_name":"Falling","floor":48,"gold_loss":0}],"is_beta":false,"boss_relics":[{"not_picked":["Empty Cage","Runic Dome"],"picked":"Philosopher\u0027s Stone"},{"not_picked":["SacredBark","Calling Bell"],"picked":"Coffee Dripper"}],"items_purged_floors":[5,19,36,46],"is_endless":false,"potions_floor_spawned":[2,3,11,13,24,27,31,33,35,38,41,47],"ascension_level":4}}