{"host":"m4zn6rtsd36lrr22","time":1610969183,"event":{"mods":["2.2 Compatiblity","Act Like it!","BaseMod","Better Synergies","CapriCore","Colored Map","Custom Start","Gensokyo","GungeonMod","HololiveMod","Ironclad Rager","Lobotomy","LobotomyExtend","Luminous","Minty Spire (QoL Compilation)","Permanent Neow","Prisma Mod","Quick Restart","Rare Cards Sparkle","Reimu（博丽灵梦）","Relic Stats","Remilia（蕾米莉亚）","Replay The Spire","RumiaBox-露米娅的神秘盒子","Ryuuou龙王","Shop Mod","Spicy Shops","StSLib","The Animator","The Immortal","The Senshi","Waifu the Spire","WarShipGirlsR/战舰少女R mod","Yakumo Yukari mod","【功能Mod】混沌之环修复补丁","【遗物卡牌】REMEMod"],"gold_per_floor":[617,617,38,38,55,85,97,97,122,47,58,58,58,58,58,154,154,167,567,583,563,563,563],"floor_reached":22,"language":"ZHS","playtime":4857,"items_purged":["SpecialBullet"],"score":182,"play_id":"1af6b749-5565-4578-85f0-35c58f141d73","local_time":"20210118192623","is_ascension_mode":false,"campfire_choices":[],"circlet_count":0,"master_deck":["SpecialBullet","SpecialBullet","SpecialBullet","SpecialBullet","SpecialBullet","SpecialBullet","InformationCode","RecordCode","Twilight","GluttonyofRealm_purpleEX","Horn","Gensokyo:TurboGranny","SoundOfStar+1","Regret_ego","Penitence","ParadiseLost","WristCuter"],"relics":["CogitoBucket","RabbitCall","REME_ComplimentaryCards","Question Card","Unceasing Top","Calipers","LetterFromLob","Pear","MagicDraw1","Anchor","Girya","StoneCalendar","Replay:Towering Pillar of Hats"],"acts_visited":["Gensokyo:Gensokyo","Gensokyo:Gensokyoer"],"potions_floor_usage":[],"damage_taken":[{"damage":6.0,"enemies":"Gensokyo:2_Kodama","floor":1.0,"turns":3.0},{"damage":7.0,"enemies":"Gensokyo:Gryphon","floor":5.0,"turns":3.0},{"damage":21.0,"enemies":"Gensokyo:Mamizou","floor":6.0,"turns":9.0},{"damage":17.0,"enemies":"Gensokyo:3_Fairies","floor":7.0,"turns":6.0},{"damage":0.0,"enemies":"Gensokyo:Gryphon_and_Rabbit","floor":11.0,"turns":4.0},{"damage":4.0,"enemies":"Gensokyo:Kokoro","floor":16.0,"turns":11.0},{"damage":9,"enemies":"Gensokyo:3_Dogs","floor":18,"turns":7},{"damage":37,"enemies":"Gensokyo:3_Dogs","floor":19,"turns":13},{"damage":42,"enemies":"Gensokyo:Chomper","floor":20,"turns":7},{"damage":41,"enemies":"Gensokyo:3_Gloops","floor":22,"turns":4}],"seed_played":"-6687908186670935040","potions_obtained":[{"floor":6.0,"key":"Energy Potion"},{"floor":7.0,"key":"Swift Potion"},{"floor":11.0,"key":"SpeedPotion"}],"is_trial":false,"path_per_floor":["M","?","COS","?","M","E","M","?","T","$","M","?","$","$","R","B",null,"M","?","M","?","M"],"character_chosen":"Angela","items_purchased":[],"campfire_rested":0,"item_purchase_floors":[],"current_hp_per_floor":[64,59,59,59,52,31,14,14,14,14,14,14,14,14,14,13,83,74,37,41,41,0,0],"gold":563,"neow_bonus":"ONE_RANDOM_RARE_CARD","is_daily":false,"chose_seed":false,"campfire_upgraded":0,"win_rate":0.0,"timestamp":1610969183,"path_taken":["M","?","COS","?","?","E","M","?","T","$","M","?","?","$","R","BOSS","M","?","M","?","M"],"items_purchased_type":[],"build_version":"2020-12-22","purchased_purges":1,"victory":false,"max_hp_per_floor":[70,80,80,80,80,80,80,80,80,80,80,80,80,80,80,83,83,83,83,83,83,83,83],"relic_stats":{"counters":[11,68],"StoneCalendar":[0],"Question Card":33,"obtain_stats":[{"RabbitCall":0,"Girya":16,"Calipers":0,"Pear":2,"Replay:Towering Pillar of Hats":19,"StoneCalendar":19,"DemoMod:GlassGuonStoneRelic":5,"Question Card":0,"MagicDraw1":6,"CogitoBucket":0,"Anchor":7,"LetterFromLob":1,"Unceasing Top":0,"REME_ComplimentaryCards":0},{"RabbitCall":0,"Girya":6,"Calipers":0,"Pear":1,"Replay:Towering Pillar of Hats":9,"StoneCalendar":9,"DemoMod:GlassGuonStoneRelic":2,"Question Card":0,"MagicDraw1":3,"CogitoBucket":0,"Anchor":4,"LetterFromLob":1,"Unceasing Top":0,"REME_ComplimentaryCards":0},{"RabbitCall":0,"Girya":26,"Calipers":0,"Pear":3,"Replay:Towering Pillar of Hats":57,"StoneCalendar":57,"DemoMod:GlassGuonStoneRelic":6,"Question Card":0,"MagicDraw1":15,"CogitoBucket":0,"Anchor":16,"LetterFromLob":3,"Unceasing Top":0,"REME_ComplimentaryCards":0}],"Unceasing Top":[2]},"card_choices":[{"not_picked":["Reverberation","Beak"],"picked":"Horn","floor":1.0},{"not_picked":["Loneliness","BearPaw","Horn"],"picked":"SKIP","floor":5.0},{"not_picked":["Discord","RapturousDream"],"picked":"Regret_ego","floor":6.0},{"not_picked":["Reverberation+1","Loneliness+1","Harvest+1"],"picked":"SKIP","floor":6.0},{"not_picked":["FourthMatchFlame","LifeForTheDareDevil"],"picked":"Penitence","floor":7.0},{"not_picked":["Discord","Hornet","Horn"],"picked":"SKIP","floor":11.0},{"not_picked":["Justitia","Twilight"],"picked":"ParadiseLost","floor":16.0},{"not_picked":["Horn+1","FrostShard+1","Regret_ego"],"picked":"SKIP","floor":18},{"not_picked":["LifeForTheDareDevil","Beak"],"picked":"WristCuter","floor":20}],"player_experience":317324,"relics_obtained":[{"floor":1.0,"key":"LetterFromLob"},{"floor":6.0,"key":"MagicDraw1"},{"floor":19,"key":"StoneCalendar"},{"floor":19,"key":"Replay:Towering Pillar of Hats"}],"event_choices":[],"is_beta":false,"boss_relics":[{"not_picked":["Cursed Key","Painkiller Herb","Velvet Choker"]}],"items_purged_floors":[10],"is_endless":false,"potions_floor_spawned":[6,7,11,16,19],"killed_by":"Gensokyo:3_Gloops","ascension_level":0}}