{"host":"tqrb8wakxbnpyjmr","time":1610951754,"event":{"mods":["Act Like it!","BaseMod","Bestiary","Better Altar","Better Skull","Better Third Choice","BetterRewards","Fox Events","Gensokyo","Minty Spire (QoL Compilation)","Replay The Spire","Shop Mod","StSLib","The Blue Laboratory","The Servant 0.9.4"],"gold_per_floor":[118,118,137,137,164,195,41,59,111,111,122,122,122,52,52,52,52],"floor_reached":16,"language":"ENG","playtime":1211,"items_purged":[],"score":98,"play_id":"2ac8e12d-94e2-46db-b5ac-c01678ed1a52","local_time":"25640118133554","is_ascension_mode":false,"campfire_choices":[{"floor":10,"key":"REST"},{"floor":12,"key":"REST"},{"floor":15,"key":"REST"}],"circlet_count":0,"master_deck":["Strike_S","Strike_S","Strike_S","Strike_S+1","Defend_S","Defend_S+1","Defend_S","Defend_S","KidneyShot","Exchange+1","Deny","SpecialFormula+1","GearUp","Clumsy","Defy+1","Ricochet","DoubleEdge"],"relics":["Uniform","Gensokyo:PortableGap","Gensokyo:NagashiBinaDoll","PreservedInsect","Gremlin Food","Juzu Bracelet","Potion Belt","Oddly Smooth Stone"],"acts_visited":["Gensokyo:Gensokyo"],"potions_floor_usage":[6,11,11,16],"damage_taken":[{"damage":4.0,"enemies":"Gensokyo:2_Kodama","floor":1.0,"turns":4.0},{"damage":2.0,"enemies":"Gensokyo:Gryphon","floor":3.0,"turns":4.0},{"damage":46,"enemies":"Gensokyo:Cirno","floor":6,"turns":7},{"damage":0,"enemies":"Gensokyo:Python","floor":8,"turns":6},{"damage":6,"enemies":"Gensokyo:3_Kodama","floor":11,"turns":5},{"damage":48,"enemies":"Gensokyo:Reimu","floor":16,"turns":13}],"seed_played":"-2892912060751252128","potions_obtained":[{"floor":1.0,"key":"ColorlessPotion"},{"floor":3.0,"key":"blueLaboratory:BubblePotion"},{"floor":8,"key":"Elixir"}],"is_trial":false,"path_per_floor":["M","?","M","?","T","E","$","M","T","R","M","R","?","?","R","B"],"character_chosen":"THE_SERVANT","items_purchased":["Gremlin Food"],"campfire_rested":3,"item_purchase_floors":[7],"current_hp_per_floor":[61,59,57,57,57,11,11,16,16,33,32,49,22,22,39,0,0],"gold":52,"neow_bonus":"ONE_RANDOM_RARE_CARD","is_daily":false,"chose_seed":false,"campfire_upgraded":0,"win_rate":0.0,"timestamp":1610951754,"path_taken":["M","?","M","?","?","E","$","?","T","R","M","R","?","?","R","BOSS"],"items_purchased_type":["Relic"],"build_version":"2020-12-22","purchased_purges":0,"victory":false,"max_hp_per_floor":[65,59,59,59,59,59,59,59,59,59,59,59,59,59,59,59,59],"card_choices":[{"not_picked":["Advance","Defy"],"picked":"SpecialFormula","floor":1.0},{"not_picked":["ShiftingGears","StarChef"],"picked":"GearUp","floor":3.0},{"not_picked":["Foresight","MoonPhase"],"picked":"Defy","floor":6},{"not_picked":["Contraction","Potential"],"picked":"Ricochet","floor":8},{"not_picked":["Defy","StarChef"],"picked":"DoubleEdge","floor":11}],"player_experience":252536,"relics_obtained":[{"floor":6,"key":"PreservedInsect"},{"floor":9,"key":"Juzu Bracelet"}],"event_choices":[{"damage_healed":0,"gold_gain":0,"player_choice":"RE RE ","damage_taken":31,"relics_obtained":["Potion Belt","Oddly Smooth Stone"],"max_hp_gain":0,"max_hp_loss":0,"event_name":"betterSkull:BetterSkull","floor":13,"gold_loss":0,"cards_upgraded":[]}],"is_beta":false,"boss_relics":[],"items_purged_floors":[],"is_endless":false,"potions_floor_spawned":[1,3,8],"killed_by":"Gensokyo:Reimu","ascension_level":0}}