{"host":"u19jhb6amotr3ucl","time":1610942697,"event":{"mods":["Act Like it!","Astrologer","BaseMod","Better Match","BetterRewards","Conspire","Duelist Mod","Hubris","Infinite Spire","Jorbs\u0027s Wanderer Trilogy","Marisa????????","Minty Spire (QoL Compilation)","Quick Restart","Replay The Spire","Spicy Shops","StSLib","The Animator"],"gold_per_floor":[116,116,130,149,149,179,179,179,250,268,268,287,319,336,336,436,436,450,480,37,50,97,52,95,95,95],"floor_reached":25,"language":"ENG","playtime":1439,"items_purged":[],"score":261,"play_id":"3f5ed9e3-f411-4669-9e18-85432f495de4","local_time":"20210117230457","is_ascension_mode":true,"campfire_choices":[{"floor":8,"key":"REST"},{"floor":11,"key":"REST"},{"floor":15,"key":"REST"}],"circlet_count":0,"master_deck":["animator:Strike_FullmetalAlchemist","animator:Defend_FullmetalAlchemist","animator:Strike","animator:Strike","animator:Defend","animator:Defend","animator:Defend","animator:ElricEdward","animator:Entoma+4","animator:Mitsurugi","animator:Chung","animator:Sebas","animator:Mitsurugi","animator:Mikaela","animator:Gillette","animator:Shalltear","animator:ChaikaTrabant","animator:Yuuichirou","animator:MetalKnight","animator:Patchouli","animator:Mitsuba","animator:NarberalGamma","animator:ElricAlphonse","animator:Scar"],"relics":["animator:LivingPicture","animator:TheMissingPiece","Letter Opener","Bottled Flame","Philosopher\u0027s Stone","Sundial","Orichalcum","hubris:DeckOfHolding"],"acts_visited":["Exordium","TheCity"],"potions_floor_usage":[6,16,24],"damage_taken":[{"damage":7,"enemies":"Cultist","floor":1,"turns":4},{"damage":11,"enemies":"Jaw Worm","floor":3,"turns":4},{"damage":10,"enemies":"2 Louse","floor":4,"turns":4},{"damage":24,"enemies":"Lagavulin","floor":6,"turns":7},{"damage":15,"enemies":"Gremlin Gang","floor":10,"turns":4},{"damage":13,"enemies":"Exordium Thugs","floor":12,"turns":6},{"damage":1,"enemies":"2 Fungi Beasts","floor":13,"turns":4},{"damage":0,"enemies":"Blue Slaver","floor":14,"turns":3},{"damage":32,"enemies":"Hexaghost","floor":16,"turns":12},{"damage":5,"enemies":"Spheric Guardian","floor":18,"turns":4},{"damage":24,"enemies":"2 Thieves","floor":19,"turns":4},{"damage":38,"enemies":"Sentry and Sphere","floor":21,"turns":5},{"damage":7,"enemies":"Replay:Snechameleon","floor":24,"turns":8},{"damage":11,"enemies":"Snake Plant","floor":25,"turns":1}],"seed_played":"3743283506659145130","potions_obtained":[{"floor":1,"key":"Weak Potion"},{"floor":10,"key":"Venom Potion"},{"floor":14,"key":"ColorlessPotion"},{"floor":16,"key":"DistilledChaos"},{"floor":21,"key":"Dexterity Potion"}],"is_trial":false,"path_per_floor":["M","T","M","M","?","E","?","R","T","M","R","M","M","M","R","B",null,"M","M","$","M","T","$","E","M"],"character_chosen":"THE_ANIMATOR","items_purchased":["animator:Patchouli","Sundial","animator:Mitsuba","animator:ElricAlphonse"],"campfire_rested":3,"item_purchase_floors":[20,20,20,23],"current_hp_per_floor":[65,65,54,46,39,15,20,42,42,29,51,38,37,39,62,31,79,74,52,52,14,14,14,7,0,0],"gold":95,"neow_bonus":"TEN_PERCENT_HP_BONUS","is_daily":false,"chose_seed":false,"campfire_upgraded":0,"win_rate":0.0,"timestamp":1610942697,"path_taken":["M","?","M","?","?","E","?","R","T","M","R","M","M","M","R","BOSS","M","?","$","M","?","?","E","?"],"items_purchased_type":["Card","Relic","Card","Card"],"build_version":"2020-12-22","purchased_purges":0,"victory":false,"max_hp_per_floor":[72,72,72,74,74,74,74,74,74,76,76,76,76,78,78,79,79,79,81,81,81,81,81,81,81,81],"card_choices":[{"not_picked":["animator:Cocytus","animator:ElricAlphonse"],"picked":"animator:Entoma","floor":1},{"not_picked":["animator:Sonic","animator:MaesHughes"],"picked":"animator:Mitsurugi","floor":3},{"not_picked":["animator:Sloth","animator:Geryuganshoop"],"picked":"animator:Chung","floor":4},{"not_picked":["animator:Evileye","animator:Cocytus"],"picked":"animator:Sebas","floor":6},{"not_picked":["animator:MaesHughes","animator:HiiragiShinya"],"picked":"animator:Mitsurugi","floor":10},{"not_picked":["animator:Evileye","animator:Shinoa"],"picked":"animator:Mikaela","floor":12},{"not_picked":["animator:Mikaela","animator:Shigure"],"picked":"animator:Gillette","floor":13},{"not_picked":["animator:Evileye","animator:Cocytus"],"picked":"animator:Shalltear","floor":14},{"not_picked":["animator:Saitama","animator:Envy"],"picked":"animator:ChaikaTrabant","floor":16},{"not_picked":["animator:Vanir","animator:Layla"],"picked":"animator:Yuuichirou","floor":18},{"not_picked":["animator:Sloth","animator:ElricAlphonse"],"picked":"animator:MetalKnight","floor":19},{"not_picked":["animator:Kazuma+1","animator:ElricEdward"],"picked":"animator:NarberalGamma","floor":21},{"not_picked":["animator:Sloth","animator:ElricEdward"],"picked":"animator:Scar","floor":24}],"player_experience":340423,"relics_obtained":[{"floor":6,"key":"Letter Opener"},{"floor":9,"key":"Bottled Flame"},{"floor":22,"key":"Orichalcum"},{"floor":24,"key":"hubris:DeckOfHolding"}],"event_choices":[{"cards_removed":["animator:Strike"],"damage_healed":0,"gold_gain":0,"player_choice":"Card Removal","damage_taken":7,"max_hp_gain":0,"max_hp_loss":0,"event_name":"Golden Wing","floor":5,"gold_loss":0},{"cards_removed":["animator:ElricAlphonse"],"damage_healed":5,"gold_gain":0,"player_choice":"Offered Common","damage_taken":0,"max_hp_gain":0,"max_hp_loss":0,"event_name":"Bonfire Elementals","floor":7,"gold_loss":0},{"cards_removed":["animator:ElricAlphonse"],"damage_healed":5,"gold_gain":0,"player_choice":"Offered Special","damage_taken":0,"max_hp_gain":0,"max_hp_loss":0,"event_name":"Bonfire Elementals","floor":7,"gold_loss":0}],"is_beta":false,"boss_relics":[{"not_picked":["hubris:Backtick","Tiny House"],"picked":"Philosopher\u0027s Stone"}],"items_purged_floors":[],"is_endless":false,"potions_floor_spawned":[1,10,14,16,21],"killed_by":"Snake Plant","ascension_level":1}}