{"host":"0qlrtuw7bw78ucw4","time":1610968878,"event":{"mods":["BaseMod","Downfall","Minty Spire (QoL Compilation)","StSLib"],"gold_per_floor":[99,111,131,131,281,281,281,456,211,225,238,273,158,176,196,298,298,298,318,334,334,348,348,375,387,401,8,8,8,19,48,67,163,163,163,173,190,190,240,75,102,102,115,129,147,132,132,84,97,97,97],"floor_reached":50,"language":"ENG","playtime":4214,"items_purged":["Doubt","bronze:Strike","bronze:Strike","bronze:Strike","Pain"],"score":648,"play_id":"7ea8bc58-8434-45c7-b207-ba914f5a6ac9","local_time":"20210118222118","is_ascension_mode":false,"campfire_choices":[{"data":"bronze:Replicate","floor":1.0,"key":"SMITH"},{"data":"bronze:Flail","floor":6.0,"key":"SMITH"},{"data":"bronze:DarkDash","floor":18.0,"key":"SMITH"},{"floor":28.0,"key":"REST"},{"data":"bronze:Safeguard","floor":35.0,"key":"SMITH"},{"data":"bronze:Repulsor","floor":42.0,"key":"SMITH"},{"data":"bronze:MaxOutput","floor":47.0,"key":"SMITH"}],"circlet_count":0,"master_deck":["bronze:Strike","bronze:Defend","bronze:Defend","bronze:Defend","bronze:Defend","bronze:Replicate+1","bronze:Goto","bronze:DarkDash+1","bronze:Flail+1","bronze:ItsAFeature","bronze:FollowUp","bronze:Repulsor+1","bronze:Overheat","bronze:MaxOutput+1","bronze:Safeguard+1","bronze:HardenedForm","bronze:Shield","bronze:Turbo+1","bronze:Shield+1","bronze:HardenedForm","bronze:ChildClass","bronze:Boost+1","bronze:CleanCode"],"relics":["bronze:BronzeCore","Question Card","Happy Flower","Matryoshka","Busted Crown","Dream Catcher","Ancient Tea Set","bronze:CableSpool","Red Mask","Cursed Key","Ginger","Bag of Preparation","bronze:ProtectiveGoggles","Kunai"],"acts_visited":["Exordium","TheCity","TheBeyond"],"potions_floor_usage":[50,50,50],"damage_taken":[{"damage":1.0,"enemies":"Cultist","floor":2.0,"turns":3.0},{"damage":0.0,"enemies":"2 Louse","floor":3.0,"turns":2.0},{"damage":5.0,"enemies":"downfall:FleeingMerchant","floor":9.0,"turns":4.0},{"damage":0.0,"enemies":"Small Slimes","floor":10.0,"turns":3.0},{"damage":0.0,"enemies":"2 Fungi Beasts","floor":11.0,"turns":2.0},{"damage":18.0,"enemies":"3 Sentries","floor":12.0,"turns":6.0},{"damage":10.0,"enemies":"downfall:FleeingMerchant","floor":13.0,"turns":4.0},{"damage":6.0,"enemies":"Blue Slaver","floor":14.0,"turns":4.0},{"damage":1.0,"enemies":"Red Slaver","floor":15.0,"turns":2.0},{"damage":31.0,"enemies":"DF_ARCHETYPE_STREAMLINE","floor":16.0,"turns":10.0},{"damage":30.0,"enemies":"3 Byrds","floor":19.0,"turns":5.0},{"damage":14.0,"enemies":"Cultist and Chosen","floor":20.0,"turns":5.0},{"damage":7.0,"enemies":"Shelled Parasite and Fungi","floor":22.0,"turns":5.0},{"damage":11.0,"enemies":"Sentry and Sphere","floor":25.0,"turns":4.0},{"damage":0.0,"enemies":"Centurion and Healer","floor":26.0,"turns":7.0},{"damage":3.0,"enemies":"downfall:FleeingMerchant","floor":27.0,"turns":4.0},{"damage":22.0,"enemies":"Snake Plant","floor":30.0,"turns":5.0},{"damage":0.0,"enemies":"Masked Bandits","floor":31.0,"turns":2.0},{"damage":6.0,"enemies":"Cultist and Chosen","floor":32.0,"turns":4.0},{"damage":2.0,"enemies":"WA_ARCHETYPE_CALM","floor":33.0,"turns":10.0},{"damage":0.0,"enemies":"3 Darklings","floor":36.0,"turns":2.0},{"damage":21.0,"enemies":"3 Shapes","floor":37.0,"turns":4.0},{"damage":0.0,"enemies":"3 Shapes","floor":39.0,"turns":5.0},{"damage":18.0,"enemies":"downfall:FleeingMerchant","floor":40.0,"turns":4.0},{"damage":6.0,"enemies":"Transient","floor":43.0,"turns":5.0},{"damage":3.0,"enemies":"Jaw Worm Horde","floor":44.0,"turns":3.0},{"damage":3.0,"enemies":"Sphere and 2 Shapes","floor":45.0,"turns":3.0},{"damage":2.0,"enemies":"downfall:FleeingMerchant","floor":46.0,"turns":4.0},{"damage":0.0,"enemies":"downfall:FleeingMerchant","floor":48.0,"turns":1.0},{"damage":0.0,"enemies":"Maw","floor":49.0,"turns":7.0},{"damage":52,"enemies":"IC_BLOCK_ARCHETYPE","floor":50,"turns":9}],"seed_played":"4718619181754725328","potions_obtained":[{"floor":2.0,"key":"Guardian:BlockOnCardUsePotion"},{"floor":10.0,"key":"DuplicationPotion"},{"floor":11.0,"key":"Ancient Potion"},{"floor":30.0,"key":"SpeedPotion"},{"floor":31.0,"key":"EssenceOfSteel"},{"floor":33.0,"key":"sneckomod:MuddlingPotion"},{"floor":39.0,"key":"Strength Potion"},{"floor":45.0,"key":"Block Potion"},{"floor":49.0,"key":"Regen Potion"}],"is_trial":false,"path_per_floor":["R","M","M","?","?","R","T","?","$","M","M","E","$","M","M","B",null,"R","M","M","?","M","?","T","M","M","$","R","?","M","?","M","B",null,"R","M","M","?","?","?","T","R","M","M","M","$","R","$","M","B"],"character_chosen":"THE_AUTOMATON","items_purchased":["Happy Flower","bronze:CableSpool","Kunai"],"campfire_rested":1,"item_purchase_floors":[9,27,48],"current_hp_per_floor":[77,76,76,76,76,76,76,76,71,71,71,53,43,37,36,5,77,77,47,33,33,26,26,26,15,15,12,35,87,65,65,59,57,87,87,87,66,66,66,48,48,48,42,39,36,34,34,34,34,0,0],"gold":97,"neow_bonus":"TEN_PERCENT_HP_BONUS","is_daily":false,"chose_seed":false,"campfire_upgraded":6,"win_rate":0.0,"timestamp":1610968878,"path_taken":["R","M","M","?","?","R","T","?","$","M","M","E","$","M","M","BOSS","R","M","M","?","M","?","T","M","M","$","R","?","?","?","M","BOSS","R","M","M","?","?","?","T","R","M","M","M","$","R","$","M","BOSS"],"items_purchased_type":["Relic","Relic","Relic"],"build_version":"2020-12-22","purchased_purges":5,"victory":false,"max_hp_per_floor":[77,77,77,77,77,77,77,77,77,77,77,77,77,77,77,77,77,77,77,77,77,77,77,77,77,77,77,77,87,87,87,87,87,87,87,87,87,87,87,87,87,87,87,87,87,87,87,87,87,87,87],"card_choices":[{"not_picked":["bronze:Deprecate","bronze:DelayedSlice"],"picked":"bronze:DarkDash","floor":2.0},{"not_picked":["bronze:DelayedSlice","bronze:OilSpill"],"picked":"bronze:Flail","floor":3.0},{"not_picked":["bronze:MaxOutput","bronze:Philosophize","bronze:FineTuning"],"picked":"bronze:ItsAFeature","floor":9.0},{"not_picked":["bronze:Shield","bronze:Backtrace","bronze:DelayedGuard"],"picked":"bronze:FollowUp","floor":10.0},{"not_picked":["bronze:Optimize","bronze:Shield","bronze:BugBarrage"],"picked":"bronze:Repulsor","floor":11.0},{"not_picked":["bronze:FindAndReplace","bronze:Deprecate","bronze:Overload"],"picked":"bronze:Assembly","floor":12.0},{"not_picked":["bronze:Invalidate","bronze:CloningBeam","bronze:Flail"],"picked":"bronze:Overheat","floor":13.0},{"not_picked":["bronze:Deprecate","bronze:Turbo","bronze:WildBeam"],"picked":"bronze:MaxOutput","floor":14.0},{"not_picked":["bronze:Philosophize","bronze:DelayedSlice","bronze:Iterate"],"picked":"bronze:Safeguard","floor":15.0},{"not_picked":["bronze:Virus","bronze:Verify","bronze:RecursiveStrike"],"picked":"bronze:HardenedForm","floor":16.0},{"not_picked":["bronze:Optimize+1","bronze:BuggyMess"],"picked":"SKIP","floor":19.0},{"not_picked":["bronze:CutThrough+1","bronze:WildBeam"],"picked":"SKIP","floor":20.0},{"not_picked":["bronze:DelayedSlice+1"],"picked":"bronze:Shield","floor":22.0},{"not_picked":["bronze:BugBarrage+1","bronze:DelayedGuard"],"picked":"SKIP","floor":25.0},{"not_picked":["bronze:WhirlingStrike","bronze:Invalidate+1"],"picked":"SKIP","floor":26.0},{"not_picked":["bronze:Invalidate"],"picked":"bronze:Turbo+1","floor":27.0},{"not_picked":["bronze:WhirlingStrike"],"picked":"bronze:Shield+1","floor":30.0},{"not_picked":["bronze:BronzeOrb","bronze:CutThrough+1"],"picked":"SKIP","floor":32.0},{"not_picked":["bronze:ThunderWave"],"picked":"bronze:HardenedForm","floor":33.0},{"not_picked":["bronze:Turbo+1","bronze:Overload"],"picked":"SKIP","floor":36.0},{"not_picked":["bronze:Iterate+1"],"picked":"bronze:ChildClass","floor":37.0},{"not_picked":["bronze:DarkDash","bronze:Frontload"],"picked":"SKIP","floor":40.0},{"not_picked":["bronze:WhirlingStrike+1"],"picked":"bronze:Boost+1","floor":43.0},{"not_picked":["bronze:BitShift","bronze:DigitalCarnage+1"],"picked":"SKIP","floor":44.0},{"not_picked":["bronze:DelayedGuard","bronze:ChildClass"],"picked":"SKIP","floor":45.0},{"not_picked":["bronze:Invalidate","bronze:DelayedSlice+1"],"picked":"SKIP","floor":46.0},{"not_picked":["bronze:FineTuning+1"],"picked":"bronze:CleanCode","floor":48.0},{"not_picked":["bronze:FineTuning","bronze:DelayedSlice"],"picked":"SKIP","floor":49.0}],"player_experience":876309,"relics_obtained":[{"floor":7.0,"key":"Question Card"},{"floor":12.0,"key":"Matryoshka"},{"floor":24.0,"key":"Dream Catcher"},{"floor":24.0,"key":"Ancient Tea Set"},{"floor":31.0,"key":"Red Mask"},{"floor":39.0,"key":"Ginger"},{"floor":41.0,"key":"Bag of Preparation"},{"floor":41.0,"key":"bronze:ProtectiveGoggles"}],"event_choices":[{"cards_removed":["bronze:Assembly"],"damage_healed":42.0,"max_hp_gain":10.0,"max_hp_loss":0.0,"gold_gain":0.0,"event_name":"Bonfire Elementals","player_choice":"Offered Rare","floor":29.0,"gold_loss":0.0,"damage_taken":0.0},{"damage_healed":0.0,"max_hp_gain":0.0,"max_hp_loss":0.0,"gold_gain":0.0,"event_name":"Masked Bandits","player_choice":"Fought Bandits","floor":31.0,"gold_loss":0.0,"damage_taken":0.0}],"is_beta":false,"boss_relics":[{"not_picked":["Tiny House","bronze:PlatinumCore"],"picked":"Busted Crown"},{"not_picked":["Pandora\u0027s Box","bronze:MakeshiftBattery"],"picked":"Cursed Key"}],"items_purged_floors":[9,13,27,40,48],"is_endless":false,"potions_floor_spawned":[2,10,11,20,22,30,31,33,39,45,49],"killed_by":"IC_BLOCK_ARCHETYPE","ascension_level":0}}