{"host":"xp5rvh2jwe2ejyfm","time":1610997957,"event":{"mods":["BaseMod","Hermit","Minty Spire (QoL Compilation)","Replay The Spire","StSLib","The Construct","The Cursed","The Disciple","The Hierophant","The Necromancer","The Runesmith"],"gold_per_floor":[111,54,82,114,114,160,176,168,168],"floor_reached":8,"language":"ENG","playtime":222,"items_purged":[],"score":58,"play_id":"14a0e9db-d188-45c2-ab41-aa78c2f19436","local_time":"20210118142557","is_ascension_mode":false,"campfire_choices":[],"circlet_count":0,"master_deck":["hierophant:Strike_Hierophant","hierophant:Strike_Hierophant","hierophant:Strike_Hierophant","hierophant:Strike_Hierophant","hierophant:Punish","hierophant:Defend_Hierophant","hierophant:Defend_Hierophant","hierophant:Defend_Hierophant","hierophant:Defend_Hierophant","hierophant:ChurchCoffers","hierophant:Embezzle","hierophant:CoinFling+1","hierophant:Doubloon","hierophant:Doubloon","hierophant:Generosity","hierophant:ThreeLashes","Regret","hierophant:ThreeLashes","hierophant:HolyVerse"],"relics":["hierophant:PropheticMaskRelic","NeowsBlessing","Onion Ring","Darkstone Periapt"],"acts_visited":["Exordium"],"potions_floor_usage":[7,8],"damage_taken":[{"damage":0,"enemies":"2 Louse","floor":1,"turns":1},{"damage":0,"enemies":"Small Slimes","floor":3,"turns":2},{"damage":0,"enemies":"Cultist","floor":4,"turns":1},{"damage":30,"enemies":"Gremlin Nob","floor":6,"turns":4},{"damage":21,"enemies":"Exordium Thugs","floor":7,"turns":3},{"damage":25,"enemies":"Lagavulin","floor":8,"turns":3}],"seed_played":"-7526363297374067529","potions_obtained":[{"floor":1,"key":"CultistPotion"},{"floor":6,"key":"Swift Potion"},{"floor":7,"key":"SteroidPotion"}],"is_trial":false,"path_per_floor":["M","$","M","M","?","E","M","E"],"character_chosen":"HIEROPHANT","items_purchased":["hierophant:CoinFling+1"],"campfire_rested":0,"item_purchase_floors":[2],"current_hp_per_floor":[75,75,75,75,75,45,24,0,0],"gold":168,"neow_bonus":"THREE_ENEMY_KILL","is_daily":false,"chose_seed":false,"campfire_upgraded":0,"win_rate":0.0,"timestamp":1610997957,"path_taken":["M","$","M","M","?","E","M","E"],"items_purchased_type":["Card"],"build_version":"2020-12-22","purchased_purges":0,"victory":false,"max_hp_per_floor":[75,75,75,75,75,75,75,75,75],"card_choices":[{"not_picked":["hierophant:SealAway","hierophant:FlamingChariot"],"picked":"hierophant:Embezzle","floor":1},{"not_picked":["hierophant:Remorse","hierophant:AuricBeam"],"picked":"hierophant:Generosity","floor":3},{"not_picked":["hierophant:ArchangelShield","hierophant:Repentance"],"picked":"hierophant:ThreeLashes","floor":4},{"not_picked":["hierophant:ArchangelShield","hierophant:RustyCrate"],"picked":"hierophant:ThreeLashes","floor":6},{"not_picked":["hierophant:ThreeLashes","hierophant:DivineIntervention"],"picked":"hierophant:HolyVerse","floor":7}],"player_experience":228273,"relics_obtained":[{"floor":6,"key":"Darkstone Periapt"}],"event_choices":[{"damage_healed":0,"gold_gain":0,"player_choice":"Box","damage_taken":0,"relics_obtained":["Onion Ring"],"max_hp_gain":0,"max_hp_loss":0,"event_name":"Big Fish","floor":5,"gold_loss":0,"cards_obtained":["Regret"]}],"is_beta":false,"boss_relics":[],"items_purged_floors":[],"is_endless":false,"potions_floor_spawned":[1,6,7],"killed_by":"Lagavulin","ascension_level":0}}