{"host":"lh9qfzqeqctr28d2","time":1610978687,"event":{"mods":["BaseMod","CapriCore","Luminous","Minty Spire (QoL Compilation)","Quick Restart","Relic Stats","Remilia£®¿Ÿ√◊¿Ú—«£©","StSLib","Yakumo Yukari mod"],"gold_per_floor":[112,187,187,201,201,237,237,258,281,281,301,326,350,383,383,383,383],"floor_reached":16,"language":"ZHS","playtime":460,"items_purged":[],"score":206,"play_id":"8cc7f947-189a-4a40-bdb0-cb20375612da","local_time":"20210118220447","is_ascension_mode":true,"campfire_choices":[{"floor":10,"key":"REST"},{"floor":15,"key":"RECALL"}],"circlet_count":0,"master_deck":["AscendersBane","Strike_RM","Strike_RM","Strike_RM","Strike_RM","Defend_RM","Defend_RM","Defend_RM","Defend_RM","RedMoon","ScarletShoot","EndlessAdversity","RedRainbow","VampireFantasy","HunterOfTheNight","BombardNight","BloodHunter"],"relics":["ScarletHat","NeowsBlessing","Golden Idol","Shuriken","Boot","Shovel","Centennial Puzzle"],"acts_visited":["Exordium"],"potions_floor_usage":[11],"damage_taken":[{"damage":0,"enemies":"2 Louse","floor":1,"turns":1},{"damage":0,"enemies":"Jaw Worm","floor":4,"turns":1},{"damage":0,"enemies":"3 Sentries","floor":6,"turns":1},{"damage":0,"enemies":"Cultist","floor":8,"turns":3},{"damage":2,"enemies":"Looter","floor":11,"turns":4},{"damage":2,"enemies":"Exordium Thugs","floor":12,"turns":3},{"damage":0,"enemies":"Gremlin Gang","floor":13,"turns":3},{"damage":16,"enemies":"Lagavulin","floor":14,"turns":8},{"damage":45,"enemies":"Hexaghost","floor":16,"turns":12}],"seed_played":"4542535183639792137","potions_obtained":[{"floor":6,"key":"LiquidBronze"},{"floor":8,"key":"AttackPotion"},{"floor":13,"key":"SneckoOil"}],"is_trial":false,"path_per_floor":["M","?","?","M","?","E","T","M","T","R","M","M","M","E","R","B"],"character_chosen":"REMILIA","items_purchased":[],"campfire_rested":1,"item_purchase_floors":[],"current_hp_per_floor":[68,57,39,39,21,21,21,21,21,43,45,43,45,34,34,5,5],"gold":383,"neow_bonus":"THREE_ENEMY_KILL","is_daily":false,"chose_seed":false,"campfire_upgraded":0,"win_rate":0.0,"timestamp":1610978687,"path_taken":["M","?","?","M","?","E","?","M","T","R","?","M","M","E","R","BOSS"],"items_purchased_type":[],"build_version":"2020-12-22","purchased_purges":0,"victory":false,"max_hp_per_floor":[75,75,75,75,75,75,75,75,75,75,75,75,75,75,75,75,75],"relic_stats":{"Centennial Puzzle":[3],"Shovel":0,"counters":[9,36],"Golden Idol":35,"Shuriken":[6],"Boot":[26],"obtain_stats":[{"Centennial Puzzle":14,"Shovel":7,"NeowsBlessing":0,"Golden Idol":3,"Shuriken":5,"Boot":6,"ScarletHat":0},{"Centennial Puzzle":8,"Shovel":3,"NeowsBlessing":0,"Golden Idol":1,"Shuriken":2,"Boot":3,"ScarletHat":0},{"Centennial Puzzle":24,"Shovel":3,"NeowsBlessing":0,"Golden Idol":1,"Shuriken":2,"Boot":3,"ScarletHat":0}]},"card_choices":[{"not_picked":["FavorOfDestiny","StarOfDavid"],"picked":"EndlessAdversity","floor":1},{"not_picked":["UnstableMagic","RedMagic","BlasphemousPunishment"],"picked":"SKIP","floor":4},{"not_picked":["MastersStateliness","ScarletGensokyo"],"picked":"RedRainbow","floor":6},{"not_picked":["BlasphemousPunishment","BadLadyScramble"],"picked":"VampireFantasy","floor":8},{"not_picked":["VampirishNight","ScarletImprint"],"picked":"HunterOfTheNight","floor":11},{"not_picked":["UnstableMagic","VampireKiss"],"picked":"BombardNight","floor":12},{"not_picked":["MillenniumVampire","Stigmanizer"],"picked":"BloodHunter","floor":13},{"not_picked":["CeilingFear","Stigmanizer","EndlessAdversity"],"picked":"SKIP","floor":14}],"player_experience":428878,"relics_obtained":[{"floor":6,"key":"Boot"},{"floor":7,"key":"Shovel"},{"floor":14,"key":"Centennial Puzzle"}],"event_choices":[{"damage_healed":0,"gold_gain":75,"player_choice":"Gather Gold","damage_taken":11,"max_hp_gain":0,"max_hp_loss":0,"event_name":"World of Goop","floor":2,"gold_loss":0},{"damage_healed":0,"gold_gain":0,"player_choice":"Take Damage","damage_taken":18,"relics_obtained":["Golden Idol"],"max_hp_gain":0,"max_hp_loss":0,"event_name":"Golden Idol","floor":3,"gold_loss":0},{"damage_healed":0,"gold_gain":0,"player_choice":"Success","damage_taken":18,"relics_obtained":["Shuriken"],"max_hp_gain":0,"max_hp_loss":0,"event_name":"Scrap Ooze","floor":5,"gold_loss":0}],"is_beta":false,"boss_relics":[],"items_purged_floors":[],"is_endless":false,"potions_floor_spawned":[6,8,13],"killed_by":"Hexaghost","ascension_level":10}}