{"host":"qwp6882a7gaon7u5","time":1610991730,"event":{"mods":["ATMod(阿瑾Mod)","BaseMod","BetterRewards","GungeonMod","Minty Spire (QoL Compilation)","Red Circlet Mod","Replay The Spire","RumiaBox-露米娅的神秘盒子","Spicy Shops","StSLib","【功能Mod】混沌之环修复补丁","【遗物卡牌】REMEMod","篝火指南"],"gold_per_floor":[115,133,133,133,150,150,179,179,179,193,193,223,276,286,286,389,439,482,500,535,445,465,310,337,337,337,337,355,370,390,406,417,417,417,517,617,633,479,499,499,521,547,473,473,473,508,525,545,575,601,502,502],"floor_reached":53,"language":"ZHS","playtime":3568,"items_purged":["DemoMod:Strike_Huntress","DemoMod:Defend_Huntress"],"score":860,"play_id":"b0b11061-87ff-457a-a843-bdc687bc9fbf","local_time":"20210119014210","is_ascension_mode":false,"campfire_choices":[{"data":"DemoMod:ProbeStrike","floor":6.0,"key":"SMITH"},{"data":"DemoMod:ShadowBullets","floor":27.0,"key":"SMITH"},{"data":"DemoMod:Elimentaler","floor":33.0,"key":"SMITH"},{"data":"DemoMod:AbyssalTentacle","floor":44,"key":"SMITH"}],"circlet_count":0,"master_deck":["DemoMod:Roll","DemoMod:ManualReload","DemoMod:RustySidearm+1","DemoMod:CrossBow","AT_RealColorLess+1","DemoMod:ProbeStrike+1","DemoMod:ShadowBullets+1","DemoMod:AWP","DemoMod:FastSwitch","DemoMod:AbyssalTentacle+1","DemoMod:BulletBore+1","DemoMod:BattleInHaste+1","DemoMod:MachoBrace+1","DemoMod:HardPowerCard","DemoMod:FightSabre","DemoMod:GunstockTap","DemoMod:PotionOfGunFriendShip+1","DemoMod:Elimentaler+1","DemoMod:MegaHand+1","DemoMod:ChanceBullets+1","DemoMod:Elimentaler","DemoMod:ThirdPartyController","DemoMod:StickyCrossBow+1","Iron Wave","DemoMod:EasyReloadBullets+1","Parasite","DemoMod:TeaPot+1"],"relics":["DemoMod:Dog","REME_ComplimentaryCards","AT_ATBox","ReplayTheSpireMod:TigerMarble","MagicDraw2","Replay:Rubber Ducky","Pear","DemoMod:PoisonVial","AT_ForceNature","White Beast Statue","Tiny House","Red Mask","Lee\u0027s Waffle","DemoMod:OrangeGuonStone","DemoMod:RatBoots","DemoMod:ResourcefulSack","DemoMod:PartiallyEatenCheese","REME_ChargedStone","Replay:Wanted Poster","Pet Ghost","AT_BellowingDragoncrestRing","DemoMod:PortableTableDevice","Blue Candle","Replay:Bottled Snecko","Blood Vial"],"acts_visited":["Exordium","TheCity","TheCity","TheBeyond"],"potions_floor_usage":[47,52,52],"damage_taken":[{"damage":0.0,"enemies":"Cultist","floor":1.0,"turns":3.0},{"damage":0.0,"enemies":"2 Louse","floor":2.0,"turns":3.0},{"damage":0.0,"enemies":"Small Slimes","floor":5.0,"turns":2.0},{"damage":3.0,"enemies":"Replay:BlueRogue","floor":7.0,"turns":2.0},{"damage":0.0,"enemies":"3 Louse","floor":10.0,"turns":2.0},{"damage":3.0,"enemies":"Gremlin Nob","floor":12.0,"turns":3.0},{"damage":0.0,"enemies":"Large Slime","floor":13.0,"turns":3.0},{"damage":0.0,"enemies":"Red Slaver","floor":14.0,"turns":2.0},{"damage":0.0,"enemies":"Slime Boss","floor":16.0,"turns":6.0},{"damage":17.0,"enemies":"Shell Parasite","floor":18.0,"turns":8.0},{"damage":1.0,"enemies":"3 Byrds","floor":19.0,"turns":6.0},{"damage":26.0,"enemies":"Masked Bandits","floor":20.0,"turns":6.0},{"damage":16.0,"enemies":"Centurion and Healer","floor":22.0,"turns":6.0},{"damage":28.0,"enemies":"REME_1_Revenger","floor":24.0,"turns":4.0},{"damage":0.0,"enemies":"DemoMod:Veteran_shot_gun_kin_and_bullet_kin","floor":28.0,"turns":2.0},{"damage":3.0,"enemies":"DemoMod:Red_and_blue_shotgun_kin","floor":29.0,"turns":3.0},{"damage":5.0,"enemies":"DemoMod:Veteran_shot_gun_kin_and_red_shotgun_kin_with_gunsinger","floor":30.0,"turns":3.0},{"damage":1.0,"enemies":"DemoMod:Veteran_shot_gun_kin_and_blue_shotgun_kin","floor":31.0,"turns":4.0},{"damage":14.0,"enemies":"DemoMod:Red_and_blue_shotgun_kin_with_gunsinger","floor":32.0,"turns":4.0},{"damage":42.0,"enemies":"DemoMod:ResourcefulRat","floor":35.0,"turns":9.0},{"damage":2,"enemies":"3 Shapes","floor":37,"turns":4},{"damage":0,"enemies":"Orb Walker","floor":39,"turns":3},{"damage":22,"enemies":"Sphere and 2 Shapes","floor":41,"turns":4},{"damage":0,"enemies":"R_Hoarder","floor":42,"turns":4},{"damage":0,"enemies":"Giant Head","floor":46,"turns":5},{"damage":0,"enemies":"Writhing Mass","floor":47,"turns":5},{"damage":11,"enemies":"3 Darklings","floor":48,"turns":4},{"damage":0,"enemies":"Nemesis","floor":49,"turns":3},{"damage":14,"enemies":"Jaw Worm Horde","floor":50,"turns":3},{"damage":44,"enemies":"Time Eater","floor":52,"turns":9}],"seed_played":"-6764283153993227482","potions_obtained":[{"floor":1.0,"key":"Block Potion"},{"floor":5.0,"key":"ColorlessPotion"},{"floor":12.0,"key":"DemoMod:LeadSkinPotion"},{"floor":13.0,"key":"Strength Potion"},{"floor":14.0,"key":"AttackPotion"},{"floor":16.0,"key":"Venom Potion"},{"floor":17.0,"key":"REME_GoldPotion"},{"floor":18.0,"key":"Block Potion"},{"floor":19.0,"key":"Milkshake"},{"floor":20.0,"key":"GamblersBrew"},{"floor":22.0,"key":"Toxic Potion"},{"floor":24.0,"key":"Weak Potion"},{"floor":29.0,"key":"SkillPotion"},{"floor":30.0,"key":"LifebloodPotion"},{"floor":31.0,"key":"PowerPotion"},{"floor":32.0,"key":"DemoMod:LeadSkinPotion"},{"floor":35.0,"key":"ColorlessPotion"},{"floor":37,"key":"Energy Potion"},{"floor":42,"key":"REME_GoldPotion"},{"floor":47,"key":"FairyPotion"}],"is_trial":false,"path_per_floor":["M","M","T","?","M","R","E","?","T","M","?","E","M","M","R","B",null,"M","M","?","?","M","R","E","?","T","R","M","M","M","M","M","R","B","B",null,"M","$","M","?","M","E","$","R","T","E","M","M","E","M","R","B",null],"character_chosen":"HUNTRESS","items_purchased":["ReplayTheSpireMod:TigerMarble","MagicDraw2","Replay:Rubber Ducky","DemoMod:GnawedKey","DemoMod:ShadowBullets","DemoMod:AWP","Lee\u0027s Waffle","Pet Ghost","DemoMod:PortableTableDevice","DemoMod:BlankPotion"],"campfire_rested":0,"item_purchase_floors":[0,0,0,0,0,0,23,38,43,51],"current_hp_per_floor":[38,38,48,48,48,48,45,45,45,45,45,42,42,42,66,66,85,68,67,41,41,25,92,64,64,92,92,92,89,84,83,69,69,55,13,92,90,90,90,90,68,68,68,68,68,68,68,57,57,45,45,3],"gold":502,"neow_bonus":"","is_daily":false,"chose_seed":false,"campfire_upgraded":4,"win_rate":0.0,"timestamp":1610991730,"path_taken":["M","M","?","?","M","R","E","?","T","M","?","E","M","M","R","BOSS","M","M","?","?","?","R","E","?","T","R","M","M","M","M","M","R","BOSS","BOSS","M","$","M","?","M","E","$","R","T","E","M","M","E","M","R","BOSS"],"items_purchased_type":["Relic","Relic","Relic","Relic","Card","Card","Relic","Relic","Relic","Undefined"],"build_version":"2020-12-22","purchased_purges":2,"victory":true,"max_hp_per_floor":[70,70,80,80,80,80,80,80,80,80,80,80,80,80,80,80,85,85,85,85,85,85,92,92,92,92,92,92,92,92,92,92,92,92,92,92,92,92,92,92,92,92,92,92,92,92,92,92,92,92,92,92],"card_choices":[{"not_picked":["DemoMod:StickyCrossBow","DemoMod:FortunesFavor"],"picked":"DemoMod:FastSwitch","floor":1.0},{"not_picked":["DemoMod:ConditionalReflex","DemoMod:JK47"],"picked":"DemoMod:AbyssalTentacle","floor":2.0},{"not_picked":["DemoMod:HuntsMan","DemoMod:AC15"],"picked":"DemoMod:BattleInHaste","floor":5.0},{"not_picked":["DemoMod:BoxingGlove","DemoMod:StickyCrossBow"],"picked":"DemoMod:MachoBrace","floor":7.0},{"not_picked":["DemoMod:FastSwitch","DemoMod:MachoBrace","DemoMod:BattleInHaste"],"picked":"SKIP","floor":10.0},{"not_picked":["DemoMod:PracticeMakesPerfect","DemoMod:GunstockTap"],"picked":"DemoMod:Purify","floor":12.0},{"not_picked":["DemoMod:Unmoved","DemoMod:AbyssalTentacle"],"picked":"DemoMod:HardPowerCard","floor":13.0},{"not_picked":["DemoMod:JK47","DemoMod:ZorGun","DemoMod:GunstockTap"],"picked":"SKIP","floor":14.0},{"not_picked":["DemoMod:BulletBore","DemoMod:FinishedGun"],"picked":"DemoMod:FightSabre","floor":16.0},{"not_picked":["DemoMod:HuntsMan","DemoMod:ConditionalReflex"],"picked":"DemoMod:GunstockTap","floor":17.0},{"not_picked":["DemoMod:HuntsMan","DemoMod:TableSutra+1"],"picked":"DemoMod:PotionOfGunFriendShip+1","floor":18.0},{"not_picked":["DemoMod:SAA","DemoMod:FightSabre","DemoMod:MachoBrace+1"],"picked":"SKIP","floor":19.0},{"not_picked":["DemoMod:AbyssalTentacle","DemoMod:AC15","DemoMod:BoxingGlove"],"picked":"SKIP","floor":22.0},{"not_picked":["DemoMod:SkilledReload","DemoMod:HuntsMan","DemoMod:JK47"],"picked":"SKIP","floor":22.0},{"not_picked":["DemoMod:ChanceBullets","DemoMod:MachoBrace"],"picked":"DemoMod:Elimentaler","floor":24.0},{"not_picked":["DemoMod:StickyCrossBow+1","DemoMod:SkilledReload"],"picked":"DemoMod:MegaHand+1","floor":28.0},{"not_picked":["DemoMod:HuntsMan","DemoMod:DirectionalPad"],"picked":"DemoMod:ChanceBullets+1","floor":29.0},{"not_picked":["DemoMod:MachoBrace+1","DemoMod:StickyCrossBow+1"],"picked":"DemoMod:Purify","floor":30.0},{"not_picked":["DemoMod:Ejector+1","DemoMod:HuntsMan","DemoMod:TripleGun"],"picked":"SKIP","floor":31.0},{"not_picked":["DemoMod:HungryBullets","DemoMod:GunstockTap+1","DemoMod:DoubleSwitch+1"],"picked":"SKIP","floor":32.0},{"not_picked":["DemoMod:MachoBrace+1","DemoMod:DoubleSwitch+1","DemoMod:Unmoved+1"],"picked":"SKIP","floor":32.0},{"not_picked":[],"picked":"DemoMod:Elimentaler","floor":35.0},{"not_picked":["DemoMod:BlackHoleGun","DemoMod:Desperate"],"picked":"DemoMod:ThirdPartyController","floor":35.0},{"not_picked":["DemoMod:PracticeMakesPerfect+1","DemoMod:MachoBrace"],"picked":"DemoMod:StickyCrossBow+1","floor":37},{"not_picked":["DemoMod:Unmoved","DemoMod:AbyssalTentacle+1","DemoMod:BoxingGlove"],"picked":"SKIP","floor":39},{"not_picked":["DemoMod:Purify","DemoMod:SkilledReload"],"picked":"DemoMod:EasyReloadBullets+1","floor":41},{"not_picked":["DemoMod:ChanceBullets","DemoMod:SAA","DemoMod:BulletBore"],"picked":"SKIP","floor":42},{"not_picked":["DemoMod:Polaris","DemoMod:HuntsMan","DemoMod:PotionOfGunFriendShip"],"picked":"SKIP","floor":46},{"not_picked":["DemoMod:JK47","DemoMod:HighKaliber+1","DemoMod:StickyCrossBow+1"],"picked":"SKIP","floor":47},{"not_picked":["DemoMod:SAA+1","DemoMod:StickyCrossBow"],"picked":"DemoMod:TeaPot+1","floor":48},{"not_picked":["DemoMod:RadGun+1","DemoMod:MachoBrace+1","DemoMod:Camera"],"picked":"SKIP","floor":49},{"not_picked":["DemoMod:FortunesFavor","DemoMod:SAA","DemoMod:ThirdPartyController"],"picked":"SKIP","floor":50}],"player_experience":169229,"relics_obtained":[{"floor":3.0,"key":"Pear"},{"floor":7.0,"key":"DemoMod:PoisonVial"},{"floor":9.0,"key":"AT_ForceNature"},{"floor":12.0,"key":"White Beast Statue"},{"floor":20.0,"key":"Red Mask"},{"floor":24.0,"key":"DemoMod:OrangeGuonStone"},{"floor":36.0,"key":"DemoMod:RatBoots"},{"floor":36.0,"key":"DemoMod:ResourcefulSack"},{"floor":36.0,"key":"DemoMod:PartiallyEatenCheese"},{"floor":36.0,"key":"REME_ChargedStone"},{"floor":36.0,"key":"Replay:Wanted Poster"},{"floor":42,"key":"AT_BellowingDragoncrestRing"},{"floor":45,"key":"Blue Candle"},{"floor":46,"key":"Replay:Bottled Snecko"},{"floor":49,"key":"Blood Vial"}],"event_choices":[{"damage_healed":0.0,"max_hp_gain":0.0,"max_hp_loss":0.0,"gold_gain":0.0,"event_name":"Living Wall","player_choice":"Grow","floor":11.0,"gold_loss":0.0,"damage_taken":0.0,"cards_upgraded":["AT_RealColorLess"]},{"damage_healed":0.0,"max_hp_gain":0.0,"max_hp_loss":0.0,"gold_gain":0.0,"event_name":"Masked Bandits","player_choice":"Fought Bandits","floor":20.0,"gold_loss":0.0,"damage_taken":0.0},{"cards_removed":["DemoMod:Defend_Huntress"],"damage_healed":0.0,"max_hp_gain":0.0,"max_hp_loss":0.0,"gold_gain":0.0,"event_name":"Designer","player_choice":"Upgrade and Remove","floor":21.0,"gold_loss":90.0,"damage_taken":0.0,"cards_upgraded":["DemoMod:BattleInHaste"]},{"damage_healed":0.0,"max_hp_gain":0.0,"max_hp_loss":0.0,"gold_gain":0.0,"event_name":"Vampires","player_choice":"Ignored","floor":25.0,"gold_loss":0.0,"damage_taken":0.0},{"cards_removed":["DemoMod:Strike_Huntress"],"damage_healed":0,"gold_gain":0,"player_choice":"Took Card","damage_taken":0,"max_hp_gain":0,"max_hp_loss":0,"event_name":"NoteForYourself","floor":40,"gold_loss":0,"cards_obtained":["Iron Wave"]}],"is_beta":false,"boss_relics":[{"not_picked":["ChewingGum","Busted Crown"],"picked":"Tiny House"},{"not_picked":[]}],"items_purged_floors":[0,0],"is_endless":false,"potions_floor_spawned":[1,5,12,13,14,16,18,19,20,22,24,28,29,30,31,32,35,37,39,41,42,46,47,48,49,50],"ascension_level":0}}