{"host":"cbu6enf2xtq4r7r3","time":1610948275,"event":{"mods":["2.2 Compatiblity","AlwaysNeverKeys","BaseMod","Better Match","Better Note","Better Sensory Stone","Better Skull","Better Third Choice","Colored Map","Colored Powertips","Defuse TimeMaze Blight","Emptier Cage","Minty Spire (QoL Compilation)","Permanent Neow","Quick Restart","Random Character Button","Relic Sorter","Reorder Act Four","Shop Mod","StSLib"],"gold_per_floor":[213,231,231,132,149,149,168,196,196,196,216,250,261,289,289,386,386,402,502,167,167,167,167,196,196,196,222,222,234,244,244,244,343,343,356,81,0,0,20,20,39,92,92,120,132,163,163,14,14,14],"floor_reached":51,"language":"ENG","playtime":1807,"items_purged":["Strike_B","Strike_B","Doom and Gloom+1"],"score":1018,"play_id":"f8acb0ab-df62-40be-a481-e9536b7f5dfa","local_time":"20210118063755","is_ascension_mode":true,"campfire_choices":[{"data":"Zap","floor":6,"key":"SMITH"},{"data":"FTL","floor":10,"key":"SMITH"},{"data":"White Noise","floor":15,"key":"SMITH"},{"data":"Magnetism","floor":23,"key":"SMITH"},{"data":"Defragment","floor":25,"key":"SMITH"},{"data":"Bandage Up","floor":32,"key":"SMITH"},{"data":"BootSequence","floor":40,"key":"SMITH"},{"data":"White Noise","floor":47,"key":"SMITH"},{"data":"FTL","floor":49,"key":"SMITH"}],"circlet_count":0,"master_deck":["Defend_B+1","Defend_B+1","Defend_B+1","Defend_B+1","Zap+1","Dualcast","Melter","FTL+1","Conserve Battery","White Noise+1","White Noise+1","FTL+1","Electrodynamics","Defragment+1","Bandage Up+1","Self Repair+1","Magnetism+1","Steam","Conserve Battery","Streamline+1","Creative AI+1","BootSequence+1","Undo","Undo+1","Redo+1","Conserve Battery+1","Storm","White Noise+1","White Noise+1"],"relics":["Cracked Core","MawBank","DataDisk","Matryoshka","Sundial","StrikeDummy","Sozu","War Paint","MealTicket","Centennial Puzzle","Bottled Lightning","Bottled Tornado","Astrolabe","Medical Kit","Red Mask","FossilizedHelix","Boot","Cables","Bottled Flame","Mummified Hand","DollysMirror"],"acts_visited":["Exordium","TheCity","TheBeyond"],"potions_floor_usage":[7,16,16,16],"damage_taken":[{"damage":0,"enemies":"Cultist","floor":1,"turns":1},{"damage":2,"enemies":"Jaw Worm","floor":2,"turns":3},{"damage":1,"enemies":"Small Slimes","floor":5,"turns":2},{"damage":0,"enemies":"3 Louse","floor":7,"turns":2},{"damage":3,"enemies":"Gremlin Nob","floor":8,"turns":3},{"damage":8,"enemies":"Gremlin Gang","floor":11,"turns":4},{"damage":15,"enemies":"Lagavulin","floor":12,"turns":4},{"damage":3,"enemies":"Blue Slaver","floor":13,"turns":3},{"damage":15,"enemies":"3 Sentries","floor":14,"turns":6},{"damage":0,"enemies":"Hexaghost","floor":16,"turns":7},{"damage":16,"enemies":"2 Thieves","floor":18,"turns":3},{"damage":38,"enemies":"Slavers","floor":24,"turns":4},{"damage":18,"enemies":"Gremlin Leader","floor":27,"turns":5},{"damage":10,"enemies":"3 Byrds","floor":29,"turns":2},{"damage":0,"enemies":"3 Cultists","floor":30,"turns":2},{"damage":40,"enemies":"Champ","floor":33,"turns":9},{"damage":3,"enemies":"Orb Walker","floor":35,"turns":3},{"damage":8,"enemies":"3 Darklings","floor":39,"turns":3},{"damage":15,"enemies":"Jaw Worm Horde","floor":41,"turns":3},{"damage":18,"enemies":"2 Orb Walkers","floor":42,"turns":3},{"damage":23,"enemies":"Nemesis","floor":44,"turns":7},{"damage":0,"enemies":"4 Shapes","floor":45,"turns":2},{"damage":4,"enemies":"Giant Head","floor":46,"turns":6},{"damage":31,"enemies":"Donu and Deca","floor":50,"turns":6}],"seed_played":"-5659778053401980277","potions_obtained":[{"floor":1,"key":"Fire Potion"},{"floor":11,"key":"Dexterity Potion"},{"floor":13,"key":"Strength Potion"},{"floor":14,"key":"DuplicationPotion"}],"is_trial":false,"path_per_floor":["M","M","?","$","M","R","M","E","T","R","M","E","M","E","R","B",null,"M","?","$","?","?","R","E","R","T","E","?","M","M","?","R","B",null,"M","$","?","?","M","R","M","?","T","E","M","E","R","$","R","B",null],"character_chosen":"DEFECT","items_purchased":["Melter","Bandage Up","War Paint","Medical Kit","DollysMirror"],"campfire_rested":0,"item_purchase_floors":[4,20,20,36,48],"current_hp_per_floor":[75,73,55,55,54,54,54,51,51,51,43,28,25,10,10,10,75,59,59,59,59,59,59,35,35,35,31,31,35,49,49,49,25,75,75,75,75,71,71,71,71,63,63,56,71,71,71,71,71,50],"gold":14,"neow_bonus":"HUNDRED_GOLD","is_daily":false,"chose_seed":false,"campfire_upgraded":9,"win_rate":0.0,"timestamp":1610948275,"path_taken":["M","M","?","$","M","R","M","E","T","R","M","E","M","E","R","BOSS","M","?","$","?","?","R","E","R","T","E","?","?","M","?","R","BOSS","M","$","?","?","M","R","M","?","T","E","M","E","R","?","R","BOSS"],"items_purchased_type":["Card","Card","Relic","Relic","Relic"],"build_version":"2020-12-22","purchased_purges":3,"victory":true,"max_hp_per_floor":[75,75,75,75,75,75,75,75,75,75,75,75,75,75,75,75,75,75,75,75,75,75,75,75,75,75,75,75,75,75,75,75,75,75,75,75,75,71,71,71,71,71,71,71,71,71,71,71,71,71],"card_choices":[{"not_picked":["Fusion","Stack","Go for the Eyes"],"picked":"SKIP","floor":1},{"not_picked":["Hello World","Redo"],"picked":"Cold Snap","floor":2},{"not_picked":["Redo","Gash"],"picked":"FTL","floor":5},{"not_picked":["Stack","Barrage"],"picked":"Conserve Battery","floor":7},{"not_picked":["Beam Cell","Thunder Strike","Coolheaded"],"picked":"SKIP","floor":8},{"not_picked":["Barrage","Skim"],"picked":"White Noise","floor":11},{"not_picked":["Consume","Stack","Redo"],"picked":"SKIP","floor":12},{"not_picked":["Redo","Barrage"],"picked":"White Noise","floor":13},{"not_picked":["Creative AI","Consume"],"picked":"FTL","floor":14},{"not_picked":["Echo Form","Reboot"],"picked":"Electrodynamics","floor":16},{"not_picked":["Force Field","Beam Cell+1"],"picked":"Defragment","floor":18},{"not_picked":["PanicButton","Mind Blast"],"picked":"Magnetism","floor":22},{"not_picked":["Tempest","Aggregate+1","Steam Power"],"picked":"SKIP","floor":24},{"not_picked":["Double Energy+1","Reboot"],"picked":"Steam","floor":27},{"not_picked":["Barrage","Steam"],"picked":"Conserve Battery","floor":29},{"not_picked":["Scrape","Sunder","Sweeping Beam"],"picked":"SKIP","floor":30},{"not_picked":["Ball Lightning+1","Turbo+1"],"picked":"BootSequence","floor":35},{"not_picked":["Self Repair","Hologram+1"],"picked":"Undo","floor":39},{"not_picked":["Cold Snap","Turbo+1"],"picked":"Undo+1","floor":41},{"not_picked":["Go for the Eyes","Doom and Gloom+1"],"picked":"Redo+1","floor":42},{"not_picked":["Hello World","Chaos+1"],"picked":"Conserve Battery+1","floor":44},{"not_picked":["Hello World+1","Sunder"],"picked":"Storm","floor":45},{"not_picked":["Amplify","Biased Cognition"],"picked":"White Noise","floor":46}],"player_experience":96841,"relics_obtained":[{"floor":8,"key":"DataDisk"},{"floor":9,"key":"Matryoshka"},{"floor":12,"key":"Sundial"},{"floor":14,"key":"StrikeDummy"},{"floor":24,"key":"MealTicket"},{"floor":26,"key":"Centennial Puzzle"},{"floor":26,"key":"Bottled Lightning"},{"floor":27,"key":"Bottled Tornado"},{"floor":42,"key":"FossilizedHelix"},{"floor":43,"key":"Boot"},{"floor":43,"key":"Cables"},{"floor":44,"key":"Bottled Flame"},{"floor":46,"key":"Mummified Hand"}],"event_choices":[{"damage_healed":0,"gold_gain":0,"player_choice":"Relic ","damage_taken":18,"max_hp_gain":0,"max_hp_loss":0,"event_name":"betterThird:BetterScrap","floor":3,"gold_loss":0,"cards_obtained":["Whirlwind"]},{"damage_healed":0,"gold_gain":100,"player_choice":"Pray","damage_taken":0,"max_hp_gain":0,"max_hp_loss":0,"event_name":"Golden Shrine","floor":19,"gold_loss":0},{"cards_removed":["White Noise"],"damage_healed":0,"gold_gain":0,"player_choice":"Take \u0026 Give","damage_taken":0,"max_hp_gain":0,"max_hp_loss":0,"event_name":"betterNote:BetterNote","floor":21,"gold_loss":0,"cards_obtained":["Self Repair"]},{"damage_healed":0,"gold_gain":2,"player_choice":"1","damage_taken":0,"max_hp_gain":0,"max_hp_loss":0,"event_name":"betterStone:BetterStone","floor":22,"gold_loss":0},{"cards_removed":["Strike_B"],"damage_healed":0,"gold_gain":0,"player_choice":"Card Removal","damage_taken":0,"max_hp_gain":0,"max_hp_loss":0,"event_name":"Wheel of Change","floor":28,"gold_loss":0},{"damage_healed":0,"gold_gain":0,"player_choice":"Simplicity","damage_taken":0,"max_hp_gain":0,"max_hp_loss":4,"event_name":"betterThird:BetterWriting","floor":31,"gold_loss":0},{"damage_healed":0,"gold_gain":0,"player_choice":"Paid","damage_taken":0,"relics_obtained":["Red Mask"],"max_hp_gain":0,"max_hp_loss":0,"event_name":"Tomb of Lord Red Mask","floor":37,"gold_loss":81},{"damage_healed":0,"gold_gain":0,"player_choice":"Max HP","damage_taken":0,"max_hp_gain":0,"max_hp_loss":4,"event_name":"Winding Halls","floor":38,"gold_loss":0},{"damage_healed":0,"gold_gain":0,"player_choice":"Fight","damage_taken":0,"max_hp_gain":0,"max_hp_loss":0,"event_name":"Mysterious Sphere","floor":42,"gold_loss":0}],"is_beta":false,"boss_relics":[{"not_picked":["Snecko Eye","Empty Cage"],"picked":"Sozu"},{"not_picked":["Philosopher\u0027s Stone","Nuclear Battery"],"picked":"Astrolabe"}],"items_purged_floors":[4,20,36],"is_endless":false,"potions_floor_spawned":[1,11,13,14,18,27,33,35,39,45],"ascension_level":4}}