{"host":"xc18ixkpjvqrt8st","time":1610940500,"event":{"mods":["Act Like it!","BaseMod","Better Match","Better Third Choice","Conspire","Hallownest","Hermit","Hubris","Infinite Spire","Minty Spire (QoL Compilation)","Replay The Spire","Robot Space Explorer","Shop Mod","Spicy Shops","StSLib","The Animator","The Jungle","The Marked"],"gold_per_floor":[113,133,133,156,24,24,81,118,118,134,160,160,160,184,184,327,327,358,358,358,386,433,433,476,476,546,554,554],"floor_reached":27,"language":"ENG","playtime":2402,"items_purged":[],"score":233,"play_id":"6d5e3897-9afe-47ad-b2a5-f37bc7553774","local_time":"20210117212820","is_ascension_mode":false,"campfire_choices":[{"floor":6,"key":"RECALL"},{"floor":12,"key":"REST"},{"floor":15,"key":"REST"},{"floor":23,"key":"REST"}],"circlet_count":0,"master_deck":["animator:Strike_Konosuba","animator:Defend_Konosuba","animator:Strike","animator:Strike","animator:Strike","animator:Defend","animator:Defend","animator:Kazuma","animator:Aqua","animator:NarberalGamma","animator:Caster","animator:Vanir","animator:Chris","animator:Benimaru","animator:Aqua","animator:Sebas","Injury","animator:Chris","animator:Eris","animator:Lancer","animator:Evileye","animator:Shinoa","animator:ShinjiMatou+1"],"relics":["animator:VividPicture","animator:TheMissingPiece","NeowsBlessing","MerchantsRug","conspire:Flyswatter","Sundial","ReplayTheSpireMod:Shallot","Golden Idol","hubris:Towel","conspire:SpecialSausage","Art of War","Onion Ring"],"acts_visited":["Exordium","TheCity"],"potions_floor_usage":[21,27,27],"damage_taken":[{"damage":0,"enemies":"Cultist","floor":1,"turns":1},{"damage":0,"enemies":"conspire:RoseBush","floor":2,"turns":1},{"damage":0,"enemies":"Jaw Worm","floor":4,"turns":1},{"damage":32,"enemies":"3 Sentries","floor":7,"turns":9},{"damage":31,"enemies":"3 Sentries","floor":8,"turns":8},{"damage":1,"enemies":"Blue Slaver","floor":10,"turns":4},{"damage":0,"enemies":"2 Fungi Beasts","floor":11,"turns":4},{"damage":1,"enemies":"Looter","floor":14,"turns":3},{"damage":63,"enemies":"Fading Forest","floor":16,"turns":11},{"damage":22,"enemies":"Chosen","floor":18,"turns":5},{"damage":0,"enemies":"conspire:FuzzyDice","floor":21,"turns":7},{"damage":10,"enemies":"conspire:HollyBat","floor":22,"turns":7},{"damage":29,"enemies":"conspire:Head Lice","floor":24,"turns":10},{"damage":72,"enemies":"Cultist and Chosen","floor":27,"turns":6}],"seed_played":"-6764507770186398331","potions_obtained":[{"floor":1,"key":"EssenceOfSteel"},{"floor":10,"key":"BlessingOfTheForge"},{"floor":14,"key":"ColorlessPotion"},{"floor":16,"key":"DuplicationPotion"},{"floor":21,"key":"SkillPotion"}],"is_trial":false,"path_per_floor":["M","M","?","M","$","R","?","E","T","M","M","R","?","M","R","B",null,"M","?","AVR","M","M","R","E","?","T","M"],"character_chosen":"THE_ANIMATOR","items_purchased":["MerchantsRug"],"campfire_rested":3,"item_purchase_floors":[5],"current_hp_per_floor":[66,66,66,66,66,66,37,8,8,9,13,33,33,36,56,21,67,52,52,52,59,56,67,43,65,65,0,0],"gold":554,"neow_bonus":"THREE_ENEMY_KILL","is_daily":false,"chose_seed":false,"campfire_upgraded":0,"win_rate":0.0,"timestamp":1610940500,"path_taken":["M","?","?","M","?","R","?","E","T","M","M","R","?","M","R","BOSS","M","?","AVR","M","M","R","E","?","T","M"],"items_purchased_type":["Relic"],"build_version":"2020-12-22","purchased_purges":0,"victory":false,"max_hp_per_floor":[66,66,66,66,66,66,67,67,67,67,67,67,67,67,67,67,67,67,67,67,67,67,67,67,67,67,67,67],"card_choices":[{"not_picked":["animator:Sebas","animator:Lancer"],"picked":"animator:NarberalGamma","floor":1},{"not_picked":["animator:Emonzaemon","animator:Cocytus"],"picked":"animator:Caster","floor":2},{"not_picked":["animator:MumenRider","animator:Vesta"],"picked":"animator:Vanir","floor":4},{"not_picked":["animator:Kazuma","animator:Verdia"],"picked":"animator:Chris","floor":7},{"not_picked":["animator:Vanir","animator:Sebas"],"picked":"animator:Benimaru","floor":8},{"not_picked":["animator:Rider","animator:SakuraMatou"],"picked":"animator:Aqua","floor":10},{"not_picked":["animator:Vanir","animator:TsurugaMeisai"],"picked":"animator:Sebas","floor":11},{"not_picked":["animator:Aqua","animator:Mitsurugi"],"picked":"animator:Chris","floor":14},{"not_picked":["animator:Ainz","animator:FeridBathory"],"picked":"animator:Eris","floor":16},{"not_picked":["animator:Sebas","animator:Tatsumaki"],"picked":"animator:Lancer","floor":18},{"not_picked":["animator:Alexander","animator:TsurugaMeisai"],"picked":"animator:Evileye","floor":21},{"not_picked":["animator:Mikaela","animator:Azekura+1"],"picked":"animator:Shinoa","floor":22},{"not_picked":["animator:Nanami","animator:EmiyaShirou"],"picked":"animator:ShinjiMatou+1","floor":24}],"player_experience":532593,"relics_obtained":[{"floor":7,"key":"conspire:Flyswatter"},{"floor":8,"key":"Sundial"},{"floor":9,"key":"ReplayTheSpireMod:Shallot"},{"floor":24,"key":"Art of War"},{"floor":26,"key":"Onion Ring"}],"event_choices":[{"cards_removed":["animator:Defend"],"damage_healed":0,"gold_gain":0,"player_choice":"Offered Basic","damage_taken":0,"max_hp_gain":0,"max_hp_loss":0,"event_name":"Bonfire Elementals","floor":3,"gold_loss":0},{"damage_healed":0,"gold_gain":30,"player_choice":"Searched \u00273\u0027 times","damage_taken":0,"max_hp_gain":0,"max_hp_loss":0,"event_name":"Dead Adventurer","floor":7,"gold_loss":0},{"damage_healed":0,"gold_gain":0,"player_choice":"Take Wound","damage_taken":0,"relics_obtained":["Golden Idol"],"max_hp_gain":0,"max_hp_loss":0,"event_name":"Golden Idol","floor":13,"gold_loss":0,"cards_obtained":["Injury"]},{"damage_healed":22,"gold_gain":0,"player_choice":"Heal","damage_taken":0,"max_hp_gain":0,"max_hp_loss":0,"event_name":"The Library","floor":25,"gold_loss":0}],"is_beta":false,"boss_relics":[{"not_picked":["Kintsugi","SacredBark"],"picked":"animator:VividPicture"}],"items_purged_floors":[],"is_endless":false,"potions_floor_spawned":[1,10,14,16,21,22],"killed_by":"Cultist and Chosen","ascension_level":0}}