{"host":"0zwwzr7xjr1wfyy3","time":1610945889,"event":{"mods":["BaseMod","Downfall","Hermit","Marisa????????","Minty Spire (QoL Compilation)","StSLib","The Cursed","The Servant 0.9.4","Waifu the Spire"],"gold_per_floor":[114,34,53,53,53,53,88,103,127,127,155,169,94,113,113,113,113],"floor_reached":16,"language":"ENG","playtime":1687,"items_purged":[],"score":110,"play_id":"4e76bb97-ad4d-4022-8646-368aadf940b2","local_time":"20210117205809","is_ascension_mode":false,"campfire_choices":[{"data":"Defend_S","floor":6,"key":"SMITH"},{"floor":10,"key":"REST"},{"floor":15,"key":"REST"}],"circlet_count":0,"master_deck":["Strike_S","Strike_S","Strike_S","Strike_S","Defend_S+1","Defend_S","Defend_S","Defend_S","KidneyShot","Exchange","SpecialFormula","Contraction","ShiftingGears+1","GearUp","ShatteredReality","BottledTime","Ricochet","GearUp","Potential"],"relics":["Uniform","Broom","Boot","Vajra","Girya"],"acts_visited":["Exordium"],"potions_floor_usage":[],"damage_taken":[{"damage":0,"enemies":"Cultist","floor":1,"turns":4},{"damage":0,"enemies":"2 Louse","floor":3,"turns":3},{"damage":38,"enemies":"3 Sentries","floor":7,"turns":17},{"damage":0,"enemies":"Small Slimes","floor":8,"turns":4},{"damage":11,"enemies":"Lagavulin","floor":11,"turns":11},{"damage":0,"enemies":"2 Fungi Beasts","floor":12,"turns":5},{"damage":12,"enemies":"Lots of Slimes","floor":14,"turns":6},{"damage":47,"enemies":"Slime Boss","floor":16,"turns":21}],"seed_played":"3384030362243054535","potions_obtained":[{"floor":1,"key":"PowerPotion"},{"floor":11,"key":"SmokeBomb"}],"is_trial":false,"path_per_floor":["M","$","M","?","?","R","E","M","T","R","E","M","$","M","R","B"],"character_chosen":"THE_SERVANT","items_purchased":["Contraction","GearUp"],"campfire_rested":2,"item_purchase_floors":[2,13],"current_hp_per_floor":[65,65,65,65,65,65,32,32,32,51,40,40,40,28,47,0,0],"gold":113,"neow_bonus":"RANDOM_COMMON_RELIC","is_daily":false,"chose_seed":false,"campfire_upgraded":1,"win_rate":0.0,"timestamp":1610945889,"path_taken":["M","$","?","?","?","R","E","M","T","R","E","M","$","M","R","BOSS"],"items_purchased_type":["Card","Card"],"build_version":"2020-12-22","purchased_purges":0,"victory":false,"max_hp_per_floor":[65,65,65,65,65,65,65,65,65,65,65,65,65,65,65,65,65],"card_choices":[{"not_picked":["Shuttle","ShiftingGears"],"picked":"SpecialFormula","floor":1},{"not_picked":["Unruled","MoonPhase"],"picked":"ShiftingGears","floor":3},{"not_picked":["Comet","StarChef"],"picked":"GearUp","floor":7},{"not_picked":["Ricochet","Contraction"],"picked":"ShatteredReality","floor":8},{"not_picked":["Moondial","SoulSculpture"],"picked":"BottledTime","floor":11},{"not_picked":["RealityMarble","Unruled"],"picked":"Ricochet","floor":12},{"not_picked":["Starlight","Revamp"],"picked":"Potential","floor":14}],"player_experience":24460,"relics_obtained":[{"floor":7,"key":"Boot"},{"floor":9,"key":"Vajra"},{"floor":11,"key":"Girya"}],"event_choices":[{"damage_healed":0,"gold_gain":0,"player_choice":"Grow","damage_taken":0,"max_hp_gain":0,"max_hp_loss":0,"event_name":"Living Wall","floor":4,"gold_loss":0,"cards_upgraded":["ShiftingGears"]},{"damage_healed":0,"gold_gain":0,"player_choice":"Leave","damage_taken":0,"max_hp_gain":0,"max_hp_loss":0,"event_name":"The Cleric","floor":5,"gold_loss":0}],"is_beta":false,"boss_relics":[],"items_purged_floors":[],"is_endless":false,"potions_floor_spawned":[1,11],"killed_by":"Slime Boss","ascension_level":0}}