{"host":"SpaceMun","time":1610932027,"event":{"mods":["Act Like it!","Astrologer","Bard","BaseMod","Better Third Choice","Gremlin Mod","Hallownest","Hermit","Jorbs\u0027s Wanderer Trilogy","Minty Spire (QoL Compilation)","Relic Stats","Robot Space Explorer","Shop Mod","StSLib","The Animator","The Bug Knight","The Construct","The Forsaken","The Hierophant","The Runesmith","TheBandit","everything is the same but u backflip on backflip","slay the spire mod where everything is the same but ironclad has a cowboy hat"],"gold_per_floor":[117,117,127,127,138,170,170,212,212,268,263,260,260,306,306,274,274],"floor_reached":16,"language":"ENG","playtime":931,"items_purged":[],"score":122,"play_id":"501cd277-93d9-4ae1-a933-f4feb783afd7","local_time":"20210118010707","is_ascension_mode":false,"campfire_choices":[{"data":"hierophant:ChurchCoffers","floor":7,"key":"SMITH"},{"data":"hierophant:Racketeering","floor":15,"key":"SMITH"}],"circlet_count":0,"master_deck":["hierophant:Strike_Hierophant","hierophant:Strike_Hierophant","hierophant:Strike_Hierophant","hierophant:Punish","hierophant:Defend_Hierophant","hierophant:Defend_Hierophant","hierophant:Defend_Hierophant","hierophant:Defend_Hierophant","hierophant:ChurchCoffers+1","hierophant:PristineSoul+1","hierophant:HolyVerse","hierophant:RustyCrate","hierophant:Doubloon","hierophant:Doubloon","hierophant:Racketeering+1","hierophant:Doubloon","hierophant:CoinFling","hierophant:HolyVerse"],"relics":["hierophant:PropheticMaskRelic","White Beast Statue","HollowMod:LifeEnderRelic","Darkstone Periapt","hierophant:DonationBoxRelic"],"acts_visited":["Exordium"],"potions_floor_usage":[10,12,14,14,16,16],"damage_taken":[{"damage":1,"enemies":"Jaw Worm","floor":1,"turns":5},{"damage":0,"enemies":"Cultist","floor":3,"turns":3},{"damage":0,"enemies":"Small Slimes","floor":5,"turns":4},{"damage":37,"enemies":"3 Sentries","floor":6,"turns":16},{"damage":0,"enemies":"Red Slaver","floor":8,"turns":4},{"damage":4,"enemies":"HollowMod:MossKnight","floor":10,"turns":7},{"damage":7,"enemies":"Looter","floor":11,"turns":4},{"damage":8,"enemies":"Lagavulin","floor":12,"turns":6},{"damage":2,"enemies":"3 Louse","floor":14,"turns":2},{"damage":47,"enemies":"Slime Boss","floor":16,"turns":8}],"seed_played":"-7764379776443033549","potions_obtained":[{"floor":5,"key":"Strength Potion"},{"floor":8,"key":"Regen Potion"},{"floor":10,"key":"Energy Potion"},{"floor":11,"key":"AttackPotion"},{"floor":12,"key":"DuplicationPotion"},{"floor":14,"key":"Fruit Juice"}],"is_trial":false,"path_per_floor":["M","?","M","?","M","E","R","M","T","E","M","E","?","M","R","B"],"character_chosen":"HIEROPHANT","items_purchased":[],"campfire_rested":0,"item_purchase_floors":[],"current_hp_per_floor":[81,81,81,81,81,44,44,44,44,55,48,40,40,43,43,0,0],"gold":274,"neow_bonus":"TEN_PERCENT_HP_BONUS","is_daily":false,"chose_seed":false,"campfire_upgraded":2,"win_rate":0.0,"timestamp":1610932027,"path_taken":["M","?","?","?","M","E","R","?","T","E","M","E","?","M","R","BOSS"],"items_purchased_type":[],"build_version":"2020-12-18","purchased_purges":0,"victory":false,"max_hp_per_floor":[82,82,82,82,82,82,82,82,82,82,82,82,82,87,87,87,87],"relic_stats":{"Darkstone Periapt":0,"counters":[10,59],"obtain_stats":[{"Darkstone Periapt":10,"HollowMod:LifeEnderRelic":9,"hierophant:PropheticMaskRelic":0,"hierophant:DonationBoxRelic":12,"White Beast Statue":6},{"Darkstone Periapt":6,"HollowMod:LifeEnderRelic":5,"hierophant:PropheticMaskRelic":0,"hierophant:DonationBoxRelic":8,"White Beast Statue":4},{"Darkstone Periapt":39,"HollowMod:LifeEnderRelic":32,"hierophant:PropheticMaskRelic":0,"hierophant:DonationBoxRelic":49,"White Beast Statue":28}]},"card_choices":[{"not_picked":["hierophant:FieryStrike","hierophant:DisplayOfPower"],"picked":"hierophant:PristineSoul","floor":1},{"not_picked":["hierophant:Upheaval","hierophant:Purify","hierophant:CursedGold"],"picked":"SKIP","floor":3},{"not_picked":["hierophant:Alms","hierophant:MorningPrayer"],"picked":"hierophant:HolyVerse","floor":5},{"not_picked":["hierophant:AuricForm","hierophant:Glossolalia"],"picked":"hierophant:RustyCrate","floor":6},{"not_picked":["hierophant:AuricShield","hierophant:Purify","hierophant:HammerAndAnvil"],"picked":"SKIP","floor":8},{"not_picked":["hierophant:Chorus","hierophant:Upheaval","hierophant:AuricBeam"],"picked":"SKIP","floor":10},{"not_picked":["hierophant:LocustPlague","hierophant:Chorus"],"picked":"hierophant:Racketeering","floor":11},{"not_picked":["hierophant:WrathOfGod","hierophant:Embezzle"],"picked":"hierophant:CoinFling","floor":12},{"not_picked":["hierophant:AuricBeam","hierophant:Shelter"],"picked":"hierophant:HolyVerse","floor":14}],"player_experience":206874,"relics_obtained":[{"floor":6,"key":"White Beast Statue"},{"floor":9,"key":"HollowMod:LifeEnderRelic"},{"floor":10,"key":"Darkstone Periapt"},{"floor":12,"key":"hierophant:DonationBoxRelic"}],"event_choices":[{"cards_removed":["hierophant:Strike_Hierophant"],"damage_healed":0,"gold_gain":0,"player_choice":"Offered Basic","damage_taken":0,"max_hp_gain":0,"max_hp_loss":0,"event_name":"Bonfire Elementals","floor":2,"gold_loss":0},{"damage_healed":0,"gold_gain":0,"player_choice":"Upgraded","damage_taken":0,"max_hp_gain":0,"max_hp_loss":0,"event_name":"Upgrade Shrine","floor":4,"gold_loss":0,"cards_upgraded":["hierophant:PristineSoul"]},{"damage_healed":0,"gold_gain":0,"player_choice":"Ignored","damage_taken":260,"max_hp_gain":0,"max_hp_loss":0,"event_name":"betterThird:BetterSerpent","floor":13,"gold_loss":0}],"is_beta":true,"boss_relics":[],"items_purged_floors":[],"is_endless":false,"potions_floor_spawned":[5,8,10,11,12,14],"killed_by":"Slime Boss","ascension_level":0}}