{"host":"1i8zkjbir2oea10k","time":1610967122,"event":{"mods":["Act Like it!","Aspiration","BaseMod","Challenge The Spire","ChefMod","Colored Map","Conspire","Dota2Spire","Ekko","Elementarium","Energized Spire","GifTheSpireLib","Googly Eyes","Halation","Hubris","Hyrulean Relics","Infinite Spire","JesterMod","Mari Mod (Legacy)","Mari\u0027s V1 Patch","Marisa????????","Minty Spire (QoL Compilation)","Pale of the Ancients","Replay The Spire","Shade Mod","Shop Mod","Small Relic Pack","Spikes Relics","StSLib","Stuff the Spire","The Alterego","The Animator","The Blue Laboratory","The Jungle","The Mystic","The Poker Player","The Servant 0.9.4","Trackpad","Waifu the Spire","Wandering Minibosses","WarShipGirlsR/????R mod","everything is the same but u backflip on backflip"],"gold_per_floor":[116,116,126,44,44,44,69,69,69,103,103,116,130,147,147,249,249,269,57,46,65,81,81,112,112,112,112,146,146,180,202,202,307,307,324,346,346,346,374,411,411,419,419],"floor_reached":42,"language":"ENG","playtime":2539,"items_purged":[],"score":621,"play_id":"81d57047-54a1-4d09-9561-89a51d3faf52","local_time":"20210118115202","is_ascension_mode":false,"campfire_choices":[{"data":"Shade:OpenGraves","floor":6,"key":"SMITH"},{"data":"Shade:AnimateDead","floor":8,"key":"SMITH"},{"data":"Shade:MadHubris","floor":23,"key":"SMITH"},{"data":"Shade:OminousRitual","floor":25,"key":"SMITH"},{"data":"Shade:UnbarTheGrave","floor":27,"key":"SMITH"},{"data":"ReplayTheSpireMod:Black Plague","floor":32,"key":"SMITH"}],"circlet_count":0,"master_deck":["Shade:Strike_Shade","Shade:Strike_Shade","Shade:Strike_Shade","Shade:Strike_Shade","Shade:Defend_Shade","Shade:Defend_Shade","Shade:Defend_Shade","Shade:AnimateDead+1","Shade:CarefulCut","Shade:OpenGraves+1","Shade:UnbarTheGrave+1","Shade:GraveStillness","Shade:CommandSoldier","Shade:GraveStillness","Shade:WallOfFlesh","Shade:Tombstone","Shade:MadHubris+1","Replay:Sluggish","hubris:Fate","Flash of Steel","Shade:Coordination","Shade:Carnophage","Shade:Carnophage","Shade:Brains","Shade:OminousRitual+1","Shade:LyeBath","infinitespire:FutureSight","ReplayTheSpireMod:Black Plague+1","Shade:FreshBones+1","Shade:FreshBones","Shade:UnbarTheGrave","Shade:ClawBack","Shade:Brains+1","hubris:Fate","Shade:GreyBargain+1","Shade:FleshOffering","infinitespire:FinalStrike"],"relics":["Shade:YorickSkull","NeowsBlessing","Bag of Preparation","Garlic","Dota2Spire:EyeOfSkadi","Oddly Smooth Stone","ReplayTheSpireMod:SealedPack","DollysMirror","Boot","Snack Pack","aspiration:TomeofQuesting","ChewingGum","Membership Card","Replay:Bandana","hubris:TerracottaHorce","hubris:EvacipatedBox","hubris:KleinBottle","Dota2Spire:BattleFury","PreservedInsect","halation:PapillonHeart","Replay:Rubber Ducky","trackpad:BottledShadow","CosmicIsotope"],"acts_visited":["Exordium","TheCity","TheBeyond"],"potions_floor_usage":[10,16,24],"damage_taken":[{"damage":0,"enemies":"2 Louse","floor":1,"turns":1},{"damage":0,"enemies":"Small Slimes","floor":3,"turns":1},{"damage":0,"enemies":"Replay:BlueRogue","floor":7,"turns":1},{"damage":4,"enemies":"Lagavulin","floor":10,"turns":9},{"damage":0,"enemies":"Cultist","floor":12,"turns":3},{"damage":0,"enemies":"Red Slaver","floor":13,"turns":3},{"damage":0,"enemies":"Gremlin Gang","floor":14,"turns":5},{"damage":2,"enemies":"Fading Forest","floor":16,"turns":11},{"damage":0,"enemies":"Chosen","floor":18,"turns":5},{"damage":33,"enemies":"2 Thieves","floor":20,"turns":4},{"damage":0,"enemies":"Centurion and Healer","floor":21,"turns":10},{"damage":0,"enemies":"conspire:HollyBat","floor":22,"turns":7},{"damage":0,"enemies":"Slavers","floor":24,"turns":3},{"damage":0,"enemies":"Replay:Snechameleon","floor":28,"turns":7},{"damage":0,"enemies":"Nightmare","floor":30,"turns":5},{"damage":0,"enemies":"Snecko","floor":31,"turns":5},{"damage":12,"enemies":"hubris:MusketHawk","floor":33,"turns":5},{"damage":0,"enemies":"Orb Walker","floor":35,"turns":2},{"damage":0,"enemies":"3 Darklings","floor":36,"turns":2},{"damage":0,"enemies":"4 Shapes","floor":39,"turns":3},{"damage":1,"enemies":"Nemesis","floor":40,"turns":3},{"damage":24,"enemies":"R_Hoarder","floor":42,"turns":2}],"seed_played":"-6333867205094506678","potions_obtained":[{"floor":1,"key":"GamblersBrew"},{"floor":10,"key":"Fire Potion"},{"floor":13,"key":"blueLaboratory:BottleOfRum"},{"floor":14,"key":"blueLaboratory:EnragingPotion"},{"floor":16,"key":"blueLaboratory:BottledHope"},{"floor":22,"key":"Adrenaline Potion"},{"floor":24,"key":"blueLaboratory:ArtificerPotion"},{"floor":30,"key":"blueLaboratory:RecallPotion"},{"floor":36,"key":"Energy Potion"}],"is_trial":false,"path_per_floor":["M","?","M","$","?","R","E","R","T","E","?","M","M","M","R_BF","B",null,"M","$","M","M","M","R","E","R","T","R","E","AVR","NM","M","R","B",null,"M","M","$","?","M","E","AVR","E"],"character_chosen":"SHADE","items_purchased":["Shade:OpenGraves","Shade:Carnophage","DollysMirror","hubris:EvacipatedBox","hubris:KleinBottle","Dota2Spire:BattleFury","PreservedInsect"],"campfire_rested":0,"item_purchase_floors":[4,19,19,37,37,37,37],"current_hp_per_floor":[65,65,65,65,65,65,65,65,70,66,66,66,66,66,66,64,70,70,70,37,52,52,52,52,52,52,52,52,52,52,67,67,57,67,67,70,6,6,8,22,22,0,0],"gold":419,"neow_bonus":"THREE_ENEMY_KILL","is_daily":false,"chose_seed":false,"campfire_upgraded":6,"win_rate":0.0,"timestamp":1610967122,"path_taken":["M","?","M","$","?","R","E","R","T","E","?","?","M","M","R_BF","BOSS","M","$","M","M","M","R","E","R","T","R","E","AVR","NM","M","R","BOSS","M","M","?","?","M","E","AVR","E"],"items_purchased_type":["Card","Card","Relic","Relic","Relic","Relic","Relic"],"build_version":"2020-12-22","purchased_purges":0,"victory":false,"max_hp_per_floor":[65,65,65,65,65,65,65,65,70,70,70,70,70,70,70,70,70,70,70,70,70,70,70,70,70,70,70,70,70,70,70,70,70,70,70,70,70,66,66,66,66,66,66],"card_choices":[{"not_picked":["Shade:TouchOfTheGrave","Shade:CoffinDance","Shade:FleshToFlesh"],"picked":"SKIP","floor":1},{"not_picked":["Shade:RavenousHorde","Shade:CoffinDance","Shade:SpectralStrikes"],"picked":"SKIP","floor":3},{"not_picked":["Shade:CallOfTheGrave","Shade:TouchOfTheGrave"],"picked":"Shade:UnbarTheGrave","floor":7},{"not_picked":["Shade:CallWraith","Shade:Bonestorm"],"picked":"Shade:GraveStillness","floor":10},{"not_picked":["Shade:FleshToFlesh","Shade:Trample"],"picked":"Shade:CommandSoldier","floor":12},{"not_picked":["Shade:Patience","Shade:SensePrey"],"picked":"Shade:GraveStillness","floor":13},{"not_picked":["Shade:FreshBones","Shade:Excise"],"picked":"Shade:WallOfFlesh","floor":14},{"not_picked":["Shade:Putrefaction","Shade:Consume"],"picked":"Shade:MadHubris","floor":16},{"not_picked":["ReplayTheSpireMod:Chaos Vortex","infinitespire:Oblivion"],"picked":"hubris:Fate","floor":17},{"not_picked":["Bandage Up","Replay:Sssssssssstrike"],"picked":"Flash of Steel","floor":17},{"not_picked":["Shade:SelfBurial","Shade:GreaterAnimation"],"picked":"Shade:Coordination","floor":17},{"not_picked":["Shade:WallOfFlesh","Shade:PressTheAttack","Shade:PoundOfFlesh+1"],"picked":"SKIP","floor":18},{"not_picked":["Shade:SpontaneousRitual","Shade:CloudOfShrapnel","Shade:Frenzy+1"],"picked":"SKIP","floor":20},{"not_picked":["Shade:Frenzy","Shade:SkeletonHug","Shade:DangerousRitual"],"picked":"SKIP","floor":21},{"not_picked":["Shade:WallOfFlesh+1","Shade:Trample"],"picked":"Shade:Brains","floor":22},{"not_picked":["Shade:FuneraryArmor+1","Shade:FeralStrike"],"picked":"Shade:OminousRitual","floor":24},{"not_picked":["Shade:RitualOffering","Shade:BoneShards"],"picked":"Shade:LyeBath","floor":28},{"not_picked":["Shade:RitualOffering","Shade:FingerOfDeath+1"],"picked":"Shade:FreshBones+1","floor":30},{"not_picked":["Shade:ScuttlingHand","Shade:Trample+1"],"picked":"Shade:FreshBones","floor":31},{"not_picked":["Shade:Putrefaction","Shade:Consume"],"picked":"Shade:UnbarTheGrave","floor":33},{"not_picked":["Shade:AncientSpear+1","Shade:FuneraryArmor"],"picked":"Shade:ClawBack","floor":35},{"not_picked":["Shade:FleshToFlesh","Shade:FeralStrike+1"],"picked":"Shade:Brains+1","floor":36},{"not_picked":["infinitespire:Starlight","hubris:InfiniteBlow"],"picked":"hubris:Fate","floor":37},{"not_picked":["Shade:FeralStrike","Shade:SkeletonHug+1"],"picked":"Shade:GreyBargain+1","floor":39},{"not_picked":["Shade:CoffinDance","Shade:FreshBones+1"],"picked":"Shade:FleshOffering","floor":40}],"player_experience":572884,"relics_obtained":[{"floor":7,"key":"Garlic"},{"floor":9,"key":"Dota2Spire:EyeOfSkadi"},{"floor":10,"key":"Oddly Smooth Stone"},{"floor":24,"key":"Boot"},{"floor":26,"key":"Snack Pack"},{"floor":28,"key":"aspiration:TomeofQuesting"},{"floor":30,"key":"Replay:Bandana"},{"floor":40,"key":"Replay:Rubber Ducky"}],"event_choices":[{"damage_healed":0,"gold_gain":0,"player_choice":"Ignored","damage_taken":0,"max_hp_gain":0,"max_hp_loss":0,"event_name":"Liars Game","floor":5,"gold_loss":0},{"cards_removed":["StuffTheSpire:CuriosityCurse"],"damage_healed":0,"gold_gain":0,"player_choice":"Removed Curses","damage_taken":0,"max_hp_gain":0,"max_hp_loss":0,"event_name":"Fountain of Cleansing","floor":11,"gold_loss":0}],"is_beta":false,"boss_relics":[{"not_picked":["aspiration:RitualDagger","Snecko Eye"],"picked":"ReplayTheSpireMod:SealedPack"},{"not_picked":["conspire:RoyalGoblet","Abe\u0027s Treasure"],"picked":"hubris:TerracottaHorce"}],"items_purged_floors":[],"is_endless":true,"potions_floor_spawned":[1,10,13,14,16,18,22,24,30,35,36],"killed_by":"R_Hoarder","ascension_level":0}}