{"host":"5dk97cf2ubw2v967","time":1610983188,"event":{"mods":["AlwaysNeverKeys","BaseMod","Better Altar","Better Vampires","Block Reminder","Colored Powertips","Downfall","Googly Eyes","Highlight Path","Minty Spire (QoL Compilation)","Permanent Neow","Potion Indicator Mod","Quick Restart","Relic Filter","Relic Stats","Say the Spire","Spicy Shops","StSLib","Waifu the Spire","everything is the same but u backflip on backflip"],"gold_per_floor":[99,115,25,43,57,57,57,87,98,83,112,112,12,29,39,138,138,138,158,171,156,156,188,188,201,301,301,28,57,57,332,350,447,447,347,359,371,383,403,731,731,631,643,233,260,280,280,135,154,154,154,180,1,1,1,1],"floor_reached":57,"language":"ENG","playtime":4981,"items_purged":["Guardian:Strike_Guardian","downfall:Haunted","Guardian:Strike_Guardian","Pride","Guardian:Strike_Guardian"],"score":1921,"play_id":"fcb6fa99-3b1f-4918-b88b-8ebe30966a51","local_time":"20210118151948","is_ascension_mode":true,"campfire_choices":[{"data":"Guardian:TwinSlam","floor":1.0,"key":"SMITH"},{"data":"Guardian:RollAttack","floor":13.0,"key":"SMITH"},{"floor":18.0,"key":"RECALL"},{"floor":30.0,"key":"REST"},{"data":"Regret","floor":35.0,"key":"PURGE"},{"data":"Guardian:Strike_Guardian","floor":42.0,"key":"PURGE"},{"floor":47.0,"key":"REST"},{"data":"Guardian:Gem_Fragmented","floor":54,"key":"PURGE"}],"circlet_count":0,"master_deck":["Guardian:Defend_Guardian+1","Guardian:Defend_Guardian","Guardian:Defend_Guardian","Guardian:Defend_Guardian+1","Guardian:CurlUp+1","Guardian:TwinSlam+1","Guardian:FierceBash+1","Guardian:DecasProtection+1","Guardian:RollAttack+1","Guardian:TemporalShield+1","Guardian:Gem_Yellow","Guardian:DonusPower+1","Guardian:TimeSifter","Guardian:DecasProtection+1","Guardian:Gem_Yellow","Guardian:TimeCapacitor","Guardian:StasisEngine","Guardian:Repulse","Guardian:StasisEngine","Guardian:ChargeUp+1","Guardian:Gem_Orange","Guardian:FuturePlans","Guardian:Repulse","Guardian:StasisEngine","Guardian:TimeCapacitor+1","Guardian:Orbwalk+1"],"relics":["Snecko Eye","Toxic Egg 2","Nunchaku","Bottled Lightning","downfall:HeartBlessingGreen","Guardian:StasisSlotReductionRelic","Torii","Calipers","Gambling Chip","Lizard Tail","The Courier","Enchiridion","Membership Card","Guardian:StasisUpgradeRelic","Akabeko","Peace Pipe","Singing Bowl","Unceasing Top","Sozu","downfall:HeartBlessingRed","Old Coin","downfall:HeartBlessingBlue","Mummified Hand","InkBottle","War Paint","Lantern","Incense Burner","Frozen Eye","TungstenRod","Whetstone"],"acts_visited":["Exordium","TheCity","TheBeyond","TheEnding"],"potions_floor_usage":[56,56,56],"damage_taken":[{"damage":1.0,"enemies":"Cultist","floor":2.0,"turns":3.0},{"damage":0.0,"enemies":"downfall:FleeingMerchant","floor":3.0,"turns":4.0},{"damage":4.0,"enemies":"Jaw Worm","floor":4.0,"turns":3.0},{"damage":2.0,"enemies":"2 Louse","floor":5.0,"turns":2.0},{"damage":15.0,"enemies":"Lagavulin","floor":8.0,"turns":5.0},{"damage":0.0,"enemies":"Exordium Thugs","floor":9.0,"turns":2.0},{"damage":9.0,"enemies":"downfall:FleeingMerchant","floor":10.0,"turns":4.0},{"damage":0.0,"enemies":"Gremlin Nob","floor":11.0,"turns":2.0},{"damage":0.0,"enemies":"Blue Slaver","floor":14.0,"turns":1.0},{"damage":0.0,"enemies":"Large Slime","floor":15.0,"turns":2.0},{"damage":5.0,"enemies":"WA_ARCHETYPE_RETAIN","floor":16.0,"turns":3.0},{"damage":0.0,"enemies":"Shell Parasite","floor":19.0,"turns":2.0},{"damage":0.0,"enemies":"Spheric Guardian","floor":20.0,"turns":1.0},{"damage":6.0,"enemies":"downfall:FleeingMerchant","floor":21.0,"turns":4.0},{"damage":27.0,"enemies":"Slavers","floor":23.0,"turns":4.0},{"damage":0.0,"enemies":"Cultist and Chosen","floor":25.0,"turns":5.0},{"damage":0.0,"enemies":"Colosseum Nobs","floor":26.0,"turns":2.0},{"damage":0.0,"enemies":"downfall:FleeingMerchant","floor":28.0,"turns":2.0},{"damage":0.0,"enemies":"Gremlin Leader","floor":29.0,"turns":4.0},{"damage":2.0,"enemies":"Centurion and Healer","floor":32.0,"turns":5.0},{"damage":1.0,"enemies":"DF_ARCHETYPE_CLAW","floor":33.0,"turns":5.0},{"damage":0.0,"enemies":"3 Darklings","floor":36.0,"turns":3.0},{"damage":0.0,"enemies":"Orb Walker","floor":37.0,"turns":3.0},{"damage":0.0,"enemies":"Spire Growth","floor":38.0,"turns":3.0},{"damage":22.0,"enemies":"Writhing Mass","floor":39.0,"turns":4.0},{"damage":9.0,"enemies":"Reptomancer","floor":40.0,"turns":4.0},{"damage":0.0,"enemies":"Transient","floor":43.0,"turns":5.0},{"damage":0.0,"enemies":"Giant Head","floor":45.0,"turns":4.0},{"damage":0.0,"enemies":"Maw","floor":46.0,"turns":3.0},{"damage":0.0,"enemies":"4 Shapes","floor":49.0,"turns":3.0},{"damage":0.0,"enemies":"SI_POISON_ARCHETYPE","floor":50.0,"turns":4.0},{"damage":0.0,"enemies":"downfall:CharBossMerchant","floor":52.0,"turns":4.0},{"damage":0,"enemies":"downfall:NeowBoss","floor":55,"turns":6},{"damage":18,"enemies":"downfall:NeowBossFinal","floor":56,"turns":6}],"seed_played":"3826019352355058459","potions_obtained":[{"floor":2.0,"key":"sneckomod:MuddlingPotion"},{"floor":5.0,"key":"Energy Potion"},{"floor":11.0,"key":"LiquidMemories"},{"floor":12.0,"key":"Guardian:AcceleratePotion"},{"floor":12.0,"key":"Swift Potion"},{"floor":23.0,"key":"LiquidBronze"},{"floor":25.0,"key":"SkillPotion"},{"floor":26.0,"key":"Dexterity Potion"},{"floor":29.0,"key":"ColorlessPotion"},{"floor":33.0,"key":"ColorlessPotion"}],"is_trial":false,"path_per_floor":["R","M","$","M","M","?","T","E","M","$","E","?","R","M","M","B",null,"R","M","M","$","?","E","T","M","?","?","$","E","R","?","M","B",null,"R","M","M","M","M","E","T","R","M","$","E","M","R","$","M","B",null,"E","$","R","B","B",null],"character_chosen":"GUARDIAN","items_purchased":["Membership Card","Guardian:StasisUpgradeRelic","Guardian:StasisEngine","Guardian:Repulse","Akabeko","Peace Pipe","Singing Bowl","Mummified Hand","InkBottle","War Paint","Guardian:FuturePlans","Guardian:Repulse","Incense Burner","TungstenRod","Whetstone"],"campfire_rested":2,"item_purchase_floors":[28,28,28,28,28,28,28,44,44,44,44,44,48,53,53],"current_hp_per_floor":[72,71,71,67,65,65,65,50,50,41,41,41,41,41,41,36,69,69,69,69,63,63,36,36,36,36,20,20,22,46,46,46,45,74,74,76,78,80,58,51,51,61,61,61,61,61,91,91,93,93,101,101,101,101,101,83],"gold":1,"neow_bonus":"BOSS_RELIC","is_daily":false,"chose_seed":false,"campfire_upgraded":2,"win_rate":0.0,"timestamp":1610983188,"path_taken":["R","M","$","?","M","?","T","E","?","?","E","?","R","M","M","BOSS","R","M","M","$","?","E","T","M","?","?","$","E","R","?","M","BOSS","R","M","M","M","M","E","T","R","M","?","E","M","R","$","M","BOSS","E","$","R","BOSS","BOSS"],"items_purchased_type":["Relic","Relic","Card","Card","Relic","Relic","Relic","Relic","Relic","Relic","Card","Card","Relic","Relic","Relic"],"build_version":"2020-12-22","purchased_purges":5,"victory":true,"max_hp_per_floor":[80,80,80,80,80,80,80,80,80,80,80,80,80,80,80,80,80,80,80,80,80,80,80,80,80,80,80,80,82,82,82,84,84,84,84,86,88,90,90,92,92,102,102,102,102,102,102,102,104,104,104,104,104,104,104,104],"relic_stats":{"Torii":4,"Singing Bowl":14,"counters":[34,117],"Whetstone":[],"War Paint":["Guardian:CurlUp","Guardian:Defend_Guardian"],"Peace Pipe":3,"Sozu":4,"Nunchaku":[33],"Lizard Tail":0,"Mummified Hand":[125],"Gambling Chip":[48],"Snecko Eye":[283,282,270,270],"obtain_stats":[{"Guardian:StasisSlotReductionRelic":17,"Lantern":45,"Calipers":23,"Torii":22,"Singing Bowl":28,"Enchiridion":27,"downfall:HeartBlessingGreen":13,"Incense Burner":48,"Whetstone":53,"Old Coin":40,"Sozu":34,"Frozen Eye":52,"Nunchaku":8,"Lizard Tail":26,"downfall:HeartBlessingBlue":42,"Mummified Hand":44,"Gambling Chip":24,"Toxic Egg 2":7,"InkBottle":44,"downfall:HeartBlessingRed":35,"Guardian:ModeShifter":0,"The Courier":26,"War Paint":44,"Akabeko":28,"Peace Pipe":28,"Guardian:StasisUpgradeRelic":28,"Snecko Eye":0,"Bottled Lightning":11,"Membership Card":28,"Unceasing Top":29,"TungstenRod":53},{"Guardian:StasisSlotReductionRelic":11,"Lantern":28,"Calipers":15,"Torii":14,"Singing Bowl":18,"Enchiridion":17,"downfall:HeartBlessingGreen":8,"Incense Burner":29,"Whetstone":32,"Old Coin":26,"Sozu":21,"Frozen Eye":32,"Nunchaku":5,"Lizard Tail":17,"downfall:HeartBlessingBlue":26,"Mummified Hand":27,"Gambling Chip":15,"Toxic Egg 2":4,"InkBottle":27,"downfall:HeartBlessingRed":21,"Guardian:ModeShifter":0,"The Courier":17,"War Paint":27,"Akabeko":18,"Peace Pipe":18,"Guardian:StasisUpgradeRelic":18,"Snecko Eye":0,"Bottled Lightning":8,"Membership Card":18,"Unceasing Top":19,"TungstenRod":32},{"Guardian:StasisSlotReductionRelic":31,"Lantern":91,"Calipers":42,"Torii":38,"Singing Bowl":51,"Enchiridion":49,"downfall:HeartBlessingGreen":25,"Incense Burner":94,"Whetstone":105,"Old Coin":82,"Sozu":65,"Frozen Eye":105,"Nunchaku":17,"Lizard Tail":49,"downfall:HeartBlessingBlue":82,"Mummified Hand":87,"Gambling Chip":42,"Toxic Egg 2":12,"InkBottle":87,"downfall:HeartBlessingRed":65,"Guardian:ModeShifter":0,"The Courier":49,"War Paint":87,"Akabeko":51,"Peace Pipe":51,"Guardian:StasisUpgradeRelic":51,"Snecko Eye":0,"Bottled Lightning":25,"Membership Card":51,"Unceasing Top":55,"TungstenRod":105}],"Unceasing Top":[25],"InkBottle":[40],"TungstenRod":2},"card_choices":[{"not_picked":["Guardian:Incinerate","Guardian:RollAttack"],"picked":"Guardian:Gem_Yellow","floor":2.0},{"not_picked":["Guardian:BronzeOrb","Guardian:Harden"],"picked":"Guardian:FierceBash","floor":3.0},{"not_picked":["Guardian:PrismaticBarrier","Guardian:Reroute","Guardian:SentryBeam"],"picked":"SKIP","floor":4.0},{"not_picked":["Guardian:BodySlam","Guardian:EvasiveProtocol"],"picked":"Guardian:Gem_Cyan","floor":5.0},{"not_picked":["Guardian:BodySlam","Guardian:Emergency+1","Guardian:VentSteam+1"],"picked":"SKIP","floor":8.0},{"not_picked":["Guardian:WalkerClaw","Guardian:BodySlam"],"picked":"Guardian:DecasProtection+1","floor":9.0},{"not_picked":["Guardian:BodySlam","Guardian:Recover+1"],"picked":"Guardian:RollAttack","floor":10.0},{"not_picked":["Guardian:EvasiveProtocol","Guardian:TemporalShield+1"],"picked":"Guardian:Gem_Orange","floor":11.0},{"not_picked":["Guardian:PiercingHide+1","Guardian:RollAttack"],"picked":"Guardian:Gem_Fragmented","floor":14.0},{"not_picked":["Guardian:Gem_Green","Guardian:Gem_White"],"picked":"Guardian:TemporalShield+1","floor":15.0},{"not_picked":["Guardian:FierceBash","Guardian:StasisField+1"],"picked":"Guardian:Gem_Orange","floor":16.0},{"not_picked":["Guardian:Planning+1","Guardian:CrystalBeam+1","Guardian:TimeBomb+1"],"picked":"SKIP","floor":19.0},{"not_picked":["Guardian:Harden+1","Guardian:Gem_Blue"],"picked":"Guardian:Gem_Yellow","floor":20.0},{"not_picked":["Guardian:Gem_Cyan","Guardian:BodySlam+1"],"picked":"Guardian:DonusPower+1","floor":21.0},{"not_picked":["Guardian:BronzeOrb","Guardian:Gem_Red"],"picked":"Guardian:TimeSifter","floor":23.0},{"not_picked":["Guardian:PrimingBeam","Guardian:ArmoredProtocol"],"picked":"Guardian:DecasProtection+1","floor":25.0},{"not_picked":["Guardian:EvasiveProtocol","Guardian:ShieldSpikes+1"],"picked":"Guardian:Gem_Yellow","floor":26.0},{"not_picked":["Guardian:WalkerClaw+1","Guardian:BodySlam"],"picked":"Guardian:TimeCapacitor","floor":28.0},{"not_picked":["Guardian:Emergency+1","Guardian:Gem_Crimson","Guardian:Reroute"],"picked":"Singing Bowl","floor":29.0},{"not_picked":["Guardian:Emergency+1","Guardian:TemporalStrike","Guardian:WalkerClaw+1"],"picked":"Singing Bowl","floor":32.0},{"not_picked":["Guardian:BaubleBeam","Guardian:SphericShield+1"],"picked":"Guardian:StasisEngine","floor":33.0},{"not_picked":["Guardian:Planning+1","Guardian:BodySlam+1","Guardian:Gem_Lightblue"],"picked":"Singing Bowl","floor":36.0},{"not_picked":["Guardian:ArmoredProtocol+1","Guardian:Planning+1","Guardian:BodySlam+1"],"picked":"Singing Bowl","floor":37.0},{"not_picked":["Guardian:Gem_Green","Guardian:Planning+1","Guardian:ShieldSpikes+1"],"picked":"Singing Bowl","floor":38.0},{"not_picked":["Guardian:RefractedBeam","Guardian:BronzeArmor+1"],"picked":"Guardian:ChargeUp+1","floor":39.0},{"not_picked":["Guardian:BronzeOrb+1","Guardian:Reroute+1","Guardian:BodySlam"],"picked":"Singing Bowl","floor":40.0},{"not_picked":["Guardian:TemporalShield+1","Guardian:Gem_Yellow"],"picked":"Guardian:Gem_Orange","floor":43.0},{"not_picked":["Guardian:TemporalShield+1","Guardian:Gem_Yellow"],"picked":"Guardian:StasisEngine","floor":45.0},{"not_picked":["Guardian:Gem_Blue","Guardian:Gem_Cyan"],"picked":"Guardian:TimeCapacitor+1","floor":46.0},{"not_picked":["Guardian:Gem_Blue","Guardian:Clone+1","Guardian:Gem_Red"],"picked":"Singing Bowl","floor":49.0},{"not_picked":["Guardian:VentSteam+1","Guardian:ArmoredProtocol+1"],"picked":"Guardian:Orbwalk+1","floor":52.0}],"player_experience":1216317,"relics_obtained":[{"floor":7.0,"key":"Toxic Egg 2"},{"floor":8.0,"key":"Nunchaku"},{"floor":11.0,"key":"Bottled Lightning"},{"floor":23.0,"key":"Calipers"},{"floor":24.0,"key":"Gambling Chip"},{"floor":26.0,"key":"Lizard Tail"},{"floor":26.0,"key":"The Courier"},{"floor":27.0,"key":"Enchiridion"},{"floor":29.0,"key":"Unceasing Top"},{"floor":40.0,"key":"Old Coin"},{"floor":45.0,"key":"Lantern"},{"floor":52.0,"key":"Frozen Eye"}],"event_choices":[{"damage_healed":0.0,"max_hp_gain":0.0,"max_hp_loss":0.0,"gold_gain":0.0,"event_name":"Lab","player_choice":"Got Potions","floor":12.0,"gold_loss":0.0,"damage_taken":0.0},{"damage_healed":0.0,"max_hp_gain":0.0,"max_hp_loss":0.0,"gold_gain":0.0,"event_name":"Addict","player_choice":"Stole Relic","floor":22.0,"gold_loss":0.0,"damage_taken":0.0,"relics_obtained":["Torii"],"cards_obtained":["Pride"]}],"is_beta":false,"boss_relics":[{"not_picked":["Coffee Dripper","Cursed Key"],"picked":"Guardian:StasisSlotReductionRelic"},{"not_picked":["Astrolabe","Black Star"],"picked":"Sozu"}],"items_purged_floors":[3,28,28,44,48],"is_endless":false,"potions_floor_spawned":[2,5,11,16,23,25,26,29,32,33,37,45,49,52],"ascension_level":7}}