{"host":"f5mjulaw5aqlqmd7","time":1610950135,"event":{"mods":["Act Like it!","BaseMod","Colored Map","GifTheSpireLib","Hallownest","Minty Spire (QoL Compilation)","StSLib"],"gold_per_floor":[118,118,118,128,128,128,162,162,162,162,178,21,48,64,64,168,168,185,219,219,234,244,244,275,295,295,322,338,338,338],"floor_reached":29,"language":"ENG","playtime":1627,"items_purged":["Regret"],"score":323,"play_id":"28e8bb2e-f1e7-4df7-b649-9bece5675fc1","local_time":"20210118010855","is_ascension_mode":false,"campfire_choices":[{"floor":6,"key":"REST"},{"floor":8,"key":"REST"},{"data":"Deadly Poison","floor":10,"key":"SMITH"},{"data":"Catalyst","floor":15,"key":"SMITH"},{"floor":23,"key":"REST"}],"circlet_count":0,"master_deck":["Strike_G","Strike_G","Strike_G","Strike_G","Strike_G","Defend_G","Defend_G","Defend_G","Defend_G","Defend_G","Survivor","Neutralize","Deadly Poison+1","Dash","Bane","Catalyst+1","Backstab","Blade Dance","Catalyst","Slice","Envenom","Crippling Poison+1","Blade Dance","Deadly Poison+1","Crippling Poison","Blade Dance+1","Blade Dance+1","PiercingWail","Deflect"],"relics":["Ring of the Snake","NeowsBlessing","Bag of Marbles","Strawberry","Boot","HornCleat","Darkstone Periapt","Fusion Hammer","Red Mask","Juzu Bracelet","Torii","Gambling Chip"],"acts_visited":["Exordium","TheCity"],"potions_floor_usage":[],"damage_taken":[{"damage":0,"enemies":"Small Slimes","floor":1,"turns":1},{"damage":0,"enemies":"Jaw Worm","floor":4,"turns":1},{"damage":0,"enemies":"Lagavulin","floor":7,"turns":1},{"damage":0,"enemies":"Cultist","floor":11,"turns":3},{"damage":12,"enemies":"3 Sentries","floor":13,"turns":7},{"damage":0,"enemies":"2 Fungi Beasts","floor":14,"turns":2},{"damage":23,"enemies":"The Guardian","floor":16,"turns":6},{"damage":21,"enemies":"Spheric Guardian","floor":18,"turns":5},{"damage":13,"enemies":"Masked Bandits","floor":19,"turns":4},{"damage":0,"enemies":"Chosen","floor":21,"turns":3},{"damage":12,"enemies":"Shelled Parasite and Fungi","floor":22,"turns":3},{"damage":30,"enemies":"Gremlin Leader","floor":24,"turns":6},{"damage":5,"enemies":"Snake Plant","floor":25,"turns":3},{"damage":2,"enemies":"Book of Stabbing","floor":27,"turns":4},{"damage":7,"enemies":"Centurion and Healer","floor":28,"turns":3},{"damage":10,"enemies":"Slavers","floor":29,"turns":1}],"seed_played":"-3496716099459145774","potions_obtained":[{"floor":4,"key":"SpeedPotion"},{"floor":7,"key":"Fire Potion"},{"floor":11,"key":"EntropicBrew"}],"is_trial":false,"path_per_floor":["M","?","?","M","?","R","E","R","T","R","M","$","E","M","R","B",null,"M","?","?","M","M","R","E","M","T","E","M","E"],"character_chosen":"THE_SILENT","items_purchased":["Backstab","Blade Dance"],"campfire_rested":3,"item_purchase_floors":[12,12],"current_hp_per_floor":[70,70,70,70,35,58,58,77,77,77,77,77,65,65,65,42,77,56,43,43,43,31,54,24,19,19,17,10,0,0],"gold":338,"neow_bonus":"THREE_ENEMY_KILL","is_daily":false,"chose_seed":false,"campfire_upgraded":2,"win_rate":0.0,"timestamp":1610950135,"path_taken":["M","?","?","?","?","R","E","R","T","R","M","$","E","M","R","BOSS","M","?","?","M","M","R","E","M","T","E","M","E"],"items_purchased_type":["Card","Card"],"build_version":"2020-12-22","purchased_purges":1,"victory":false,"max_hp_per_floor":[70,70,70,70,77,77,77,77,77,77,77,77,77,77,77,77,77,77,77,77,77,77,77,77,77,77,77,77,77,77],"card_choices":[{"not_picked":["Dodge and Roll","Flying Knee"],"picked":"Deadly Poison","floor":1},{"not_picked":["Expertise","Sucker Punch"],"picked":"Dash","floor":4},{"not_picked":["Dagger Throw","Well Laid Plans"],"picked":"Bane","floor":7},{"not_picked":["Outmaneuver","Endless Agony"],"picked":"Catalyst","floor":11},{"not_picked":["Outmaneuver","Quick Slash"],"picked":"Catalyst","floor":13},{"not_picked":["Riddle With Holes","Quick Slash"],"picked":"Slice","floor":14},{"not_picked":["Phantasmal Killer","Bullet Time"],"picked":"Envenom","floor":16},{"not_picked":["Underhanded Strike+1","All Out Attack"],"picked":"Crippling Poison+1","floor":18},{"not_picked":["Dagger Throw","Dodge and Roll"],"picked":"Blade Dance","floor":19},{"not_picked":["Well Laid Plans","Quick Slash+1"],"picked":"Deadly Poison+1","floor":21},{"not_picked":["Flying Knee","Sucker Punch+1"],"picked":"Crippling Poison","floor":22},{"not_picked":["Dagger Throw","Deadly Poison"],"picked":"Blade Dance+1","floor":24},{"not_picked":["Deadly Poison","Deflect"],"picked":"Blade Dance+1","floor":25},{"not_picked":["Underhanded Strike","Quick Slash"],"picked":"PiercingWail","floor":27},{"not_picked":["Wraith Form v2","Dagger Spray"],"picked":"Deflect","floor":28}],"player_experience":15729,"relics_obtained":[{"floor":7,"key":"Boot"},{"floor":9,"key":"HornCleat"},{"floor":13,"key":"Darkstone Periapt"},{"floor":19,"key":"Red Mask"},{"floor":24,"key":"Juzu Bracelet"},{"floor":26,"key":"Torii"},{"floor":27,"key":"Gambling Chip"}],"event_choices":[{"damage_healed":0,"gold_gain":0,"player_choice":"Box","damage_taken":0,"relics_obtained":["Bag of Marbles"],"max_hp_gain":0,"max_hp_loss":0,"event_name":"Big Fish","floor":2,"gold_loss":0,"cards_obtained":["Regret"]},{"damage_healed":0,"gold_gain":0,"player_choice":"Bought 0 Potions","damage_taken":0,"max_hp_gain":0,"max_hp_loss":0,"event_name":"The Woman in Blue","floor":3,"gold_loss":0},{"damage_healed":0,"gold_gain":0,"player_choice":"Success","damage_taken":42,"relics_obtained":["Strawberry"],"max_hp_gain":0,"max_hp_loss":0,"event_name":"Scrap Ooze","floor":5,"gold_loss":0},{"damage_healed":0,"gold_gain":0,"player_choice":"Fought Bandits","damage_taken":0,"max_hp_gain":0,"max_hp_loss":0,"event_name":"Masked Bandits","floor":19,"gold_loss":0},{"damage_healed":0,"gold_gain":0,"player_choice":"Ignored","damage_taken":0,"max_hp_gain":0,"max_hp_loss":0,"event_name":"Ghosts","floor":20,"gold_loss":0}],"is_beta":false,"boss_relics":[{"not_picked":["Philosopher\u0027s Stone","Ring of the Serpent"],"picked":"Fusion Hammer"}],"items_purged_floors":[12],"is_endless":false,"potions_floor_spawned":[4,7,11,16,21,24,25,28],"killed_by":"Slavers","ascension_level":0}}