{"host":"d7fiu2yjkssjxoz6","time":1610930671,"event":{"mods":["AchievementEnabler","BaseMod","Duelist Mod","GifTheSpireLib","Minty Spire (QoL Compilation)","StSLib"],"gold_per_floor":[136,22,22,32,32,32,21,46,93,93,79,154,144,144],"floor_reached":13,"language":"ENG","playtime":1286,"items_purged":["Pain"],"score":148,"play_id":"d8ddcdc5-e76a-4f0b-b168-1d0c0ab13bb1","local_time":"20210117164431","is_ascension_mode":true,"campfire_choices":[{"data":"theDuelist:WonderGarage","floor":6,"key":"SMITH"},{"floor":10,"key":"REST"}],"circlet_count":0,"master_deck":["theDuelist:CursedBill","theDuelist:Deskbot004","theDuelist:Deskbot005","theDuelist:CoreBlaster","theDuelist:AncientGearGadjiltron","theDuelist:Sparks","theDuelist:GreenGadget","theDuelist:PotDuality","theDuelist:Biofalcon","theDuelist:CastleWalls","theDuelist:CastleWalls","theDuelist:CyberRaider","theDuelist:Deskbot005","theDuelist:Sparks","theDuelist:Deskbot004","theDuelist:AncientGearFist","theDuelist:WonderGarage+1"],"relics":["theDuelist:MillenniumPuzzle","theDuelist:CardPoolRelic","theDuelist:CardPoolBasicRelic","theDuelist:BoosterPackPoolRelic","theDuelist:CardPoolAddRelic","theDuelist:CardPoolMinusRelic","theDuelist:CardPoolSaveRelic","theDuelist:CardPoolOptionsRelic","theDuelist:MillenniumArmor","Self Forming Clay","PreservedInsect"],"acts_visited":["Exordium"],"potions_floor_usage":[],"damage_taken":[{"damage":20.0,"enemies":"Jaw Worm","floor":1.0,"turns":4.0},{"damage":0,"enemies":"Cultist","floor":4,"turns":5},{"damage":0,"enemies":"2 Louse","floor":5,"turns":4},{"damage":2,"enemies":"2 Fungi Beasts","floor":7,"turns":3},{"damage":49,"enemies":"3 Sentries","floor":8,"turns":13},{"damage":8,"enemies":"Large Slime","floor":11,"turns":8},{"damage":29,"enemies":"Gremlin Nob","floor":13,"turns":4}],"seed_played":"-6140571869863362682","potions_obtained":[{"floor":1,"key":"theDuelist:BottledKuriboh"},{"floor":8,"key":"PowerPotion"},{"floor":11,"key":"theDuelist:IcePotion"}],"is_trial":false,"path_per_floor":["M","$","?","M","M","R","M","E","T","R","M","?","E"],"character_chosen":"THE_DUELIST","items_purchased":["theDuelist:WonderGarage"],"campfire_rested":1,"item_purchase_floors":[2],"current_hp_per_floor":[68,68,68,68,68,68,66,17,17,45,37,26,0,0],"gold":144,"neow_bonus":"TWENTY_PERCENT_HP_BONUS","is_daily":false,"chose_seed":false,"campfire_upgraded":1,"win_rate":0.0,"timestamp":1610930671,"path_taken":["M","$","?","M","M","R","M","E","T","R","?","?","E"],"items_purchased_type":["Card"],"build_version":"2020-12-22","purchased_purges":1,"victory":false,"max_hp_per_floor":[96,96,96,96,96,96,96,96,96,96,96,96,96,96],"card_choices":[{"not_picked":["theDuelist:ScrapIronScarecrow","theDuelist:ParallelPortArmor","theDuelist:Deskbot005","theDuelist:CyberneticOverflow"],"picked":"theDuelist:PotDuality","floor":1},{"not_picked":["theDuelist:BlastJuggler","theDuelist:Deskbot001","theDuelist:FrontlineObserver","theDuelist:PsychicShockwave"],"picked":"theDuelist:AncientGearGadjiltron","floor":4},{"not_picked":["theDuelist:DarkFactory","theDuelist:MachineFactory","theDuelist:RevolvingSwitchyard","theDuelist:CardsFromTheSky"],"picked":"theDuelist:AncientGearFist","floor":5},{"not_picked":["theDuelist:LightningVortex","theDuelist:ForbiddenChalice","theDuelist:Linkuriboh","theDuelist:RedMedicine","theDuelist:DarkCreator"],"picked":"SKIP","floor":7},{"not_picked":["theDuelist:DoubleTool","theDuelist:Factory100Machines","theDuelist:StimPack","theDuelist:BreakDraw"],"picked":"theDuelist:CoreBlaster","floor":8},{"not_picked":["theDuelist:CannonSoldier","theDuelist:Tuningware","theDuelist:Factory100Machines","theDuelist:Submarineroid"],"picked":"theDuelist:CyberRaider","floor":11}],"player_experience":233522,"relics_obtained":[{"floor":8,"key":"Self Forming Clay"},{"floor":9,"key":"PreservedInsect"}],"event_choices":[{"damage_healed":0,"gold_gain":0,"player_choice":"Took item - Received: Millennium Armor","duelist":true,"damage_taken":0,"max_hp_gain":0,"max_hp_loss":0,"event_name":"Millennium Items","floor":3,"gold_loss":0},{"damage_healed":0,"gold_gain":75,"player_choice":"Gather Gold","damage_taken":11,"max_hp_gain":0,"max_hp_loss":0,"event_name":"World of Goop","floor":12,"gold_loss":0}],"is_beta":false,"boss_relics":[],"items_purged_floors":[2],"is_endless":false,"potions_floor_spawned":[1,8,11],"killed_by":"Gremlin Nob","ascension_level":9}}