{"host":"yii5it3292r9xs7s","time":1610943281,"event":{"mods":["100% Spire Juice","ATMod(阿瑾Mod)","Act Like it!","BaseMod","Colored Powertips","Energized Spire","Minty Spire (QoL Compilation)","Pale of the Ancients","RumiaBox-露米娅的神秘盒子","StSLib","The Saiyan","The Servant 0.9.4","Waifu the Spire","noobMod","vexMod","【功能Mod】混沌之环修复补丁","【遗物卡牌】REMEMod","篝火指南"],"gold_per_floor":[118,65,83,95,114,147,49,49,49,49,65,65,93,108,108,212,212,223,236,249,279,279,306,306,322,372,405,405,405,419,431,431,533,533,486,486,500,519,519,519,550,565,636,636,636,667,607,625,625,625,640,654,678,747,747,759,759,69,69,-30],"floor_reached":61,"language":"ZHS","playtime":3294,"items_purged":["Strike_G","RitualDagger+1"],"score":1565,"play_id":"6962f142-bd1e-4979-bcfe-471d78244eb6","local_time":"20210118121441","is_ascension_mode":true,"campfire_choices":[{"data":"AT_ArcaneSupremacy","floor":8.0,"key":"SMITH"},{"floor":12.0,"key":"REST"},{"floor":15.0,"key":"RECALL"},{"data":"Adrenaline","floor":24.0,"key":"SMITH"},{"data":"RitualDagger","floor":29.0,"key":"SMITH"},{"floor":32.0,"key":"REST"},{"floor":40,"key":"REST"},{"data":"REME_ShadowForm","floor":44,"key":"SMITH"},{"data":"REME_ShadowStrike","floor":49,"key":"SMITH"},{"floor":55,"key":"REST"},{"floor":57,"key":"REST"}],"circlet_count":0,"master_deck":["Strike_G+1","Strike_G+1","Strike_G+1","Defend_G+1","Defend_G+1","Defend_G+1","Defend_G+1","Defend_G+1","Neutralize+1","Genetic Algorithm+1","AT_WindRun+1","AT_ArcaneSupremacy+1","AT_ArcaneSupremacy+1","AT_Desolate+1","Neutralize+1","Outmaneuver+1","Corpse Explosion+1","Prepared+1","Dagger Throw+1","Adrenaline+1","AT_WindFlip+1","AT_Desolate+1","Infinite Blades+1","Acrobatics+1","Bane+1","Poisoned Stab+1","AT_KneejerkReflex+1","Riddle With Holes+1","Deadly Poison+1","Doppelganger+1","REME_ShadowForm+1","After Image+1","Catalyst+1","REME_SpectralBlade+1","Sucker Punch+1","AT_WindFlip+1","Acrobatics+1","Deadly Poison","REME_ShadowStrike+1","Dagger Spray+1","Bane+1","Catalyst","Backflip","Envenom","REME_ShadowForm"],"relics":["Ring of the Snake","AT_ATBox","ice","REME_ComplimentaryCards","AddBug","SecretRecord","SecretRecord","SecretRecord","SecretRecord","Baka2","SecretRecord","SecretRecord"],"acts_visited":["Exordium","TheCity","TheBeyond","TheBeyond"],"potions_floor_usage":[37,41,51,52,60,60,60,60],"damage_taken":[{"damage":0.0,"enemies":"Small Slimes","floor":1.0,"turns":4.0},{"damage":12.0,"enemies":"Cultist","floor":3.0,"turns":6.0},{"damage":30.0,"enemies":"2 Louse","floor":4.0,"turns":5.0},{"damage":13.0,"enemies":"Blue Slaver","floor":5.0,"turns":5.0},{"damage":0.0,"enemies":"Lagavulin","floor":6.0,"turns":4.0},{"damage":7.0,"enemies":"3 Louse","floor":11.0,"turns":4.0},{"damage":11.0,"enemies":"3 Sentries","floor":13.0,"turns":3.0},{"damage":6.0,"enemies":"Large Slime","floor":14.0,"turns":7.0},{"damage":8.0,"enemies":"The Guardian","floor":16.0,"turns":7.0},{"damage":0.0,"enemies":"Shell Parasite","floor":18.0,"turns":2.0},{"damage":0.0,"enemies":"Chosen","floor":19.0,"turns":1.0},{"damage":0.0,"enemies":"Snecko","floor":20.0,"turns":2.0},{"damage":3.0,"enemies":"Masked Bandits","floor":21.0,"turns":1.0},{"damage":0.0,"enemies":"Slavers","floor":23.0,"turns":2.0},{"damage":14.0,"enemies":"Sentry and Sphere","floor":25.0,"turns":4.0},{"damage":5.0,"enemies":"Book of Stabbing","floor":27.0,"turns":3.0},{"damage":0.0,"enemies":"3 Cultists","floor":30.0,"turns":2.0},{"damage":30.0,"enemies":"Snake Plant","floor":31.0,"turns":4.0},{"damage":36.0,"enemies":"Champ","floor":33.0,"turns":5.0},{"damage":9.0,"enemies":"3 Shapes","floor":35.0,"turns":5.0},{"damage":37,"enemies":"3 Darklings","floor":37,"turns":4},{"damage":30,"enemies":"Maw","floor":38,"turns":5},{"damage":100,"enemies":"Reptomancer","floor":41,"turns":7},{"damage":0,"enemies":"Transient","floor":42,"turns":3},{"damage":0,"enemies":"Giant Head","floor":46,"turns":2},{"damage":0,"enemies":"3 Darklings","floor":48,"turns":2},{"damage":39,"enemies":"Time Eater","floor":50,"turns":3},{"damage":0,"enemies":"Time Eater","floor":51,"turns":3},{"damage":19,"enemies":"Time Eater","floor":52,"turns":2},{"damage":104,"enemies":"Time Eater","floor":56,"turns":5},{"damage":9,"enemies":"paleoftheancients:N","floor":60,"turns":4}],"seed_played":"7702114744222177786","potions_obtained":[{"floor":1.0,"key":"EntropicBrew"},{"floor":3.0,"key":"Poison Potion"},{"floor":5.0,"key":"LiquidBronze"},{"floor":6.0,"key":"GamblersBrew"},{"floor":19.0,"key":"GhostInAJar"},{"floor":25.0,"key":"Poison Potion"},{"floor":38,"key":"Strength Potion"},{"floor":42,"key":"DuplicationPotion"},{"floor":52,"key":"Poison Potion"}],"is_trial":false,"path_per_floor":["M","?","M","M","M","E","$","R","T","?","M","R","E","M","R","B",null,"M","M","M","?","?","E","R","M","T","E","?","R","M","M","R","B",null,"M","?","M","M","?","R","E","M","T","R","?","E","?","M","R","B","M","M","T","T","R","M","R","$","?","B",null],"character_chosen":"THE_SILENT","items_purchased":["Prepared","DollysMirror","AT_TheCollector","AT_SunfireAegis"],"campfire_rested":5,"item_purchase_floors":[7,58,58,58],"current_hp_per_floor":[70,70,58,37,24,29,29,29,29,13,6,29,19,15,15,7,80,80,80,80,77,62,62,62,48,48,43,37,37,37,7,32,17,85,76,76,39,9,9,34,93,93,93,93,93,93,93,97,97,111,111,92,92,92,114,10,53,53,53,49],"gold":-30,"neow_bonus":"UPGRADE_CARD","is_daily":false,"chose_seed":false,"campfire_upgraded":5,"win_rate":0.0,"timestamp":1610943281,"path_taken":["M","?","M","M","?","E","?","R","T","?","M","R","E","M","R","BOSS","M","M","M","?","?","E","R","M","T","E","?","R","M","M","R","BOSS","M","?","M","?","?","R","E","?","T","R","?","E","?","M","R","BOSS","M","M","?","T","R","M","R","$","?","BOSS"],"items_purchased_type":["Card","Relic","Relic","Relic"],"build_version":"2020-12-22","purchased_purges":2,"victory":true,"max_hp_per_floor":[70,70,70,70,70,78,78,78,78,78,78,78,78,80,80,80,80,80,80,80,80,85,85,85,85,85,85,85,85,85,85,85,85,85,85,85,85,85,85,85,93,94,94,94,94,95,95,97,97,111,112,114,114,114,114,144,144,144,144,147],"card_choices":[{"not_picked":["Deflect","Slice"],"picked":"AT_ArcaneSupremacy","floor":1.0},{"not_picked":["Dagger Spray","A Thousand Cuts"],"picked":"AT_ArcaneSupremacy","floor":3.0},{"not_picked":["Underhanded Strike","Calculated Gamble"],"picked":"AT_Desolate","floor":4.0},{"not_picked":["Dagger Spray","PiercingWail"],"picked":"Outmaneuver","floor":5.0},{"not_picked":["Infinite Blades","Dagger Spray"],"picked":"Corpse Explosion","floor":6.0},{"not_picked":["Flechettes","Prepared"],"picked":"Dagger Throw","floor":11.0},{"not_picked":["REME_GrazeFinale","Deflect"],"picked":"Adrenaline","floor":13.0},{"not_picked":["Slice","PiercingWail"],"picked":"AT_WindFlip","floor":14.0},{"not_picked":["REME_CopyPotion","Tools of the Trade"],"picked":"Burst","floor":16.0},{"not_picked":["Blade Dance","Heel Hook","Dagger Spray"],"picked":"SKIP","floor":18.0},{"not_picked":["Tactician","Deflect+1"],"picked":"AT_Desolate","floor":19.0},{"not_picked":["Well Laid Plans","Sucker Punch"],"picked":"Infinite Blades","floor":20.0},{"not_picked":["Underhanded Strike+1","AT_WindRun"],"picked":"Acrobatics","floor":21.0},{"not_picked":["Phantasmal Killer","Quick Slash+1"],"picked":"Bane","floor":23.0},{"not_picked":["Acrobatics","Dodge and Roll"],"picked":"Poisoned Stab+1","floor":25.0},{"not_picked":["AT_TinkerSharpsword+1","Eviscerate"],"picked":"AT_KneejerkReflex","floor":27.0},{"not_picked":["Quick Slash","Underhanded Strike+1"],"picked":"Riddle With Holes","floor":30.0},{"not_picked":["Backflip","Reflex"],"picked":"Deadly Poison+1","floor":31.0},{"not_picked":["Venomology","Glass Knife"],"picked":"Doppelganger","floor":33.0},{"not_picked":["Dodge and Roll+1","Underhanded Strike+1","Quick Slash"],"picked":"SKIP","floor":35.0},{"not_picked":["Blade Dance+1","Expertise"],"picked":"After Image","floor":37},{"not_picked":["PiercingWail+1","Masterful Stab"],"picked":"Catalyst+1","floor":38},{"not_picked":["Underhanded Strike+1","PiercingWail+1"],"picked":"AT_WindFlip+1","floor":41},{"not_picked":["Outmaneuver","Expertise+1"],"picked":"Acrobatics+1","floor":42},{"not_picked":["Blade Dance","Predator+1"],"picked":"Deadly Poison","floor":46},{"not_picked":["Underhanded Strike","Unload"],"picked":"REME_ShadowStrike","floor":48},{"not_picked":["Acrobatics","Prepared+1"],"picked":"Dagger Spray+1","floor":51},{"not_picked":["Slice","Terror"],"picked":"Bane+1","floor":52},{"not_picked":["Calculated Gamble","Outmaneuver+1"],"picked":"Catalyst","floor":56},{"not_picked":["AT_WindFlip","Sucker Punch"],"picked":"Backflip","floor":56},{"not_picked":["Outmaneuver+1","Poisoned Stab+1"],"picked":"Envenom","floor":56},{"not_picked":["Heel Hook+1","PiercingWail"],"picked":"REME_ShadowForm","floor":56}],"player_experience":26140,"relics_obtained":[{"floor":1.0,"key":"AddBug"},{"floor":1.0,"key":"Baka"},{"floor":3.0,"key":"Tough Bandages"},{"floor":4.0,"key":"SecretRecord"},{"floor":6.0,"key":"CaptainsWheel"},{"floor":13.0,"key":"SecretRecord"},{"floor":13.0,"key":"Molten Egg 2"},{"floor":14.0,"key":"Strawberry"},{"floor":21.0,"key":"Red Mask"},{"floor":21.0,"key":"SecretRecord"},{"floor":23.0,"key":"REME_LimitBreaker"},{"floor":26.0,"key":"AT_ChloranthyRing"},{"floor":27.0,"key":"HornCleat"},{"floor":27.0,"key":"Baka2"},{"floor":33.0,"key":"SecretRecord"},{"floor":41,"key":"Vajra"},{"floor":43,"key":"GodSword7"},{"floor":46,"key":"SecretRecord"},{"floor":46,"key":"REME_HandOfSuture"},{"floor":51,"key":"paleoftheancients:SoulOfTheWokeBloke"},{"floor":52,"key":"paleoftheancients:SoulOfTheWatcher"},{"floor":53,"key":"Bronze Scales"},{"floor":54,"key":"GodSword1"},{"floor":56,"key":"paleoftheancients:SoulOfTheShrineMaiden"}],"event_choices":[{"damage_healed":0.0,"max_hp_gain":0.0,"max_hp_loss":0.0,"gold_gain":0.0,"event_name":"WeMeetAgain","player_choice":"Paid Gold","floor":2.0,"gold_loss":53.0,"damage_taken":0.0,"relics_obtained":["Mercury Hourglass"]},{"damage_healed":0.0,"max_hp_gain":0.0,"max_hp_loss":0.0,"gold_gain":0.0,"event_name":"Shining Light","player_choice":"Entered Light","floor":10.0,"gold_loss":0.0,"damage_taken":16.0,"cards_upgraded":["Defend_G","AT_ArcaneSupremacy"]},{"damage_healed":0.0,"max_hp_gain":0.0,"max_hp_loss":0.0,"gold_gain":0.0,"event_name":"Masked Bandits","player_choice":"Fought Bandits","floor":21.0,"gold_loss":0.0,"damage_taken":0.0},{"damage_healed":0.0,"max_hp_gain":5.0,"max_hp_loss":0.0,"gold_gain":0.0,"event_name":"Forgotten Altar","player_choice":"Shed Blood","floor":22.0,"gold_loss":0.0,"damage_taken":20.0},{"damage_healed":0.0,"max_hp_gain":0.0,"max_hp_loss":0.0,"gold_gain":0.0,"event_name":"Nest","player_choice":"Joined the Cult","floor":28.0,"gold_loss":0.0,"damage_taken":6.0,"cards_obtained":["RitualDagger"]},{"damage_healed":0,"gold_gain":0,"cards_transformed":["Survivor"],"player_choice":"Transformed","damage_taken":0,"max_hp_gain":0,"max_hp_loss":0,"event_name":"Transmorgrifier","floor":36,"gold_loss":0,"cards_obtained":["REME_ShadowForm"]},{"damage_healed":0,"gold_gain":0,"player_choice":"2 cards matched","damage_taken":0,"max_hp_gain":0,"max_hp_loss":0,"event_name":"Match and Keep!","floor":39,"gold_loss":0,"cards_obtained":["REME_SpectralBlade","Sucker Punch"]},{"damage_healed":0,"gold_gain":0,"player_choice":"Upgrade","damage_taken":0,"relics_obtained":["Mark of the Bloom"],"max_hp_gain":0,"max_hp_loss":0,"event_name":"MindBloom","floor":45,"gold_loss":0,"cards_upgraded":["Strike_G","Strike_G","Strike_G","Strike_G","Defend_G","Defend_G","Defend_G","Defend_G","Neutralize","AT_WindRun","AT_Desolate","Neutralize","Outmaneuver","Corpse Explosion","Prepared","Dagger Throw","AT_WindFlip","AT_Desolate","Infinite Blades","Acrobatics","Bane","AT_KneejerkReflex","Riddle With Holes","Doppelganger","After Image","REME_SpectralBlade","Sucker Punch"]},{"cards_removed":["Strike_G"],"damage_healed":0,"gold_gain":0,"player_choice":"Single Remove","damage_taken":0,"max_hp_gain":0,"max_hp_loss":0,"event_name":"Designer","floor":47,"gold_loss":60}],"is_beta":false,"boss_relics":[{"not_picked":["REME_ChargedStone","vexMod:MegatonBomb"],"picked":"vexMod:RockOfEvil"},{"not_picked":["vexMod:TanglingVine","Tiny House"],"picked":"energizedSpire:SpiderWeb"}],"items_purged_floors":[7,58],"is_endless":false,"potions_floor_spawned":[1,3,5,6,19,20,23,25,30,35,38,41,42,52,56],"ascension_level":1}}