{"host":"d9m9v0h6vo0edadb","time":1610976683,"event":{"mods":["BaseMod","Hermit","Keyboard Shortcuts","Minty Spire (QoL Compilation)","StSLib","SuperFastMode","The Cursed"],"gold_per_floor":[117,129,129,154,167,167,186,200,200,220,220,220,251,251,251,346,346,360,375,300,315,335,335,350,388,388,424,161,161,161,86,86,179,179,195,195,213,229,247,278,153,191,191,210,210,246,259,280,280,280,280,280,280,49,83,83,83],"floor_reached":56,"language":"KOR","playtime":1287,"items_purged":["Strike_G","Strike_G","Strike_G","Doubt"],"score":2162,"play_id":"579ce8e0-f192-44ac-9ddd-f5bb63c2f504","local_time":"20210118223123","is_ascension_mode":true,"campfire_choices":[{"data":"Bullet Time","floor":6.0,"key":"SMITH"},{"data":"Accuracy","floor":11.0,"key":"SMITH"},{"data":"Blade Dance","floor":15.0,"key":"SMITH"},{"floor":23.0,"key":"REST"},{"data":"Malaise","floor":29.0,"key":"SMITH"},{"data":"Blade Dance","floor":32.0,"key":"SMITH"},{"floor":45.0,"key":"RECALL"},{"floor":49.0,"key":"REST"},{"data":"Neutralize","floor":53.0,"key":"SMITH"}],"circlet_count":0,"master_deck":["AscendersBane","Defend_G","Defend_G","Defend_G","Defend_G","Defend_G","Survivor","Neutralize+1","Bullet Time+1","Backflip","Blade Dance+1","Malaise+1","Accuracy+1","Blade Dance+1","Cloak And Dagger+1","Blade Dance+1","Prepared+1","Terror+1","Cloak And Dagger+1","Acrobatics+1","Accuracy+1","Escape Plan+1","Acrobatics+1","Reflex+1"],"relics":["Ring of the Serpent","Akabeko","Pear","Golden Idol","Toxic Egg 2","InkBottle","Cursed Key","Nunchaku","Centennial Puzzle","DollysMirror","CaptainsWheel","Pantograph","Ice Cream","Mummified Hand","White Beast Statue"],"acts_visited":["Exordium","TheCity","TheBeyond","TheEnding"],"potions_floor_usage":[56,56],"damage_taken":[{"damage":0.0,"enemies":"Jaw Worm","floor":1.0,"turns":4.0},{"damage":4.0,"enemies":"Cultist","floor":2.0,"turns":4.0},{"damage":0.0,"enemies":"Small Slimes","floor":5.0,"turns":2.0},{"damage":0.0,"enemies":"Blue Slaver","floor":7.0,"turns":3.0},{"damage":0.0,"enemies":"Red Slaver","floor":8.0,"turns":3.0},{"damage":0.0,"enemies":"Looter","floor":10.0,"turns":3.0},{"damage":0.0,"enemies":"Gremlin Nob","floor":13.0,"turns":2.0},{"damage":9.0,"enemies":"The Guardian","floor":16.0,"turns":14.0},{"damage":6.0,"enemies":"3 Byrds","floor":18.0,"turns":5.0},{"damage":9.0,"enemies":"2 Thieves","floor":19.0,"turns":4.0},{"damage":8.0,"enemies":"Shelled Parasite and Fungi","floor":21.0,"turns":5.0},{"damage":11.0,"enemies":"Snake Plant","floor":22.0,"turns":3.0},{"damage":0.0,"enemies":"Centurion and Healer","floor":24.0,"turns":3.0},{"damage":0.0,"enemies":"Book of Stabbing","floor":25.0,"turns":2.0},{"damage":6.0,"enemies":"Slavers","floor":27.0,"turns":3.0},{"damage":9.0,"enemies":"Automaton","floor":33.0,"turns":5.0},{"damage":4.0,"enemies":"3 Shapes","floor":35.0,"turns":2.0},{"damage":7.0,"enemies":"3 Darklings","floor":37.0,"turns":2.0},{"damage":19.0,"enemies":"4 Shapes","floor":38.0,"turns":2.0},{"damage":0.0,"enemies":"Jaw Worm Horde","floor":39.0,"turns":3.0},{"damage":0.0,"enemies":"Giant Head","floor":40.0,"turns":3.0},{"damage":0.0,"enemies":"Nemesis","floor":42.0,"turns":5.0},{"damage":0.0,"enemies":"3 Darklings","floor":44.0,"turns":2.0},{"damage":3.0,"enemies":"Reptomancer","floor":46.0,"turns":5.0},{"damage":0.0,"enemies":"Writhing Mass","floor":47.0,"turns":4.0},{"damage":16.0,"enemies":"Sphere and 2 Shapes","floor":48.0,"turns":2.0},{"damage":9.0,"enemies":"Donu and Deca","floor":50.0,"turns":5.0},{"damage":33.0,"enemies":"Time Eater","floor":51.0,"turns":8.0},{"damage":3,"enemies":"Shield and Spear","floor":55,"turns":4},{"damage":76,"enemies":"The Heart","floor":56,"turns":5}],"seed_played":"895100207933628726","potions_obtained":[{"floor":2.0,"key":"Fire Potion"},{"floor":8.0,"key":"FearPotion"},{"floor":13.0,"key":"Explosive Potion"},{"floor":18.0,"key":"CunningPotion"},{"floor":24.0,"key":"Fruit Juice"},{"floor":27.0,"key":"EntropicBrew"},{"floor":35.0,"key":"Dexterity Potion"},{"floor":39.0,"key":"SkillPotion"},{"floor":46.0,"key":"DistilledChaos"}],"is_trial":false,"path_per_floor":["M","M","?","T","M","R","M","M","T","M","R","?","E","?","R","B",null,"M","M","$","M","M","R","M","E","T","E","$","R","?","?","R","B",null,"M","?","M","M","M","E","$","E","T","M","R","E","M","M","R","B","B",null,"R","$","E","B"],"character_chosen":"THE_SILENT","items_purchased":["DollysMirror","LiquidMemories"],"campfire_rested":2,"item_purchase_floors":[28,54],"current_hp_per_floor":[59,55,60,60,60,60,60,60,70,70,70,70,70,70,70,61,70,64,55,55,47,36,57,57,57,57,51,51,51,51,51,51,47,70,66,66,59,40,40,40,40,40,40,40,40,37,37,21,44,60,45,70,70,70,67,2,2],"gold":83,"neow_bonus":"ONE_RANDOM_RARE_CARD","is_daily":false,"chose_seed":false,"campfire_upgraded":6,"win_rate":0.0,"timestamp":1610976683,"path_taken":["M","M","?","?","M","R","M","M","T","?","R","?","E","?","R","BOSS","M","M","$","M","M","R","M","E","T","E","$","R","?","?","R","BOSS","M","?","M","M","M","E","$","E","T","M","R","E","M","M","R","BOSS","BOSS","R","$","E","BOSS"],"items_purchased_type":["Relic","Potion"],"build_version":"2020-12-22","purchased_purges":4,"victory":false,"max_hp_per_floor":[66,66,71,71,71,71,71,71,81,81,81,73,73,73,73,73,73,73,73,73,73,73,73,73,73,73,73,73,73,73,73,73,78,78,78,78,78,78,78,78,78,78,78,78,78,78,78,78,78,78,78,78,78,78,78,78,78],"card_choices":[{"not_picked":["PiercingWail","Poisoned Stab"],"picked":"Backflip","floor":1.0},{"not_picked":["Quick Slash","PiercingWail"],"picked":"Blade Dance","floor":2.0},{"not_picked":["PiercingWail","Endless Agony"],"picked":"Malaise","floor":5.0},{"not_picked":["Cloak And Dagger","Deflect"],"picked":"Accuracy","floor":7.0},{"not_picked":["Prepared","Dash"],"picked":"Blade Dance","floor":8.0},{"not_picked":["Dodge and Roll","Dagger Throw","Quick Slash"],"picked":"SKIP","floor":10.0},{"not_picked":["Quick Slash","Bane","Expertise+1"],"picked":"SKIP","floor":13.0},{"not_picked":["Malaise+1","Bullet Time+1"],"picked":"A Thousand Cuts","floor":16.0},{"not_picked":["Poisoned Stab","Deadly Poison+1"],"picked":"Cloak And Dagger+1","floor":18.0},{"not_picked":["Flying Knee","Dagger Spray"],"picked":"Blade Dance+1","floor":19.0},{"not_picked":["Well Laid Plans","Endless Agony"],"picked":"Prepared+1","floor":21.0},{"not_picked":["All Out Attack","Prepared+1"],"picked":"Terror+1","floor":22.0},{"not_picked":["Masterful Stab","Dagger Spray"],"picked":"Cloak And Dagger+1","floor":24.0},{"not_picked":["Sucker Punch","Poisoned Stab"],"picked":"Acrobatics+1","floor":25.0},{"not_picked":["Backstab+1","Catalyst+1","Dagger Throw"],"picked":"SKIP","floor":27.0},{"not_picked":["Endless Agony","Underhanded Strike","Concentrate+1"],"picked":"SKIP","floor":35.0},{"not_picked":["Slice","Blade Dance+1","Sucker Punch"],"picked":"SKIP","floor":37.0},{"not_picked":["Concentrate+1","Unload","Acrobatics+1"],"picked":"SKIP","floor":38.0},{"not_picked":["Noxious Fumes","Underhanded Strike","Dash"],"picked":"SKIP","floor":39.0},{"not_picked":["All Out Attack","Endless Agony","Calculated Gamble+1"],"picked":"SKIP","floor":40.0},{"not_picked":["Skewer","Underhanded Strike","Bane+1"],"picked":"SKIP","floor":42.0},{"not_picked":["Concentrate+1","Backflip+1"],"picked":"Escape Plan+1","floor":44.0},{"not_picked":["Masterful Stab","Acrobatics+1","Storm of Steel+1"],"picked":"SKIP","floor":46.0},{"not_picked":["Masterful Stab","Storm of Steel+1"],"picked":"Acrobatics+1","floor":46.0},{"not_picked":["Dodge and Roll+1","PiercingWail+1"],"picked":"Reflex+1","floor":47.0},{"not_picked":["Flying Knee","PiercingWail+1","Backflip+1"],"picked":"SKIP","floor":48.0},{"not_picked":["Setup+1","Flying Knee","Leg Sweep+1"],"picked":"SKIP","floor":55}],"player_experience":976707,"relics_obtained":[{"floor":4.0,"key":"Akabeko"},{"floor":9.0,"key":"Pear"},{"floor":13.0,"key":"Toxic Egg 2"},{"floor":14.0,"key":"InkBottle"},{"floor":25.0,"key":"Nunchaku"},{"floor":27.0,"key":"Centennial Puzzle"},{"floor":40.0,"key":"Pantograph"},{"floor":42.0,"key":"Ice Cream"},{"floor":46.0,"key":"Mummified Hand"},{"floor":55,"key":"White Beast Statue"}],"event_choices":[{"damage_healed":0.0,"max_hp_gain":5.0,"max_hp_loss":0.0,"gold_gain":0.0,"event_name":"Big Fish","player_choice":"Donut","floor":3.0,"gold_loss":0.0,"damage_taken":0.0},{"damage_healed":0.0,"max_hp_gain":0.0,"max_hp_loss":8.0,"gold_gain":0.0,"event_name":"Golden Idol","player_choice":"Lose Max HP","floor":12.0,"gold_loss":0.0,"damage_taken":0.0,"relics_obtained":["Golden Idol"]},{"damage_healed":0.0,"max_hp_gain":0.0,"max_hp_loss":0.0,"gold_gain":0.0,"event_name":"Wheel of Change","player_choice":"Relic","floor":14.0,"gold_loss":0.0,"damage_taken":0.0},{"cards_removed":["Strike_G"],"damage_healed":0.0,"max_hp_gain":0.0,"max_hp_loss":0.0,"gold_gain":0.0,"event_name":"Back to Basics","player_choice":"Elegance","floor":30.0,"gold_loss":0.0,"damage_taken":0.0},{"cards_removed":["Strike_G"],"damage_healed":0.0,"max_hp_gain":0.0,"max_hp_loss":0.0,"gold_gain":0.0,"event_name":"Beggar","player_choice":"Gave Gold","floor":31.0,"gold_loss":75.0,"damage_taken":0.0},{"damage_healed":0.0,"max_hp_gain":0.0,"max_hp_loss":0.0,"gold_gain":0.0,"event_name":"WeMeetAgain","player_choice":"Gave Potion","floor":36.0,"gold_loss":0.0,"damage_taken":0.0,"relics_obtained":["CaptainsWheel"]}],"is_beta":false,"boss_relics":[{"not_picked":["Busted Crown","HoveringKite"],"picked":"Cursed Key"},{"not_picked":["SacredBark","Runic Pyramid"],"picked":"Ring of the Serpent"}],"items_purged_floors":[20,28,41,54],"is_endless":false,"potions_floor_spawned":[2,8,13,16,18,24,27,35,39,40,46,48],"killed_by":"The Heart","ascension_level":20}}