{"host":"f9ntswufr8mq3t4y","time":1610970750,"event":{"mods":["AchievementEnabler","BaseMod","Best Route Mod","Block Reminder","Colored Map","Colored Powertips","DeckTracker","Highlight Path","Minty Spire (QoL Compilation)","Permanent Neow","Quick Restart"],"gold_per_floor":[361,234,250,260,277,277,305,72,72,99,99,99,116,116,116],"floor_reached":14,"language":"ENG","playtime":724,"items_purged":["Injury"],"score":120,"play_id":"3156c5ce-7897-4703-8a47-5a1171aa1d25","local_time":"20210118145230","is_ascension_mode":true,"campfire_choices":[{"data":"Eruption","floor":6.0,"key":"SMITH"},{"floor":12,"key":"REST"}],"circlet_count":0,"master_deck":["Strike_P","Strike_P","Strike_P","Strike_P","Defend_P","Defend_P","Defend_P","Defend_P","Eruption+1","Vigilance","WaveOfTheHand","Adaptation","Vengeance","ClearTheMind","Vault","Halt"],"relics":["PureWater","Nunchaku","Membership Card","Tiny Chest","Yang","Calipers"],"acts_visited":["Exordium"],"potions_floor_usage":[7,10,14],"damage_taken":[{"damage":4.0,"enemies":"2 Louse","floor":1.0,"turns":3.0},{"damage":0.0,"enemies":"Cultist","floor":3.0,"turns":2.0},{"damage":0.0,"enemies":"Jaw Worm","floor":4.0,"turns":6.0},{"damage":0.0,"enemies":"Exordium Wildlife","floor":5.0,"turns":3.0},{"damage":26,"enemies":"Lagavulin","floor":7,"turns":6},{"damage":40,"enemies":"3 Sentries","floor":10,"turns":5},{"damage":22,"enemies":"Lots of Slimes","floor":13,"turns":7},{"damage":26,"enemies":"Gremlin Nob","floor":14,"turns":4}],"seed_played":"9018412625868205195","potions_obtained":[{"floor":1.0,"key":"BottledMiracle"},{"floor":5.0,"key":"BlessingOfTheForge"},{"floor":10,"key":"EssenceOfSteel"}],"is_trial":false,"path_per_floor":["M","$","M","M","M","R","E","$","T","E","?","R","M","E"],"character_chosen":"WATCHER","items_purchased":["PowerPotion","Membership Card","Tiny Chest"],"campfire_rested":1,"item_purchase_floors":[2,8,8],"current_hp_per_floor":[68,68,68,68,68,68,42,42,42,2,26,47,25,0,0],"gold":116,"neow_bonus":"TWO_FIFTY_GOLD","is_daily":false,"chose_seed":false,"campfire_upgraded":1,"win_rate":0.0,"timestamp":1610970750,"path_taken":["M","$","M","M","M","R","E","$","T","E","?","R","M","E"],"items_purchased_type":["Potion","Relic","Relic"],"build_version":"2020-12-22","purchased_purges":1,"victory":false,"max_hp_per_floor":[72,72,72,72,72,72,72,72,72,72,72,72,72,72,72],"card_choices":[{"not_picked":["FlurryOfBlows","WheelKick"],"picked":"WaveOfTheHand","floor":1.0},{"not_picked":["Consecrate","ThirdEye"],"picked":"Adaptation","floor":3.0},{"not_picked":["BattleHymn","ClearTheMind"],"picked":"Vengeance","floor":4.0},{"not_picked":["Crescendo","EmptyFist"],"picked":"ClearTheMind","floor":5.0},{"not_picked":["JustLucky","CrushJoints"],"picked":"Vault","floor":7},{"not_picked":["Fasting2","EmptyBody"],"picked":"Halt","floor":10},{"not_picked":["BowlingBash","Consecrate","Protect"],"picked":"SKIP","floor":13}],"player_experience":346026,"relics_obtained":[{"floor":7,"key":"Nunchaku"},{"floor":9,"key":"Yang"},{"floor":10,"key":"Calipers"}],"event_choices":[{"damage_healed":24,"gold_gain":0,"player_choice":"Banana","damage_taken":0,"max_hp_gain":0,"max_hp_loss":0,"event_name":"Big Fish","floor":11,"gold_loss":0}],"is_beta":false,"boss_relics":[],"items_purged_floors":[2],"is_endless":false,"potions_floor_spawned":[1,5,10],"killed_by":"Gremlin Nob","ascension_level":4}}