{"host":"nz3b9aqbmxhcwgr9","time":1610944311,"event":{"mods":["BaseMod","Minty Spire (QoL Compilation)","Quick Restart","Relic Stats","StSLib","Waifu the Spire"],"gold_per_floor":[111,111,129,48,61,90,90,103,103,132,132,132,151,170,170,170,170],"floor_reached":16,"language":"ENG","playtime":873,"items_purged":[],"score":224,"play_id":"7162dcbd-7f5b-4bec-ac7f-80e085ee1976","local_time":"20210117223151","is_ascension_mode":true,"campfire_choices":[{"data":"Sweeping Beam","floor":7,"key":"SMITH"},{"floor":15,"key":"REST"}],"circlet_count":0,"master_deck":["AscendersBane","Strike_B","Strike_B","Strike_B","Defend_B","Defend_B","Defend_B","Defend_B","Zap","Dualcast","Beam Cell","Gash","Self Repair","Ball Lightning","Coolheaded","Leap","Sweeping Beam+1","Capacitor","BootSequence","Chill"],"relics":["Cracked Core","Strawberry","Potion Belt","Boot","Blue Candle","Golden Idol","GremlinMask"],"acts_visited":["Exordium"],"potions_floor_usage":[10,10,14,16,16,16],"damage_taken":[{"damage":4,"enemies":"Jaw Worm","floor":1,"turns":3},{"damage":1,"enemies":"Cultist","floor":3,"turns":3},{"damage":17,"enemies":"2 Louse","floor":5,"turns":3},{"damage":42,"enemies":"3 Sentries","floor":6,"turns":6},{"damage":6,"enemies":"Looter","floor":8,"turns":2},{"damage":12,"enemies":"Lagavulin","floor":10,"turns":8},{"damage":19,"enemies":"Lots of Slimes","floor":13,"turns":3},{"damage":0,"enemies":"2 Fungi Beasts","floor":14,"turns":3},{"damage":41,"enemies":"The Guardian","floor":16,"turns":11}],"seed_played":"-3353528415600414502","potions_obtained":[{"floor":3,"key":"Dexterity Potion"},{"floor":6,"key":"SpeedPotion"},{"floor":8,"key":"Regen Potion"},{"floor":13,"key":"EntropicBrew"}],"is_trial":false,"path_per_floor":["M","?","M","$","M","E","R","M","T","E","?","?","M","M","R","B"],"character_chosen":"DEFECT","items_purchased":["Ball Lightning","Coolheaded"],"campfire_rested":1,"item_purchase_floors":[4,4],"current_hp_per_floor":[67,67,66,66,56,21,21,15,15,25,25,25,13,20,41,0,0],"gold":170,"neow_bonus":"RANDOM_COMMON_RELIC","is_daily":false,"chose_seed":false,"campfire_upgraded":1,"win_rate":0.0,"timestamp":1610944311,"path_taken":["M","?","M","$","M","E","R","?","T","E","?","?","?","M","R","BOSS"],"items_purchased_type":["Card","Card"],"build_version":"2020-12-22","purchased_purges":0,"victory":false,"max_hp_per_floor":[78,78,78,78,78,78,78,78,78,78,71,71,71,71,71,71,71],"relic_stats":{"counters":[9,42],"Golden Idol":8,"Blue Candle":[0],"Boot":[25],"obtain_stats":[{"Potion Belt":6,"Golden Idol":11,"Strawberry":0,"Blue Candle":10,"GremlinMask":12,"Cracked Core":0,"Boot":9},{"Potion Belt":4,"Golden Idol":6,"Strawberry":0,"Blue Candle":6,"GremlinMask":6,"Cracked Core":0,"Boot":5},{"Potion Belt":15,"Golden Idol":25,"Strawberry":0,"Blue Candle":25,"GremlinMask":25,"Cracked Core":0,"Boot":17}]},"card_choices":[{"not_picked":["Sunder","Reprogram"],"picked":"Beam Cell","floor":1},{"not_picked":["Redo","Sweeping Beam"],"picked":"Self Repair","floor":3},{"not_picked":["Steam Power","Heatsinks"],"picked":"Leap","floor":5},{"not_picked":["Leap","Genetic Algorithm"],"picked":"Sweeping Beam","floor":6},{"not_picked":["Rip and Tear","Skim"],"picked":"Capacitor","floor":8},{"not_picked":["Hyperbeam","Turbo"],"picked":"BootSequence","floor":10},{"not_picked":["Streamline","Hologram"],"picked":"Chill","floor":13},{"not_picked":["Sweeping Beam","Turbo","Hello World"],"picked":"SKIP","floor":14}],"player_experience":826844,"relics_obtained":[{"floor":6,"key":"Potion Belt"},{"floor":9,"key":"Boot"},{"floor":10,"key":"Blue Candle"}],"event_choices":[{"damage_healed":0,"gold_gain":0,"cards_transformed":["Strike_B"],"player_choice":"Transformed","damage_taken":0,"max_hp_gain":0,"max_hp_loss":0,"event_name":"Transmorgrifier","floor":2,"gold_loss":0,"cards_obtained":["Gash"]},{"damage_healed":0,"gold_gain":0,"player_choice":"Lose Max HP","damage_taken":0,"relics_obtained":["Golden Idol"],"max_hp_gain":0,"max_hp_loss":7,"event_name":"Golden Idol","floor":11,"gold_loss":0},{"damage_healed":0,"gold_gain":0,"player_choice":"Trade","damage_taken":0,"relics_obtained":["GremlinMask"],"max_hp_gain":0,"max_hp_loss":0,"event_name":"FaceTrader","floor":12,"gold_loss":0}],"is_beta":false,"boss_relics":[],"items_purged_floors":[],"is_endless":false,"potions_floor_spawned":[3,6,8,13],"killed_by":"The Guardian","ascension_level":20}}