{"host":"9hmnsypyq1c5u7i3","time":1610997923,"event":{"mods":["BaseMod","Bestiary","Hermit","Marisa????????","Minty Spire (QoL Compilation)","Quick Restart","Relic Stats","StSLib","The Cursed","The Hierophant"],"gold_per_floor":[113,1,1,1,12,46,46,81,81,81,81,106,106,118,118,194,194,208,208,123,123,123,158,158,199,199,215,115,115,139,163,163,237,282,297,317,369,189,213,249,249,271,271,271,308,34,59,83,83,83,83,83,83,37,77,77],"floor_reached":57,"language":"ENG","playtime":14516,"items_purged":["Strike_P","Defend_P","Fasting2","InnerPeace"],"score":2738,"play_id":"a56c7c02-25a8-4d1b-9a3c-2cee15107677","local_time":"20210118132523","is_ascension_mode":true,"campfire_choices":[{"data":"BattleHymn","floor":7.0,"key":"SMITH"},{"floor":10.0,"key":"REST"},{"data":"Eruption","floor":13.0,"key":"SMITH"},{"data":"Adaptation","floor":15.0,"key":"SMITH"},{"data":"Vault","floor":24.0,"key":"SMITH"},{"data":"Wireheading","floor":29.0,"key":"SMITH"},{"data":"DeceiveReality","floor":32.0,"key":"SMITH"},{"data":"TalkToTheHand","floor":41.0,"key":"SMITH"},{"data":"Scrawl","floor":44.0,"key":"SMITH"},{"floor":49.0,"key":"RECALL"},{"data":"SpiritShield","floor":53.0,"key":"SMITH"}],"circlet_count":0,"master_deck":["AscendersBane","Eruption+1","Vigilance","BattleHymn+1","Conclude","DeceiveReality+1","EmptyFist","Adaptation+1","Meditate","Vault+1","BowlingBash+1","Wireheading+1","CutThroughFate","Protect+1","CrushJoints+1","SpiritShield+1","Wallop+1","FlyingSleeves+1","EmptyBody+1","TalkToTheHand+1","Scrawl+1","WaveOfTheHand+1","MentalFortress","Wireheading+1","Wish"],"relics":["Velvet Choker","TeardropLocket","Regal Pillow","Toy Ornithopter","Prayer Wheel","Runic Pyramid","CeramicFish","Yang","StoneCalendar","Pandora\u0027s Box","Girya","Meat on the Bone","The Courier","Centennial Puzzle","Whetstone","Damaru"],"acts_visited":["Exordium","TheCity","TheBeyond","TheEnding"],"potions_floor_usage":[56],"damage_taken":[{"damage":4.0,"enemies":"Cultist","floor":1.0,"turns":5.0},{"damage":0.0,"enemies":"2 Louse","floor":5.0,"turns":2.0},{"damage":12.0,"enemies":"3 Sentries","floor":6.0,"turns":5.0},{"damage":8.0,"enemies":"Gremlin Nob","floor":8.0,"turns":3.0},{"damage":10.0,"enemies":"3 Sentries","floor":12.0,"turns":4.0},{"damage":0.0,"enemies":"Small Slimes","floor":14.0,"turns":2.0},{"damage":13.0,"enemies":"Slime Boss","floor":16.0,"turns":6.0},{"damage":11.0,"enemies":"Shell Parasite","floor":18.0,"turns":3.0},{"damage":11.0,"enemies":"Book of Stabbing","floor":23.0,"turns":4.0},{"damage":5.0,"enemies":"Gremlin Leader","floor":25.0,"turns":3.0},{"damage":1.0,"enemies":"2 Thieves","floor":27.0,"turns":2.0},{"damage":2.0,"enemies":"Snake Plant","floor":30.0,"turns":4.0},{"damage":11.0,"enemies":"Centurion and Healer","floor":31.0,"turns":3.0},{"damage":36.0,"enemies":"Collector","floor":33.0,"turns":8.0},{"damage":11.0,"enemies":"Orb Walker","floor":35.0,"turns":3.0},{"damage":0.0,"enemies":"3 Shapes","floor":36.0,"turns":6.0},{"damage":17.0,"enemies":"2 Orb Walkers","floor":37.0,"turns":4.0},{"damage":5.0,"enemies":"Jaw Worm Horde","floor":39.0,"turns":3.0},{"damage":5.0,"enemies":"Reptomancer","floor":40.0,"turns":3.0},{"damage":6.0,"enemies":"Writhing Mass","floor":42.0,"turns":6.0},{"damage":25.0,"enemies":"Giant Head","floor":45.0,"turns":8.0},{"damage":0.0,"enemies":"Nemesis","floor":47.0,"turns":5.0},{"damage":0.0,"enemies":"Maw","floor":48.0,"turns":7.0},{"damage":7.0,"enemies":"Donu and Deca","floor":50.0,"turns":11.0},{"damage":18.0,"enemies":"Awakened One","floor":51.0,"turns":20.0},{"damage":37,"enemies":"Shield and Spear","floor":55,"turns":9},{"damage":65,"enemies":"The Heart","floor":56,"turns":12}],"seed_played":"6717713755263138581","potions_obtained":[{"floor":1.0,"key":"LiquidBronze"},{"floor":8.0,"key":"PowerPotion"},{"floor":16.0,"key":"Explosive Potion"},{"floor":18.0,"key":"Dexterity Potion"},{"floor":27.0,"key":"SpeedPotion"},{"floor":30.0,"key":"Fire Potion"},{"floor":39.0,"key":"StancePotion"},{"floor":40.0,"key":"StancePotion"},{"floor":45.0,"key":"FairyPotion"},{"floor":48.0,"key":"Swift Potion"}],"is_trial":false,"path_per_floor":["M","$","?","?","M","E","R","E","T","R","?","E","R","M","R","B",null,"M","?","?","?","T","E","R","E","T","M","$","R","M","M","R","B",null,"M","M","?","$","M","E","R","M","T","R","E","$","E","M","R","B","B",null,"R","$","E","B",null],"character_chosen":"WATCHER","items_purchased":["Conclude","PowerPotion","MentalFortress","Fruit Juice","SkillPotion","PowerPotion"],"campfire_rested":1,"item_purchase_floors":[2,38,46,46,46,54],"current_hp_per_floor":[57,57,50,45,45,33,33,25,25,60,65,55,55,55,55,47,67,56,56,56,56,56,50,50,45,45,44,44,44,52,41,41,5,56,45,45,28,28,28,33,33,44,44,44,31,41,46,46,46,51,50,71,71,71,46,23],"gold":77,"neow_bonus":"BOSS_RELIC","is_daily":false,"chose_seed":false,"campfire_upgraded":9,"win_rate":0.0,"timestamp":1610997923,"path_taken":["M","$","?","?","M","E","R","E","T","R","?","E","R","M","R","BOSS","M","?","?","?","?","E","R","E","T","M","$","R","M","M","R","BOSS","M","M","?","$","M","E","R","M","T","R","E","$","E","M","R","BOSS","BOSS","R","$","E","BOSS"],"items_purchased_type":["Card","Potion","Card","Potion","Potion","Potion"],"build_version":"2020-12-22","purchased_purges":4,"victory":true,"max_hp_per_floor":[68,68,68,68,68,68,68,68,68,68,73,73,73,73,73,73,73,73,73,73,73,73,73,73,73,73,73,73,73,73,73,73,73,73,73,73,73,73,73,73,73,73,73,73,73,78,78,78,78,78,78,78,78,78,78,78],"relic_stats":{"Regal Pillow":15,"Centennial Puzzle":[12],"counters":[27,151],"CeramicFish":144,"Prayer Wheel":10,"Yang":[257],"StoneCalendar":[376],"Pandora\u0027s Box":["SpiritShield","InnerPeace","Fasting2","Wallop","FlyingSleeves"],"Whetstone":["FlyingSleeves","Wallop"],"obtain_stats":[{"Girya":37,"Regal Pillow":6,"CeramicFish":20,"Velvet Choker":0,"Damaru":55,"Yang":23,"StoneCalendar":25,"The Courier":43,"TeardropLocket":4,"Whetstone":47,"Centennial Puzzle":45,"Prayer Wheel":12,"Pandora\u0027s Box":34,"PureWater":0,"Toy Ornithopter":8,"Runic Pyramid":17,"Meat on the Bone":40},{"Girya":17,"Regal Pillow":3,"CeramicFish":8,"Velvet Choker":0,"Damaru":26,"Yang":9,"StoneCalendar":10,"The Courier":20,"TeardropLocket":1,"Whetstone":22,"Centennial Puzzle":21,"Prayer Wheel":5,"Pandora\u0027s Box":14,"PureWater":0,"Toy Ornithopter":4,"Runic Pyramid":7,"Meat on the Bone":19},{"Girya":67,"Regal Pillow":12,"CeramicFish":30,"Velvet Choker":0,"Damaru":139,"Yang":34,"StoneCalendar":37,"The Courier":79,"TeardropLocket":5,"Whetstone":92,"Centennial Puzzle":87,"Prayer Wheel":19,"Pandora\u0027s Box":54,"PureWater":0,"Toy Ornithopter":15,"Runic Pyramid":27,"Meat on the Bone":73}],"Toy Ornithopter":60,"Meat on the Bone":72},"card_choices":[{"not_picked":["Consecrate","FollowUp"],"picked":"BattleHymn","floor":1.0},{"not_picked":["PathToVictory","FlyingSleeves","SashWhip"],"picked":"SKIP","floor":5.0},{"not_picked":["Prostrate","WheelKick"],"picked":"DeceiveReality","floor":6.0},{"not_picked":["SashWhip","Fasting2","WindmillStrike"],"picked":"SKIP","floor":8.0},{"not_picked":["DeusExMachina","BowlingBash"],"picked":"EmptyFist","floor":12.0},{"not_picked":["Consecrate","Evaluate"],"picked":"Adaptation","floor":14.0},{"not_picked":["SashWhip","FlurryOfBlows"],"picked":"Meditate","floor":14.0},{"not_picked":["Establishment","Scrawl"],"picked":"Vault","floor":16.0},{"not_picked":["Crescendo","SignatureMove"],"picked":"BowlingBash+1","floor":18.0},{"not_picked":["Crescendo","EmptyFist","PathToVictory+1"],"picked":"SKIP","floor":18.0},{"not_picked":["Adaptation","SandsOfTime"],"picked":"Wireheading","floor":23.0},{"not_picked":["FollowUp","Sanctity"],"picked":"CutThroughFate","floor":25.0},{"not_picked":["EmptyMind","SashWhip","CarveReality+1"],"picked":"SKIP","floor":27.0},{"not_picked":["FlurryOfBlows+1","Wireheading","JustLucky+1"],"picked":"SKIP","floor":27.0},{"not_picked":["ThirdEye","Swivel"],"picked":"Protect+1","floor":30.0},{"not_picked":["Prostrate","Judgement","Halt"],"picked":"SKIP","floor":30.0},{"not_picked":["FlurryOfBlows","FollowUp"],"picked":"CrushJoints+1","floor":31.0},{"not_picked":["JustLucky","Meditate+1","Swivel"],"picked":"SKIP","floor":31.0},{"not_picked":["Meditate+1","ThirdEye","Adaptation"],"picked":"SKIP","floor":35.0},{"not_picked":["Consecrate+1","CutThroughFate","BowlingBash"],"picked":"SKIP","floor":35.0},{"not_picked":["EmptyFist+1","Evaluate","PathToVictory"],"picked":"SKIP","floor":36.0},{"not_picked":["FlurryOfBlows+1","Consecrate+1","Prostrate"],"picked":"SKIP","floor":36.0},{"not_picked":["Wireheading","JustLucky"],"picked":"EmptyBody+1","floor":39.0},{"not_picked":["FollowUp+1","SashWhip","Evaluate"],"picked":"SKIP","floor":39.0},{"not_picked":["Meditate","Sanctity+1"],"picked":"TalkToTheHand","floor":40.0},{"not_picked":["FollowUp","CutThroughFate"],"picked":"Scrawl","floor":42.0},{"not_picked":["Crescendo","CrushJoints","Evaluate"],"picked":"SKIP","floor":42.0},{"not_picked":["Study+1","InnerPeace"],"picked":"WaveOfTheHand+1","floor":45.0},{"not_picked":["CutThroughFate","Prostrate","CrushJoints"],"picked":"SKIP","floor":47.0},{"not_picked":["JustLucky+1","WaveOfTheHand"],"picked":"Wireheading+1","floor":48.0},{"not_picked":["Weave","Fasting2","FlyingSleeves"],"picked":"SKIP","floor":48.0},{"not_picked":["EmptyMind","WreathOfFlame"],"picked":"Wish","floor":55}],"player_experience":867925,"relics_obtained":[{"floor":6.0,"key":"Regal Pillow"},{"floor":8.0,"key":"Toy Ornithopter"},{"floor":12.0,"key":"Prayer Wheel"},{"floor":23.0,"key":"Yang"},{"floor":25.0,"key":"StoneCalendar"},{"floor":37.0,"key":"Girya"},{"floor":40.0,"key":"Meat on the Bone"},{"floor":43.0,"key":"The Courier"},{"floor":45.0,"key":"Centennial Puzzle"},{"floor":47.0,"key":"Whetstone"},{"floor":55,"key":"Damaru"}],"event_choices":[{"cards_removed":["Strike_P"],"damage_healed":0.0,"max_hp_gain":0.0,"max_hp_loss":0.0,"gold_gain":0.0,"event_name":"Golden Wing","player_choice":"Card Removal","floor":3.0,"gold_loss":0.0,"damage_taken":7.0},{"damage_healed":0.0,"max_hp_gain":0.0,"max_hp_loss":0.0,"gold_gain":0.0,"event_name":"Scrap Ooze","player_choice":"Success","floor":4.0,"gold_loss":0.0,"damage_taken":5.0,"relics_obtained":["TeardropLocket"]},{"damage_healed":0.0,"max_hp_gain":5.0,"max_hp_loss":0.0,"gold_gain":0.0,"event_name":"Big Fish","player_choice":"Donut","floor":11.0,"gold_loss":0.0,"damage_taken":0.0},{"damage_healed":0.0,"max_hp_gain":0.0,"max_hp_loss":0.0,"gold_gain":0.0,"event_name":"Vampires","player_choice":"Ignored","floor":19.0,"gold_loss":0.0,"damage_taken":0.0},{"damage_healed":0.0,"max_hp_gain":0.0,"max_hp_loss":0.0,"gold_gain":0.0,"event_name":"Addict","player_choice":"Obtained Relic","floor":20.0,"gold_loss":85.0,"damage_taken":0.0,"relics_obtained":["CeramicFish"]},{"damage_healed":0.0,"max_hp_gain":0.0,"max_hp_loss":0.0,"gold_gain":0.0,"event_name":"Ghosts","player_choice":"Ignored","floor":21.0,"gold_loss":0.0,"damage_taken":0.0},{"damage_healed":0.0,"max_hp_gain":0.0,"max_hp_loss":0.0,"gold_gain":0.0,"event_name":"Mysterious Sphere","player_choice":"Fight","floor":37.0,"gold_loss":0.0,"damage_taken":0.0}],"is_beta":false,"boss_relics":[{"not_picked":["Coffee Dripper","Fusion Hammer"],"picked":"Runic Pyramid"},{"not_picked":["Tiny House","Busted Crown"],"picked":"Pandora\u0027s Box"}],"items_purged_floors":[2,28,38,46],"is_endless":false,"potions_floor_spawned":[1,8,16,18,27,30,39,40,45,48],"ascension_level":20}}