{"host":"lh9qfzqeqctr28d2","time":1610952642,"event":{"mods":["BaseMod","Luminous","Minty Spire (QoL Compilation)","Quick Restart","Relic Stats","Remilia£®¿Ÿ√◊¿Ú—«£©","StSLib"],"gold_per_floor":[112,112,112,129,129,129,162,181,181,181,197,215,215,142,142,273,273,298,213,231,254,254,295,295,295,321,344,344,344],"floor_reached":28,"language":"ZHS","playtime":815,"items_purged":[],"score":261,"play_id":"7536bb7e-4d0c-425a-a4e7-974639afe6d9","local_time":"20210118145042","is_ascension_mode":false,"campfire_choices":[{"data":"Regret","floor":6,"key":"PURGE"},{"data":"White Noise","floor":10,"key":"SMITH"},{"data":"Injury","floor":15,"key":"PURGE"},{"floor":24,"key":"REST"}],"circlet_count":0,"master_deck":["Strike_B","Strike_B","Strike_B","Defend_B+1","Defend_B","Defend_B","Defend_B","Zap","Dualcast+1","Ball Lightning","Static Discharge","White Noise+1","Coolheaded","Barrage","Conserve Battery","Aggregate","Multi-Cast","Coolheaded","Capacitor","Apotheosis","Skim+1","Melter+1"],"relics":["Cracked Core","NeowsBlessing","Shuriken","Peace Pipe","War Paint","Bottled Lightning","Golden Idol","Sozu","Nunchaku","MealTicket","Ancient Tea Set","PreservedInsect"],"acts_visited":["Exordium","TheCity"],"potions_floor_usage":[16,16,16],"damage_taken":[{"damage":0,"enemies":"Cultist","floor":1,"turns":1},{"damage":0,"enemies":"Jaw Worm","floor":4,"turns":1},{"damage":0,"enemies":"Lagavulin","floor":7,"turns":1},{"damage":0,"enemies":"2 Louse","floor":8,"turns":2},{"damage":9,"enemies":"Exordium Wildlife","floor":11,"turns":5},{"damage":3,"enemies":"Looter","floor":12,"turns":3},{"damage":48,"enemies":"The Guardian","floor":16,"turns":9},{"damage":8,"enemies":"3 Byrds","floor":18,"turns":2},{"damage":3,"enemies":"Chosen","floor":20,"turns":5},{"damage":47,"enemies":"Slavers","floor":23,"turns":5},{"damage":28,"enemies":"Centurion and Healer","floor":27,"turns":6},{"damage":16,"enemies":"Shelled Parasite and Fungi","floor":28,"turns":1}],"seed_played":"7343690895047595651","potions_obtained":[{"floor":4,"key":"Regen Potion"},{"floor":8,"key":"Strength Potion"},{"floor":11,"key":"Strength Potion"},{"floor":12,"key":"ColorlessPotion"},{"floor":16,"key":"SkillPotion"}],"is_trial":false,"path_per_floor":["M","?","?","M","?","R","E","M","T","R","M","M","?","$","R","B",null,"M","?","M","T","?","E","R","?","T","M","M"],"character_chosen":"DEFECT","items_purchased":["Aggregate"],"campfire_rested":1,"item_purchase_floors":[14],"current_hp_per_floor":[75,75,75,75,75,75,75,75,75,75,66,63,63,63,63,15,75,67,67,64,64,64,17,39,39,39,11,0,0],"gold":344,"neow_bonus":"THREE_ENEMY_KILL","is_daily":false,"chose_seed":false,"campfire_upgraded":1,"win_rate":0.0,"timestamp":1610952642,"path_taken":["M","?","?","?","?","R","E","M","T","R","M","?","?","$","R","BOSS","M","?","M","?","?","E","R","?","T","M","M"],"items_purchased_type":["Card"],"build_version":"2020-12-22","purchased_purges":0,"victory":false,"max_hp_per_floor":[75,75,75,75,75,75,75,75,75,75,75,75,75,75,75,75,75,75,75,75,75,75,75,75,75,75,75,75,75],"relic_stats":{"Peace Pipe":2,"Sozu":1,"Nunchaku":[2],"counters":[12,41],"Shuriken":[4],"Golden Idol":48,"MealTicket":0,"PreservedInsect":0,"War Paint":["Dualcast","Defend_B"],"obtain_stats":[{"Peace Pipe":5,"Sozu":17,"Nunchaku":19,"NeowsBlessing":0,"Shuriken":2,"Golden Idol":13,"MealTicket":21,"PreservedInsect":26,"Bottled Lightning":9,"War Paint":7,"Cracked Core":0,"Ancient Tea Set":23},{"Peace Pipe":2,"Sozu":7,"Nunchaku":8,"NeowsBlessing":0,"Shuriken":1,"Golden Idol":6,"MealTicket":9,"PreservedInsect":10,"Bottled Lightning":4,"War Paint":3,"Cracked Core":0,"Ancient Tea Set":10},{"Peace Pipe":2,"Sozu":22,"Nunchaku":24,"NeowsBlessing":0,"Shuriken":1,"Golden Idol":13,"MealTicket":29,"PreservedInsect":34,"Bottled Lightning":5,"War Paint":3,"Cracked Core":0,"Ancient Tea Set":34}]},"card_choices":[{"not_picked":["Redo","Steam Power"],"picked":"Ball Lightning","floor":1},{"not_picked":["Ball Lightning","Compile Driver"],"picked":"White Noise","floor":4},{"not_picked":["Rainbow","Hello World"],"picked":"Coolheaded","floor":7},{"not_picked":["Stack","Ball Lightning"],"picked":"Barrage","floor":8},{"not_picked":["Streamline","Gash","Go for the Eyes"],"picked":"SKIP","floor":11},{"not_picked":["Leap","Streamline"],"picked":"Conserve Battery","floor":12},{"not_picked":["Fission","Buffer"],"picked":"Multi-Cast","floor":16},{"not_picked":["Cold Snap","Sweeping Beam"],"picked":"Coolheaded","floor":18},{"not_picked":["Auto Shields","Leap"],"picked":"Capacitor","floor":20},{"not_picked":["FTL","Hologram"],"picked":"Skim+1","floor":23},{"not_picked":["Coolheaded","Sweeping Beam"],"picked":"Melter+1","floor":27}],"player_experience":411776,"relics_obtained":[{"floor":7,"key":"War Paint"},{"floor":9,"key":"Bottled Lightning"},{"floor":21,"key":"MealTicket"},{"floor":23,"key":"Ancient Tea Set"},{"floor":26,"key":"PreservedInsect"}],"event_choices":[{"damage_healed":0,"gold_gain":0,"player_choice":"Box","damage_taken":0,"relics_obtained":["Shuriken"],"max_hp_gain":0,"max_hp_loss":0,"event_name":"Big Fish","floor":2,"gold_loss":0,"cards_obtained":["Regret"]},{"damage_healed":0,"gold_gain":0,"player_choice":"1 cards matched","damage_taken":0,"max_hp_gain":0,"max_hp_loss":0,"event_name":"Match and Keep!","floor":3,"gold_loss":0,"cards_obtained":["Static Discharge"]},{"damage_healed":0,"gold_gain":0,"player_choice":"Gave Potion","damage_taken":0,"relics_obtained":["Peace Pipe"],"max_hp_gain":0,"max_hp_loss":0,"event_name":"WeMeetAgain","floor":5,"gold_loss":0},{"damage_healed":0,"gold_gain":0,"player_choice":"Take Wound","damage_taken":0,"relics_obtained":["Golden Idol"],"max_hp_gain":0,"max_hp_loss":0,"event_name":"Golden Idol","floor":13,"gold_loss":0,"cards_obtained":["Injury"]},{"damage_healed":0,"gold_gain":0,"player_choice":"Obtained Relic","damage_taken":0,"relics_obtained":["Nunchaku"],"max_hp_gain":0,"max_hp_loss":0,"event_name":"Addict","floor":19,"gold_loss":85},{"cards_removed":["Strike_B"],"damage_healed":0,"gold_gain":0,"player_choice":"Offered Basic","damage_taken":0,"max_hp_gain":0,"max_hp_loss":0,"event_name":"Bonfire Elementals","floor":25,"gold_loss":0}],"is_beta":false,"boss_relics":[{"not_picked":["Velvet Choker","Fusion Hammer"],"picked":"Sozu"}],"items_purged_floors":[],"is_endless":false,"potions_floor_spawned":[4,8,11,12,16,18],"killed_by":"Shelled Parasite and Fungi","ascension_level":0}}