{"host":"qy89j0vid1u7yuu4","time":1610991830,"event":{"mods":["Act Like it!","Aspiration","BaseMod","Better Match","Better Third Choice","Card Forge","Colored Powertips","Conspire","Elementarium","GifTheSpireLib","Halation","Hermit","Hubris","Infinite Spire","Menagerie","Minty Spire (QoL Compilation)","Replay The Spire","Spicy Shops","StSLib","Stuff the Spire","The Blue Laboratory","The Jungle"],"gold_per_floor":[159,204,72,105,138,222,222,222,303,303,303],"floor_reached":10,"language":"ENG","playtime":283,"items_purged":["Strike_G"],"score":136,"play_id":"15d33cef-2928-4403-96e2-ee17538d4bc6","local_time":"20210118104350","daily_mods":["Vintage","Heirloom","Flight","DeadlyEvents","Midas"],"is_ascension_mode":true,"campfire_choices":[{"floor":7,"key":"REST"}],"circlet_count":0,"master_deck":["AscendersBane","Strike_G","Strike_G","Strike_G","Strike_G","Defend_G","Defend_G","Defend_G","Defend_G","Defend_G","Survivor","Neutralize","Flying Knee","Flying Knee"],"relics":["Ring of the Snake","Hammer of Thor","Seething Fire","Anvil of the Gods","Ring of Chaos","Prayer Wheel","hubris:Spice","aspiration:ChemicalBlood","Snake Skull","Lizard Tail","GremlinMask"],"acts_visited":["Exordium"],"potions_floor_usage":[6,6],"damage_taken":[{"damage":0,"enemies":"2 Louse","floor":1,"turns":3},{"damage":0,"enemies":"Cultist","floor":2,"turns":4},{"damage":0,"enemies":"Small Slimes","floor":4,"turns":3},{"damage":0,"enemies":"Exordium Wildlife","floor":5,"turns":5},{"damage":56,"enemies":"Gremlin Nob","floor":6,"turns":6},{"damage":0,"enemies":"3 Sentries","floor":10,"turns":1}],"seed_played":"2997380600723179850","potions_obtained":[{"floor":4,"key":"ColorlessPotion"},{"floor":5,"key":"Reflective Coating"},{"floor":6,"key":"blueLaboratory:BottledHope"},{"floor":6,"key":"ColorlessPotion"}],"is_trial":true,"path_per_floor":["M","M","$","M","M","E","R","?","T","E"],"character_chosen":"THE_SILENT","items_purchased":["Flying Knee"],"campfire_rested":1,"item_purchase_floors":[3],"current_hp_per_floor":[67,75,75,75,75,19,43,43,43,43,43],"gold":303,"neow_bonus":"","is_daily":false,"chose_seed":false,"campfire_upgraded":0,"win_rate":0.0,"timestamp":1610991830,"path_taken":["M","M","$","M","M","E","R","?","T","?"],"items_purchased_type":["Card"],"build_version":"2020-12-22","purchased_purges":1,"victory":false,"max_hp_per_floor":[74,82,82,82,82,82,82,82,74,74,74],"card_choices":[{"not_picked":["Cloak And Dagger","ReplayTheSpireMod:Necrosis"],"picked":"Flying Knee","floor":6}],"player_experience":108795,"relics_obtained":[{"floor":1,"key":"hubris:Spice"},{"floor":2,"key":"hubris:Spice"},{"floor":4,"key":"aspiration:ChemicalBlood"},{"floor":5,"key":"Snake Skull"},{"floor":6,"key":"Lizard Tail"},{"floor":9,"key":"hubris:Spice"}],"event_choices":[{"damage_healed":0,"gold_gain":0,"player_choice":"Trade","damage_taken":0,"relics_obtained":["GremlinMask"],"max_hp_gain":0,"max_hp_loss":0,"event_name":"FaceTrader","floor":8,"gold_loss":0}],"is_beta":false,"boss_relics":[],"items_purged_floors":[3],"is_endless":false,"potions_floor_spawned":[4,5,6],"killed_by":"3 Sentries","ascension_level":20}}