{"host":"4iyx5awba3brsmhd","time":1610930938,"event":{"mods":["AchievementEnabler","Act Like it!","BaseMod","Better Match","Colored Powertips","Dark Map","Duelist Mod","Hallownest","Hero for Fun","Hubris","Infinite Spire","Magitek Elite","Marisa????????","Melee Mod","Minty Spire (QoL Compilation)","Quick Restart","Rare Cards Sparkle","Replay The Spire","Robot Space Explorer","Shade Mod","StSLib","SuperFastMode","The Blackbeard","The Blue Laboratory","The Bug Knight","The Cursed","The Necromancer","The Servant 0.9.4","TheWitcher"],"gold_per_floor":[115,134,134,169,69,69,114,132,183,183,208,239,62,91,91,106,106],"floor_reached":16,"language":"ENG","playtime":799,"items_purged":["TheCursedMod:Strike_TheCursed","hubris:Strike_Merchant"],"score":128,"play_id":"e1fc8766-6a90-4236-91ca-3ae2eff81b17","local_time":"20210117194858","is_ascension_mode":true,"campfire_choices":[{"data":"blackbeard:BeatUp","floor":6,"key":"SMITH"},{"data":"blackbeard:FieryDefense","floor":10,"key":"SMITH"},{"data":"blackbeard:GoldenCannonball","floor":15,"key":"SMITH"}],"circlet_count":0,"master_deck":["blackbeard:BlackbeardStrike","blackbeard:BlackbeardStrike","blackbeard:BlackbeardStrike","blackbeard:BlackbeardStrike","blackbeard:IntimidatingStrike","blackbeard:BlackbeardDefend","blackbeard:BlackbeardDefend","blackbeard:BlackbeardDefend","blackbeard:BlackbeardDefend","blackbeard:Cutlass+1","blackbeard:GoldenStrike","blackbeard:BuriedTreasure","blackbeard:FieryDefense+1","blackbeard:BeatUp+1","blackbeard:AgileStrike","blackbeard:DeadlyArsenal","blackbeard:CloakAndCannonball","blackbeard:GoldenCannonball+1"],"relics":["blackbeard:LoadTheCannons","Odd Mushroom","Strawberry"],"acts_visited":["Exordium"],"potions_floor_usage":[7,7],"damage_taken":[{"damage":0,"enemies":"Small Slimes","floor":1,"turns":3},{"damage":14,"enemies":"infinitespire:Voidling","floor":2,"turns":4},{"damage":0,"enemies":"2 Louse","floor":4,"turns":2},{"damage":6,"enemies":"The Mushroom Lair","floor":7,"turns":4},{"damage":6,"enemies":"Looter","floor":8,"turns":2},{"damage":5,"enemies":"3 Louse","floor":11,"turns":3},{"damage":18,"enemies":"Lots of Slimes","floor":12,"turns":4},{"damage":10,"enemies":"Gremlin Gang","floor":14,"turns":4},{"damage":15,"enemies":"Hexaghost","floor":16,"turns":5}],"seed_played":"-3167191436626716341","potions_obtained":[{"floor":2,"key":"Block Potion"},{"floor":4,"key":"LiquidMemories"},{"floor":7,"key":"blueLaboratory:BubblePotion"},{"floor":11,"key":"blueLaboratory:NullPotion"}],"is_trial":false,"path_per_floor":["M","M","?","M","$","R","?","M","T","R","M","M","$","M","R","B"],"character_chosen":"BLACKBEARD_CLASS","items_purchased":["blackbeard:BeatUp","blackbeard:GoldenCannonball"],"campfire_rested":0,"item_purchase_floors":[5,13],"current_hp_per_floor":[89,82,82,82,82,82,76,70,77,77,72,54,54,44,44,29,29],"gold":106,"neow_bonus":"TWENTY_PERCENT_HP_BONUS","is_daily":false,"chose_seed":false,"campfire_upgraded":3,"win_rate":0.0,"timestamp":1610930938,"path_taken":["M","M","?","?","$","R","?","M","T","R","M","M","$","M","R","BOSS"],"items_purchased_type":["Card","Card"],"build_version":"2020-12-22","purchased_purges":2,"victory":false,"max_hp_per_floor":[89,89,89,89,89,89,89,89,96,96,96,96,96,96,96,96,96],"card_choices":[{"not_picked":["blackbeard:Sharpening","blackbeard:Eyepatch"],"picked":"blackbeard:GoldenStrike","floor":1},{"not_picked":["blackbeard:TacticalRetreat","blackbeard:Eyepatch"],"picked":"blackbeard:BuriedTreasure","floor":2},{"not_picked":["blackbeard:BlindAttacks","blackbeard:RemoveScurvy"],"picked":"blackbeard:FieryDefense","floor":4},{"not_picked":["blackbeard:FieryDefense","blackbeard:BlindAttacks"],"picked":"blackbeard:AgileStrike","floor":7},{"not_picked":["blackbeard:Sharpening","blackbeard:PiratesWill"],"picked":"blackbeard:DeadlyArsenal","floor":8},{"not_picked":["blackbeard:ArmorUp","blackbeard:Revenge","blackbeard:BrownPants"],"picked":"SKIP","floor":11},{"not_picked":["blackbeard:Fencing","blackbeard:TacticalRetreat"],"picked":"blackbeard:CloakAndCannonball","floor":12},{"not_picked":["blackbeard:CloakAndCannonball","blackbeard:GhostInTheRum","blackbeard:WeaponProficiency"],"picked":"SKIP","floor":14}],"player_experience":429240,"relics_obtained":[{"floor":7,"key":"Odd Mushroom"},{"floor":9,"key":"Strawberry"}],"event_choices":[{"damage_healed":0,"gold_gain":0,"player_choice":"Forge","damage_taken":0,"max_hp_gain":0,"max_hp_loss":0,"event_name":"Accursed Blacksmith","floor":3,"gold_loss":0,"cards_upgraded":["blackbeard:Cutlass"]},{"damage_healed":0,"gold_gain":0,"player_choice":"Fought Mushrooms","damage_taken":0,"max_hp_gain":0,"max_hp_loss":0,"event_name":"Mushrooms","floor":7,"gold_loss":0}],"is_beta":false,"boss_relics":[],"items_purged_floors":[5,13],"is_endless":false,"potions_floor_spawned":[2,4,7,11],"killed_by":"Hexaghost","ascension_level":2}}