{"host":"fnk117zi8wf5078t","time":1610979572,"event":{"mods":["AchievementEnabler","BaseMod","Colored Map","Minty Spire (QoL Compilation)","Rare Cards Sparkle","SuperFastMode","everything is the same but u backflip on backflip"],"gold_per_floor":[114,132,132,142,142,142,160,17,17,17,41,79,95,120,120,120,120],"floor_reached":16,"language":"KOR","playtime":382,"items_purged":[],"score":145,"play_id":"1404e893-048b-413c-8701-59f8b0acbb1f","local_time":"20210118231932","is_ascension_mode":true,"campfire_choices":[{"floor":6.0,"key":"REST"},{"floor":15,"key":"REST"}],"circlet_count":0,"master_deck":["Strike_B","Strike_B","Strike_B+1","Strike_B","Defend_B+1","Defend_B","Defend_B","Defend_B","Zap","Dualcast","Machine Learning","Heatsinks","Heatsinks","Fusion","Sweeping Beam","Steam Power+1","Chaos+1"],"relics":["Cracked Core","Golden Idol","Membership Card","Tiny Chest","Blood Vial","Toxic Egg 2","Smiling Mask"],"acts_visited":["Exordium"],"potions_floor_usage":[12,12,12],"damage_taken":[{"damage":0.0,"enemies":"2 Louse","floor":1.0,"turns":2.0},{"damage":10.0,"enemies":"Small Slimes","floor":2.0,"turns":3.0},{"damage":11.0,"enemies":"Jaw Worm","floor":4.0,"turns":3.0},{"damage":0.0,"enemies":"3 Louse","floor":7.0,"turns":3.0},{"damage":18,"enemies":"Lagavulin","floor":12,"turns":7},{"damage":6,"enemies":"Looter","floor":13,"turns":4},{"damage":34,"enemies":"The Guardian","floor":16,"turns":5}],"seed_played":"1754079069680394940","potions_obtained":[{"floor":1.0,"key":"LiquidMemories"},{"floor":2.0,"key":"Block Potion"},{"floor":4.0,"key":"SteroidPotion"}],"is_trial":false,"path_per_floor":["M","M","?","M","?","R","M","$","T","?","T","E","M","T","R","B"],"character_chosen":"DEFECT","items_purchased":["Membership Card"],"campfire_rested":2,"item_purchase_floors":[8],"current_hp_per_floor":[68,58,43,32,14,36,36,36,36,29,29,13,9,9,30,0,0],"gold":120,"neow_bonus":"THREE_RARE_CARDS","is_daily":false,"chose_seed":false,"campfire_upgraded":0,"win_rate":0.0,"timestamp":1610979572,"path_taken":["M","M","?","M","?","R","M","?","T","?","?","E","?","?","R","BOSS"],"items_purchased_type":["Relic"],"build_version":"2020-12-22","purchased_purges":0,"victory":false,"max_hp_per_floor":[75,75,75,75,75,75,75,75,75,72,72,72,72,72,72,72,72],"card_choices":[{"not_picked":["Multi-Cast","Reboot"],"picked":"Machine Learning","floor":0.0},{"not_picked":["Gash","Coolheaded"],"picked":"Heatsinks","floor":1.0},{"not_picked":["Hologram","Reinforced Body"],"picked":"Heatsinks","floor":2.0},{"not_picked":["Coolheaded","Steam Power"],"picked":"Fusion","floor":4.0},{"not_picked":["Hologram","Stack"],"picked":"Sweeping Beam","floor":7.0},{"not_picked":["Beam Cell","Coolheaded+1"],"picked":"Steam Power+1","floor":12},{"not_picked":["Hologram+1","Redo+1"],"picked":"Chaos+1","floor":13}],"player_experience":411388,"relics_obtained":[{"floor":9.0,"key":"Tiny Chest"},{"floor":11.0,"key":"Blood Vial"},{"floor":12,"key":"Toxic Egg 2"},{"floor":14,"key":"Smiling Mask"}],"event_choices":[{"damage_healed":0.0,"max_hp_gain":0.0,"max_hp_loss":0.0,"gold_gain":0.0,"event_name":"Shining Light","player_choice":"Entered Light","floor":3.0,"gold_loss":0.0,"damage_taken":15.0,"cards_upgraded":["Defend_B","Strike_B"]},{"damage_healed":0.0,"max_hp_gain":0.0,"max_hp_loss":0.0,"gold_gain":0.0,"event_name":"Golden Idol","player_choice":"Take Damage","floor":5.0,"gold_loss":0.0,"damage_taken":18.0,"relics_obtained":["Golden Idol"]},{"cards_removed":["Parasite"],"damage_healed":0.0,"max_hp_gain":0.0,"max_hp_loss":0.0,"gold_gain":0.0,"event_name":"Golden Wing","player_choice":"Card Removal","floor":10.0,"gold_loss":0.0,"damage_taken":7.0}],"is_beta":false,"boss_relics":[],"items_purged_floors":[],"is_endless":false,"potions_floor_spawned":[1,2,4],"killed_by":"The Guardian","ascension_level":9}}