{"host":"y193d0agu1dp5x1y","time":1610950604,"event":{"mods":["AchievementEnabler","BaseMod","Googly Eyes","Minty Spire (QoL Compilation)"],"gold_per_floor":[116,17,17,17,37,63,63,63,87,106,132,132,159,9,9,111,111,122,122,24,34,34,66,16,36,36,36,51,51,71,71,71,167,167,183,33,0,0,0,0,16,16,16,16,16,32,32,63,63,63],"floor_reached":51,"language":"ENG","playtime":2401,"items_purged":["Dualcast","Strike_B","Parasite"],"score":732,"play_id":"d735584e-1dad-4104-9dc9-e9b200eb3633","local_time":"20210118001644","is_ascension_mode":false,"campfire_choices":[{"floor":7.0,"key":"REST"},{"floor":15.0,"key":"REST"},{"data":"White Noise","floor":27,"key":"SMITH"},{"floor":29,"key":"REST"},{"data":"Conserve Battery","floor":32,"key":"SMITH"},{"data":"Madness","floor":40,"key":"SMITH"},{"data":"Madness","floor":45,"key":"SMITH"},{"data":"Conserve Battery","floor":49,"key":"SMITH"}],"circlet_count":0,"master_deck":["Strike_B+1","Strike_B+1","Defend_B+1","Defend_B+1","Defend_B+1","Defend_B+1","Zap","Steam","Defragment","Go for the Eyes","Machine Learning","Beam Cell","Flash of Steel","Conserve Battery+1","Auto Shields","White Noise+1","Capacitor+1","Auto Shields+1","Go for the Eyes","Sunder","Conserve Battery+1","Madness+1","Madness+1","Go for the Eyes","Doubt","White Noise+1","Go for the Eyes+1"],"relics":["Black Star","Bronze Scales","Dream Catcher","Toy Ornithopter","Juzu Bracelet","Incense Burner","Du-Vu Doll","Thread and Needle","Centennial Puzzle","SlaversCollar","MealTicket","Calipers","Eternal Feather","Gambling Chip","Empty Cage","Red Mask","Pantograph","Omamori","Vajra"],"acts_visited":["Exordium","TheCity","TheBeyond"],"potions_floor_usage":[23,33,41,46,46,48],"damage_taken":[{"damage":4.0,"enemies":"2 Louse","floor":1.0,"turns":5.0},{"damage":0.0,"enemies":"Small Slimes","floor":5.0,"turns":4.0},{"damage":35.0,"enemies":"Gremlin Nob","floor":6.0,"turns":5.0},{"damage":0.0,"enemies":"Jaw Worm","floor":10.0,"turns":4.0},{"damage":34.0,"enemies":"3 Sentries","floor":11.0,"turns":8.0},{"damage":27.0,"enemies":"Gremlin Nob","floor":13.0,"turns":5.0},{"damage":9.0,"enemies":"Hexaghost","floor":16.0,"turns":9.0},{"damage":26.0,"enemies":"Spheric Guardian","floor":18.0,"turns":6.0},{"damage":8.0,"enemies":"3 Byrds","floor":21.0,"turns":4.0},{"damage":20,"enemies":"Slavers","floor":23,"turns":7},{"damage":6,"enemies":"Centurion and Healer","floor":25,"turns":9},{"damage":25,"enemies":"Chosen and Byrds","floor":28,"turns":7},{"damage":13,"enemies":"Sentry and Sphere","floor":30,"turns":7},{"damage":27,"enemies":"Automaton","floor":33,"turns":10},{"damage":9,"enemies":"Orb Walker","floor":35,"turns":5},{"damage":29,"enemies":"3 Darklings","floor":41,"turns":6},{"damage":3,"enemies":"Jaw Worm Horde","floor":46,"turns":5},{"damage":10,"enemies":"Nemesis","floor":48,"turns":7},{"damage":76,"enemies":"Time Eater","floor":50,"turns":17}],"seed_played":"-2913203830099094743","potions_obtained":[{"floor":5.0,"key":"GamblersBrew"},{"floor":6.0,"key":"Weak Potion"},{"floor":11.0,"key":"SpeedPotion"},{"floor":16.0,"key":"PotionOfCapacity"},{"floor":18.0,"key":"SpeedPotion"},{"floor":30,"key":"PowerPotion"},{"floor":35,"key":"DuplicationPotion"},{"floor":39,"key":"Strength Potion"},{"floor":39,"key":"AttackPotion"},{"floor":46,"key":"ColorlessPotion"}],"is_trial":false,"path_per_floor":["M","$","?","?","M","E","R","?","T","M","E","?","E","$","R","B",null,"M","?","$","M","?","E","$","M","T","R","M","R","M","?","R","B",null,"M","$","?","?","?","R","M","?","T","?","R","M","?","E","R","B",null],"character_chosen":"DEFECT","items_purchased":["Steam","AttackPotion","Flash of Steel","Leap","Conserve Battery"],"campfire_rested":3,"item_purchase_floors":[2,14,20,24,36],"current_hp_per_floor":[71,71,59,64,64,29,53,53,53,58,29,49,27,27,51,47,80,54,80,80,72,72,57,72,66,66,78,53,80,67,67,79,53,80,71,77,77,67,67,77,48,48,48,77,77,77,77,72,77,1],"gold":63,"neow_bonus":"BOSS_RELIC","is_daily":false,"chose_seed":false,"campfire_upgraded":5,"win_rate":0.0,"timestamp":1610950604,"path_taken":["M","$","?","?","M","E","R","?","T","M","E","?","E","?","R","BOSS","M","?","$","M","?","E","$","M","T","R","M","R","M","?","R","BOSS","M","$","?","?","?","R","M","?","T","?","R","M","?","E","R","BOSS"],"items_purchased_type":["Card","Potion","Card","Card","Card"],"build_version":"2020-12-22","purchased_purges":3,"victory":true,"max_hp_per_floor":[75,75,75,80,80,80,80,80,80,80,80,80,80,80,80,80,80,80,80,80,80,80,80,80,80,80,80,80,80,80,80,80,80,80,80,77,77,77,77,77,77,77,77,77,77,77,77,77,77,77],"card_choices":[{"not_picked":["Cold Snap","Hologram","Chill"],"picked":"SKIP","floor":1.0},{"not_picked":["Barrage","Reinforced Body","Turbo"],"picked":"SKIP","floor":5.0},{"not_picked":["Hologram","Steam","Barrage"],"picked":"SKIP","floor":6.0},{"not_picked":["Capacitor","Compile Driver"],"picked":"Seek","floor":7.0},{"not_picked":["Loop","Capacitor","Stack"],"picked":"SKIP","floor":10.0},{"not_picked":["Tempest","Cold Snap"],"picked":"Defragment","floor":11.0},{"not_picked":["Blizzard","Coolheaded","Core Surge"],"picked":"SKIP","floor":13.0},{"not_picked":["Force Field","Stack"],"picked":"Go for the Eyes","floor":15.0},{"not_picked":["Creative AI","Multi-Cast"],"picked":"Machine Learning","floor":16.0},{"not_picked":["Force Field","Compile Driver"],"picked":"Beam Cell","floor":18.0},{"not_picked":["Doom and Gloom","Hologram"],"picked":"Conserve Battery","floor":21.0},{"not_picked":["Chaos","Sunder"],"picked":"Auto Shields","floor":23},{"not_picked":["Cold Snap","Beam Cell"],"picked":"White Noise","floor":25},{"not_picked":["Melter+1","Ball Lightning+1"],"picked":"Capacitor+1","floor":28},{"not_picked":["Steam","Coolheaded+1"],"picked":"Auto Shields+1","floor":29},{"not_picked":["Leap","Genetic Algorithm"],"picked":"Go for the Eyes","floor":30},{"not_picked":["Chill","Hologram+1"],"picked":"Sunder","floor":35},{"not_picked":["Leap","Double Energy+1"],"picked":"Go for the Eyes","floor":41},{"not_picked":["Steam Power","Steam","Barrage"],"picked":"SKIP","floor":46},{"not_picked":["Biased Cognition","Beam Cell"],"picked":"Go for the Eyes+1","floor":48}],"player_experience":121381,"relics_obtained":[{"floor":6.0,"key":"Dream Catcher"},{"floor":6.0,"key":"Toy Ornithopter"},{"floor":9.0,"key":"Juzu Bracelet"},{"floor":11.0,"key":"Incense Burner"},{"floor":11.0,"key":"Du-Vu Doll"},{"floor":13.0,"key":"Thread and Needle"},{"floor":13.0,"key":"Centennial Puzzle"},{"floor":23,"key":"Calipers"},{"floor":23,"key":"Eternal Feather"},{"floor":26,"key":"Gambling Chip"},{"floor":43,"key":"Pantograph"},{"floor":48,"key":"Omamori"},{"floor":48,"key":"Vajra"}],"event_choices":[{"damage_healed":0.0,"max_hp_gain":0.0,"max_hp_loss":0.0,"gold_gain":0.0,"event_name":"Scrap Ooze","player_choice":"Success","floor":3.0,"gold_loss":0.0,"damage_taken":12.0,"relics_obtained":["Bronze Scales"]},{"damage_healed":0.0,"max_hp_gain":5.0,"max_hp_loss":0.0,"gold_gain":0.0,"event_name":"Big Fish","player_choice":"Donut","floor":4.0,"gold_loss":0.0,"damage_taken":0.0},{"damage_healed":0.0,"max_hp_gain":0.0,"max_hp_loss":0.0,"gold_gain":0.0,"event_name":"Golden Idol","player_choice":"Ignored","floor":8.0,"gold_loss":0.0,"damage_taken":0.0},{"damage_healed":20.0,"max_hp_gain":0.0,"max_hp_loss":0.0,"gold_gain":0.0,"event_name":"Mushrooms","player_choice":"Healed and dodged fight","floor":12.0,"gold_loss":0.0,"damage_taken":0.0,"cards_obtained":["Parasite"]},{"damage_healed":26.0,"max_hp_gain":0.0,"max_hp_loss":0.0,"gold_gain":0.0,"event_name":"The Library","player_choice":"Heal","floor":19.0,"gold_loss":0.0,"damage_taken":0.0},{"damage_healed":0.0,"max_hp_gain":0.0,"max_hp_loss":0.0,"gold_gain":0.0,"event_name":"WeMeetAgain","player_choice":"Gave Potion","floor":22.0,"gold_loss":0.0,"damage_taken":0.0,"relics_obtained":["MealTicket"]},{"damage_healed":0,"gold_gain":0,"player_choice":"Simplicity","damage_taken":0,"max_hp_gain":0,"max_hp_loss":0,"event_name":"Back to Basics","floor":31,"gold_loss":0,"cards_upgraded":["Strike_B","Strike_B","Strike_B","Defend_B","Defend_B","Defend_B","Defend_B"]},{"damage_healed":0,"gold_gain":0,"player_choice":"Paid","damage_taken":0,"relics_obtained":["Red Mask"],"max_hp_gain":0,"max_hp_loss":0,"event_name":"Tomb of Lord Red Mask","floor":37,"gold_loss":33},{"damage_healed":0,"gold_gain":0,"player_choice":"Embrace Madness","damage_taken":10,"max_hp_gain":0,"max_hp_loss":0,"event_name":"Winding Halls","floor":38,"gold_loss":0,"cards_obtained":["Madness","Madness"]},{"damage_healed":0,"gold_gain":0,"player_choice":"Got Potions","damage_taken":0,"max_hp_gain":0,"max_hp_loss":0,"event_name":"Lab","floor":39,"gold_loss":0},{"cards_removed":["Strike_B"],"damage_healed":0,"gold_gain":0,"player_choice":"Removed Attack","damage_taken":0,"max_hp_gain":0,"max_hp_loss":0,"event_name":"Falling","floor":42,"gold_loss":0},{"damage_healed":29,"gold_gain":0,"player_choice":"Heal","damage_taken":0,"max_hp_gain":0,"max_hp_loss":0,"event_name":"MindBloom","floor":44,"gold_loss":0,"cards_obtained":["Doubt"]},{"damage_healed":0,"gold_gain":0,"player_choice":"Copied","damage_taken":0,"max_hp_gain":0,"max_hp_loss":0,"event_name":"Duplicator","floor":47,"gold_loss":0,"cards_obtained":["White Noise"]}],"is_beta":false,"boss_relics":[{"not_picked":["SacredBark","Coffee Dripper"],"picked":"SlaversCollar"},{"not_picked":["Pandora\u0027s Box","Calling Bell"],"picked":"Empty Cage"}],"items_purged_floors":[2,14,36],"is_endless":false,"potions_floor_spawned":[5,6,11,16,18,30,35,46],"ascension_level":0}}