{"host":"hzinic87vu8p95wn","time":1610977856,"event":{"mods":["BaseMod","Minty Spire (QoL Compilation)"],"gold_per_floor":[113,113,113,13,32,32,59,59,105,105,105,105],"floor_reached":11,"language":"ENG","playtime":159,"items_purged":[],"score":179,"play_id":"e4815f3b-8c61-4d1d-8349-6185f7f85417","local_time":"20210119005056","is_ascension_mode":true,"campfire_choices":[{"data":"Well Laid Plans","floor":6,"key":"SMITH"},{"data":"All Out Attack","floor":8,"key":"SMITH"},{"data":"Neutralize","floor":10,"key":"SMITH"}],"circlet_count":0,"master_deck":["AscendersBane","Strike_G","Strike_G","Strike_G","Strike_G","Strike_G","Defend_G","Defend_G","Defend_G","Defend_G","Defend_G","Survivor","Neutralize+1","All Out Attack+1","Well Laid Plans+1","Deflect"],"relics":["Ring of the Snake","NeowsBlessing","Tiny Chest","Potion Belt"],"acts_visited":["Exordium"],"potions_floor_usage":[11],"damage_taken":[{"damage":0,"enemies":"Jaw Worm","floor":1,"turns":1},{"damage":0,"enemies":"2 Louse","floor":5,"turns":1},{"damage":0,"enemies":"Gremlin Nob","floor":7,"turns":1},{"damage":18,"enemies":"3 Sentries","floor":11,"turns":5}],"seed_played":"-8207411116251968817","potions_obtained":[{"floor":1,"key":"SkillPotion"},{"floor":3,"key":"Swift Potion"},{"floor":3,"key":"Ancient Potion"}],"is_trial":false,"path_per_floor":["M","?","?","$","M","R","E","R","T","R","E"],"character_chosen":"THE_SILENT","items_purchased":["Well Laid Plans","Deflect"],"campfire_rested":0,"item_purchase_floors":[4,4],"current_hp_per_floor":[59,59,59,59,59,59,59,59,59,59,41,41],"gold":105,"neow_bonus":"THREE_ENEMY_KILL","is_daily":false,"chose_seed":false,"campfire_upgraded":3,"win_rate":0.0,"timestamp":1610977856,"path_taken":["M","?","?","$","M","R","E","R","T","R","E"],"items_purchased_type":["Card","Card"],"build_version":"2020-12-22","purchased_purges":0,"victory":false,"max_hp_per_floor":[66,66,66,66,66,66,66,66,66,66,66,66],"card_choices":[{"not_picked":["Poisoned Stab","Endless Agony"],"picked":"All Out Attack","floor":1},{"not_picked":["Riddle With Holes","Deflect","Prepared"],"picked":"SKIP","floor":5},{"not_picked":["Distraction","Sucker Punch","Heel Hook"],"picked":"SKIP","floor":7}],"player_experience":1583769,"relics_obtained":[{"floor":7,"key":"Tiny Chest"},{"floor":9,"key":"Potion Belt"}],"event_choices":[{"damage_healed":0,"gold_gain":0,"player_choice":"Leave","damage_taken":0,"max_hp_gain":0,"max_hp_loss":0,"event_name":"The Cleric","floor":2,"gold_loss":0},{"damage_healed":0,"gold_gain":0,"player_choice":"Got Potions","damage_taken":0,"max_hp_gain":0,"max_hp_loss":0,"event_name":"Lab","floor":3,"gold_loss":0}],"is_beta":false,"boss_relics":[],"items_purged_floors":[],"is_endless":false,"potions_floor_spawned":[1,7],"killed_by":"3 Sentries","ascension_level":18}}