{"host":"wwo1kwxjf4eyz37q","time":1610993009,"event":{"mods":["AchievementEnabler","BaseMod","Colored Map","Minty Spire (QoL Compilation)","Quick Restart","SuperFastMode"],"gold_per_floor":[362,375,19,36,36,36,0,0,0,0,35,35,61,79,79,178,178,196,227,239,16,16,16],"floor_reached":22,"language":"KOR","playtime":883,"items_purged":["Strike_B"],"score":339,"play_id":"d5170b8d-587d-42fd-8c86-7e9aa5f540af","local_time":"20210119030329","is_ascension_mode":true,"campfire_choices":[{"data":"Darkness","floor":6,"key":"SMITH"},{"data":"Dualcast","floor":8,"key":"SMITH"},{"data":"Redo","floor":10,"key":"SMITH"},{"data":"Loop","floor":15,"key":"SMITH"}],"circlet_count":0,"master_deck":["Strike_B","Defend_B","Defend_B","Zap","Dualcast+1","Darkness+1","Loop+1","Redo+1","Machine Learning","Undo","Loop"],"relics":["Cracked Core","PreservedInsect","Blue Candle","Juzu Bracelet","Sundial","Empty Cage","Red Mask"],"acts_visited":["Exordium","TheCity"],"potions_floor_usage":[20,20,22,22],"damage_taken":[{"damage":4.0,"enemies":"Jaw Worm","floor":1.0,"turns":3.0},{"damage":12,"enemies":"Small Slimes","floor":2,"turns":3},{"damage":10,"enemies":"2 Louse","floor":4,"turns":2},{"damage":12,"enemies":"Gremlin Nob","floor":11,"turns":3},{"damage":10,"enemies":"3 Sentries","floor":13,"turns":5},{"damage":9,"enemies":"Red Slaver","floor":14,"turns":2},{"damage":0,"enemies":"Slime Boss","floor":16,"turns":4},{"damage":6,"enemies":"Spheric Guardian","floor":18,"turns":3},{"damage":63,"enemies":"Masked Bandits","floor":19,"turns":4},{"damage":17,"enemies":"2 Thieves","floor":20,"turns":3},{"damage":2,"enemies":"3 Cultists","floor":22,"turns":3}],"seed_played":"8726172985890125378","potions_obtained":[{"floor":2,"key":"FairyPotion"},{"floor":4,"key":"SneckoOil"},{"floor":13,"key":"BlessingOfTheForge"},{"floor":16,"key":"Explosive Potion"},{"floor":19,"key":"Explosive Potion"}],"is_trial":false,"path_per_floor":["M","M","$","M","?","R","?","R","T","R","E","?","E","M","R","B",null,"M","?","M","$","M"],"character_chosen":"DEFECT","items_purchased":["Loop","Redo","PreservedInsect","Undo","Loop","DuplicationPotion"],"campfire_rested":0,"item_purchase_floors":[3,3,3,21,21,21],"current_hp_per_floor":[64,52,52,42,35,35,35,35,35,35,23,23,13,4,4,4,52,46,20,3,3,1,1],"gold":16,"neow_bonus":"TWO_FIFTY_GOLD","is_daily":false,"chose_seed":false,"campfire_upgraded":4,"win_rate":0.0,"timestamp":1610993009,"path_taken":["M","M","$","M","?","R","?","R","T","R","E","?","E","M","R","BOSS","M","?","M","$","M"],"items_purchased_type":["Card","Card","Relic","Card","Card","Potion"],"build_version":"2020-12-22","purchased_purges":1,"victory":false,"max_hp_per_floor":[68,68,68,68,68,68,68,68,68,68,68,68,68,68,68,68,68,68,68,68,68,68,68],"card_choices":[{"not_picked":["Steam","Cold Snap","Rebound"],"picked":"SKIP","floor":1.0},{"not_picked":["Chaos","Turbo"],"picked":"Darkness","floor":2},{"not_picked":["Hello World","Streamline","Leap"],"picked":"SKIP","floor":4},{"not_picked":["Reprogram","Blizzard","Leap"],"picked":"SKIP","floor":11},{"not_picked":["Turbo","Creative AI","Conserve Battery"],"picked":"SKIP","floor":13},{"not_picked":["Defragment","Aggregate","Go for the Eyes"],"picked":"SKIP","floor":14},{"not_picked":["Creative AI","All For One"],"picked":"Machine Learning","floor":16},{"not_picked":["Gash","Blizzard","Go for the Eyes"],"picked":"SKIP","floor":18},{"not_picked":["Cold Snap","Rebound","Stack+1"],"picked":"SKIP","floor":20}],"player_experience":246897,"relics_obtained":[{"floor":9,"key":"Blue Candle"},{"floor":11,"key":"Juzu Bracelet"},{"floor":13,"key":"Sundial"},{"floor":19,"key":"Red Mask"}],"event_choices":[{"cards_removed":["Defend_B"],"damage_healed":0,"gold_gain":0,"player_choice":"Card Removal","damage_taken":7,"max_hp_gain":0,"max_hp_loss":0,"event_name":"Golden Wing","floor":5,"gold_loss":0},{"damage_healed":0,"gold_gain":0,"player_choice":"Left Gold","damage_taken":0,"max_hp_gain":0,"max_hp_loss":0,"event_name":"World of Goop","floor":7,"gold_loss":36},{"cards_removed":["Strike_B"],"damage_healed":0,"gold_gain":0,"player_choice":"Purged","damage_taken":0,"max_hp_gain":0,"max_hp_loss":0,"event_name":"Purifier","floor":12,"gold_loss":0},{"damage_healed":0,"gold_gain":0,"player_choice":"Fought Bandits","damage_taken":0,"max_hp_gain":0,"max_hp_loss":0,"event_name":"Masked Bandits","floor":19,"gold_loss":0}],"is_beta":false,"boss_relics":[{"not_picked":["SlaversCollar","FrozenCore"],"picked":"Empty Cage"}],"items_purged_floors":[3],"is_endless":false,"potions_floor_spawned":[2,4,13,16,19],"killed_by":"3 Cultists","ascension_level":8}}