{"host":"mai03x2ekbjy4059","time":1610956355,"event":{"mods":["2.2 Compatiblity","BaseMod","DeckTracker","Keyboard Shortcuts","Minty Spire (QoL Compilation)","Permanent Neow","Quick Restart","SuperFastMode","everything is the same but u backflip on backflip"],"gold_per_floor":[119,119,134,150,165,165,199,199,199,199,47,47,80,113,113,211,211,225,225,30,40,56,85,97,136,148,260,303,328,355,401,413,522,534,565,590,602,629,641,685,697,738,821,866,910,922,960,987,999,1011,1023,1035,363,389,389],"floor_reached":56,"language":"KOR","playtime":1638,"items_purged":["Writhe"],"score":1602,"play_id":"58234433-4491-4fbc-910d-5aca7c4543a4","local_time":"20210118165235","is_ascension_mode":true,"campfire_choices":[{"data":"A Thousand Cuts","floor":6.0,"key":"SMITH"},{"data":"Terror","floor":10.0,"key":"SMITH"},{"data":"Blade Dance","floor":12.0,"key":"SMITH"},{"data":"Finisher","floor":15.0,"key":"SMITH"},{"data":"Panache","floor":24.0,"key":"SMITH"},{"data":"Accuracy","floor":32.0,"key":"SMITH"},{"data":"Envenom","floor":46.0,"key":"SMITH"},{"floor":49.0,"key":"RECALL"},{"data":"Footwork","floor":52.0,"key":"SMITH"}],"circlet_count":0,"master_deck":["Neutralize","A Thousand Cuts+1","Terror+1","Finisher+1","Blade Dance+1","After Image","Deflect+1","Panache+1","Escape Plan","Footwork+1","Accuracy+1","Accuracy+1","After Image","Well Laid Plans","Tactician","Die Die Die+1","Backstab+1","Cloak And Dagger+1","Masterful Stab+1","Envenom+1","Outmaneuver+1","Prepared","Leg Sweep+1","Reflex","Footwork","Backflip","Deflect","Escape Plan+1"],"relics":["Ring of the Snake","Thread and Needle","Lantern","Molten Egg 2","Medical Kit","WingedGreaves","Art of War","Sozu","Centennial Puzzle","MawBank","Pantograph","Pen Nib","Gremlin Horn","Vajra","Pandora\u0027s Box","Blood Vial","Nunchaku","Letter Opener","War Paint","Bottled Tornado","Akabeko","Bronze Scales","TwistedFunnel","Sundial"],"acts_visited":["Exordium","TheCity","TheBeyond","TheEnding"],"potions_floor_usage":[],"damage_taken":[{"damage":0.0,"enemies":"Jaw Worm","floor":1.0,"turns":5.0},{"damage":0.0,"enemies":"2 Louse","floor":3.0,"turns":2.0},{"damage":0.0,"enemies":"Cultist","floor":4.0,"turns":4.0},{"damage":0.0,"enemies":"Blue Slaver","floor":5.0,"turns":4.0},{"damage":0.0,"enemies":"Lagavulin","floor":7.0,"turns":5.0},{"damage":12.0,"enemies":"Gremlin Nob","floor":13.0,"turns":3.0},{"damage":8.0,"enemies":"Lagavulin","floor":14.0,"turns":3.0},{"damage":0.0,"enemies":"Hexaghost","floor":16.0,"turns":8.0},{"damage":0.0,"enemies":"2 Thieves","floor":18.0,"turns":4.0},{"damage":0.0,"enemies":"Shell Parasite","floor":21.0,"turns":3.0},{"damage":0.0,"enemies":"Centurion and Healer","floor":22.0,"turns":5.0},{"damage":6.0,"enemies":"Book of Stabbing","floor":23.0,"turns":4.0},{"damage":3.0,"enemies":"Slavers","floor":25.0,"turns":4.0},{"damage":0.0,"enemies":"Gremlin Leader","floor":28.0,"turns":5.0},{"damage":0.0,"enemies":"Snake Plant","floor":29.0,"turns":3.0},{"damage":0.0,"enemies":"Sentry and Sphere","floor":30.0,"turns":3.0},{"damage":21.0,"enemies":"Slavers","floor":31.0,"turns":5.0},{"damage":26.0,"enemies":"Automaton","floor":33.0,"turns":8.0},{"damage":0.0,"enemies":"3 Shapes","floor":35.0,"turns":5.0},{"damage":0.0,"enemies":"3 Darklings","floor":36.0,"turns":3.0},{"damage":4.0,"enemies":"Writhing Mass","floor":38.0,"turns":2.0},{"damage":11.0,"enemies":"Nemesis","floor":40.0,"turns":3.0},{"damage":0.0,"enemies":"Giant Head","floor":42.0,"turns":5.0},{"damage":10.0,"enemies":"Nemesis","floor":44.0,"turns":5.0},{"damage":0.0,"enemies":"Giant Head","floor":45.0,"turns":5.0},{"damage":1.0,"enemies":"Nemesis","floor":47.0,"turns":3.0},{"damage":0.0,"enemies":"Maw","floor":48.0,"turns":5.0},{"damage":58.0,"enemies":"Awakened One","floor":50.0,"turns":7.0},{"damage":28.0,"enemies":"Shield and Spear","floor":54.0,"turns":4.0},{"damage":64,"enemies":"The Heart","floor":55,"turns":8}],"seed_played":"4043496275213104905","potions_obtained":[{"floor":3.0,"key":"SteroidPotion"},{"floor":5.0,"key":"FairyPotion"},{"floor":7.0,"key":"LiquidMemories"},{"floor":13.0,"key":"SteroidPotion"}],"is_trial":false,"path_per_floor":["M","?","M","M","M","R","E","?","T","R","$","R","E","E","R","B",null,"M","?","$","M","M","E","R","E","T","?","E","M","M","E","R","B",null,"M","M","?","M","?","E","?","E","T","E","E","R","E","M","R","B",null,"R","$","E","B",null],"character_chosen":"THE_SILENT","items_purchased":["Medical Kit","Panache","Akabeko","Bronze Scales","TwistedFunnel","Footwork","Backflip","Deflect"],"campfire_rested":0,"item_purchase_floors":[11,20,53,53,53,53,53,53],"current_hp_per_floor":[49,49,49,49,49,49,49,35,35,35,35,35,23,15,15,15,70,70,70,70,70,70,64,64,61,61,61,61,61,61,40,40,39,70,70,70,70,66,66,55,55,57,57,49,51,51,52,54,54,8,66,66,66,38,1],"gold":389,"neow_bonus":"ONE_RARE_RELIC","is_daily":false,"chose_seed":false,"campfire_upgraded":8,"win_rate":0.0,"timestamp":1610956355,"path_taken":["M","?","M","M","M","R","E","?","T","R","?","R","E","E","R","BOSS","M","?","$","M","M","E","R","E","T","?","E","M","?","E","R","BOSS","M","M","?","M","?","E","?","E","T","E","E","R","E","?","R","BOSS","R","$","E","BOSS"],"items_purchased_type":["Relic","Card","Relic","Relic","Relic","Card","Card","Card"],"build_version":"2020-12-22","purchased_purges":1,"victory":true,"max_hp_per_floor":[70,70,70,70,70,70,70,70,70,70,70,70,70,70,70,70,70,70,70,70,70,70,70,70,70,70,70,70,70,70,70,70,70,70,70,70,70,70,70,70,66,66,66,66,66,66,66,66,66,66,66,66,66,66,66],"card_choices":[{"not_picked":["Dodge and Roll","Outmaneuver","Underhanded Strike"],"picked":"SKIP","floor":1.0},{"not_picked":["Skewer","Dodge and Roll"],"picked":"A Thousand Cuts","floor":3.0},{"not_picked":["Outmaneuver","Sucker Punch"],"picked":"Terror","floor":4.0},{"not_picked":["Dagger Spray","Slice"],"picked":"Finisher","floor":5.0},{"not_picked":["Venomology","Prepared"],"picked":"Blade Dance","floor":7.0},{"not_picked":["Acrobatics","Flechettes+1","Bane+1"],"picked":"SKIP","floor":13.0},{"not_picked":["Sucker Punch+1","Envenom","Choke+1"],"picked":"SKIP","floor":14.0},{"not_picked":["Glass Knife+1","Storm of Steel"],"picked":"After Image","floor":16.0},{"not_picked":["Poisoned Stab+1","All Out Attack+1"],"picked":"Deflect+1","floor":18.0},{"not_picked":["Caltrops+1","Noxious Fumes"],"picked":"Escape Plan","floor":21.0},{"not_picked":["Prepared+1","Finisher+1","Bane+1"],"picked":"SKIP","floor":22.0},{"not_picked":["Quick Slash+1","Dagger Spray+1","Poisoned Stab+1"],"picked":"SKIP","floor":23.0},{"not_picked":["Blade Dance+1","Poisoned Stab+1"],"picked":"Footwork","floor":25.0},{"not_picked":["Bane+1","Tactician+1","Flying Knee+1"],"picked":"SKIP","floor":28.0},{"not_picked":["Dash+1","Terror+1"],"picked":"Accuracy+1","floor":29.0},{"not_picked":["All Out Attack+1","Infinite Blades+1"],"picked":"Accuracy","floor":30.0},{"not_picked":["Flying Knee+1","Prepared","Bane+1"],"picked":"SKIP","floor":31.0},{"not_picked":["Phantasmal Killer","Doppelganger"],"picked":"After Image","floor":33.0},{"not_picked":["Setup+1","Bane+1","Predator+1"],"picked":"SKIP","floor":35.0},{"not_picked":["Finisher+1","Flechettes+1","Crippling Poison+1"],"picked":"SKIP","floor":36.0},{"not_picked":["Crippling Poison+1","Prepared+1","Heel Hook+1"],"picked":"SKIP","floor":38.0},{"not_picked":["Eviscerate+1","Dodge and Roll","Outmaneuver+1"],"picked":"SKIP","floor":40.0},{"not_picked":["Concentrate+1","Outmaneuver+1"],"picked":"Leg Sweep+1","floor":42.0},{"not_picked":["Riddle With Holes+1","Burst","Acrobatics+1"],"picked":"SKIP","floor":44.0},{"not_picked":["Terror","Underhanded Strike+1","Deadly Poison+1"],"picked":"SKIP","floor":45.0},{"not_picked":["All Out Attack+1","Burst","Dodge and Roll"],"picked":"SKIP","floor":47.0},{"not_picked":["Slice+1","Finisher+1"],"picked":"Reflex","floor":48.0},{"not_picked":["Slice+1","Prepared"],"picked":"Escape Plan+1","floor":54.0}],"player_experience":1082715,"relics_obtained":[{"floor":7.0,"key":"Lantern"},{"floor":9.0,"key":"Molten Egg 2"},{"floor":13.0,"key":"WingedGreaves"},{"floor":14.0,"key":"Art of War"},{"floor":23.0,"key":"MawBank"},{"floor":25.0,"key":"Pantograph"},{"floor":26.0,"key":"Pen Nib"},{"floor":28.0,"key":"Gremlin Horn"},{"floor":31.0,"key":"Vajra"},{"floor":40.0,"key":"Blood Vial"},{"floor":42.0,"key":"Nunchaku"},{"floor":44.0,"key":"Letter Opener"},{"floor":45.0,"key":"War Paint"},{"floor":47.0,"key":"Bottled Tornado"},{"floor":54.0,"key":"Sundial"}],"event_choices":[{"cards_removed":["Defend_G"],"damage_healed":0.0,"max_hp_gain":0.0,"max_hp_loss":0.0,"gold_gain":0.0,"event_name":"Living Wall","player_choice":"Forget","floor":2.0,"gold_loss":0.0,"damage_taken":0.0},{"damage_healed":0.0,"max_hp_gain":0.0,"max_hp_loss":0.0,"gold_gain":0.0,"event_name":"Shining Light","player_choice":"Entered Light","floor":8.0,"gold_loss":0.0,"damage_taken":14.0,"cards_upgraded":["Strike_G","Defend_G"]},{"damage_healed":0.0,"max_hp_gain":0.0,"max_hp_loss":0.0,"gold_gain":0.0,"event_name":"The Mausoleum","player_choice":"Opened","floor":19.0,"gold_loss":0.0,"damage_taken":0.0,"relics_obtained":["Centennial Puzzle"],"cards_obtained":["Writhe"]},{"damage_healed":0.0,"max_hp_gain":0.0,"max_hp_loss":0.0,"gold_gain":100.0,"event_name":"Golden Shrine","player_choice":"Pray","floor":27.0,"gold_loss":0.0,"damage_taken":0.0},{"cards_removed":["Survivor"],"damage_healed":0.0,"max_hp_gain":0.0,"max_hp_loss":0.0,"gold_gain":0.0,"event_name":"Falling","player_choice":"Removed Skill","floor":37.0,"gold_loss":0.0,"damage_taken":0.0},{"damage_healed":0.0,"max_hp_gain":0.0,"max_hp_loss":0.0,"gold_gain":0.0,"event_name":"Tomb of Lord Red Mask","player_choice":"Ignored","floor":39.0,"gold_loss":0.0,"damage_taken":0.0},{"damage_healed":0.0,"max_hp_gain":0.0,"max_hp_loss":4.0,"gold_gain":0.0,"event_name":"Winding Halls","player_choice":"Max HP","floor":41.0,"gold_loss":0.0,"damage_taken":0.0}],"is_beta":false,"boss_relics":[{"not_picked":["Astrolabe","Snecko Eye"],"picked":"Sozu"},{"not_picked":["Philosopher\u0027s Stone","Cursed Key"],"picked":"Pandora\u0027s Box"}],"items_purged_floors":[53],"is_endless":false,"potions_floor_spawned":[3,5,7,13,22,25,29,30,36,42,44,48],"ascension_level":1}}