{"host":"t7mx8yfj1no5p62f","time":1610977154,"event":{"mods":["BaseMod","Bestiary","Colored Map","Colored Powertips","Minty Spire (QoL Compilation)","Relic Stats","StSLib","ojb\u0027s Info Mod"],"gold_per_floor":[115,126,126,141,155,155,172,172,172,11,42,61,90,106,106,185,185,204,219,119,119,133,133,150,150,150,161,75,75,75,90,90,161,161,175,175,1174,1187,1187,1187],"floor_reached":39,"language":"ENG","playtime":1341,"items_purged":["Decay","Strike_B"],"score":815,"play_id":"5ee0d014-1c40-4780-acd8-1bad20893a69","local_time":"20210118083914","is_ascension_mode":true,"campfire_choices":[{"data":"Ball Lightning","floor":6.0,"key":"SMITH"},{"data":"Ball Lightning","floor":8.0,"key":"SMITH"},{"data":"Defragment","floor":15.0,"key":"SMITH"},{"data":"Biased Cognition","floor":23,"key":"SMITH"},{"data":"Buffer","floor":25,"key":"SMITH"},{"data":"Coolheaded","floor":29,"key":"SMITH"},{"data":"Coolheaded","floor":32,"key":"SMITH"}],"circlet_count":0,"master_deck":["AscendersBane","Zap","Dualcast","Self Repair","Ball Lightning+1","Compile Driver","Leap","Ball Lightning+1","Buffer+1","Coolheaded+1","Biased Cognition+1","Defragment+1","Core Surge","Electrodynamics","Coolheaded+1","Doom and Gloom","BootSequence","Self Repair+1","Defragment+1","Fission","Lockon","Seek","Beam Cell","Genetic Algorithm","Darkness","Sunder","Leap","Steam Power","Normality","Normality","Hologram+1"],"relics":["Coffee Dripper","Blue Candle","Darkstone Periapt","Cables","Cursed Key","Frozen Egg 2","Pandora\u0027s Box"],"acts_visited":["Exordium","TheCity","TheBeyond"],"potions_floor_usage":[31,33],"damage_taken":[{"damage":9.0,"enemies":"Small Slimes","floor":1.0,"turns":4.0},{"damage":1.0,"enemies":"Cultist","floor":2.0,"turns":4.0},{"damage":9.0,"enemies":"Jaw Worm","floor":4.0,"turns":2.0},{"damage":1.0,"enemies":"Red Slaver","floor":5.0,"turns":4.0},{"damage":14.0,"enemies":"3 Louse","floor":7.0,"turns":3.0},{"damage":10.0,"enemies":"Lagavulin","floor":11.0,"turns":7.0},{"damage":6.0,"enemies":"Blue Slaver","floor":12.0,"turns":3.0},{"damage":12.0,"enemies":"3 Sentries","floor":13.0,"turns":7.0},{"damage":0.0,"enemies":"2 Fungi Beasts","floor":14.0,"turns":3.0},{"damage":24.0,"enemies":"Hexaghost","floor":16.0,"turns":7.0},{"damage":0.0,"enemies":"Chosen","floor":18.0,"turns":4.0},{"damage":21.0,"enemies":"2 Thieves","floor":19.0,"turns":4.0},{"damage":40,"enemies":"Snake Plant","floor":22,"turns":4},{"damage":13,"enemies":"Centurion and Healer","floor":24,"turns":5},{"damage":9,"enemies":"Snecko","floor":27,"turns":4},{"damage":6,"enemies":"Snake Plant","floor":31,"turns":3},{"damage":6,"enemies":"Collector","floor":33,"turns":6},{"damage":19,"enemies":"3 Darklings","floor":35,"turns":4},{"damage":1,"enemies":"Orb Walker","floor":38,"turns":4},{"damage":108,"enemies":"2 Orb Walkers","floor":39,"turns":4}],"seed_played":"-8034293678532050675","potions_obtained":[{"floor":4.0,"key":"Energy Potion"},{"floor":7.0,"key":"PotionOfCapacity"},{"floor":13.0,"key":"LiquidBronze"},{"floor":16.0,"key":"LiquidMemories"},{"floor":31,"key":"Dexterity Potion"},{"floor":33,"key":"Ancient Potion"}],"is_trial":false,"path_per_floor":["M","M","?","M","M","R","M","R","T","$","E","M","E","M","R","B",null,"M","M","$","?","M","R","M","R","T","M","$","R","?","M","R","B",null,"M","?","?","M","?"],"character_chosen":"DEFECT","items_purchased":["Buffer","Defragment+1"],"campfire_rested":0,"item_purchase_floors":[10,28],"current_hp_per_floor":[55,61,61,52,58,58,51,51,51,51,48,49,44,51,51,34,62,69,55,55,55,22,22,16,16,22,20,20,20,20,31,31,42,68,66,66,78,84,0,0],"gold":1187,"neow_bonus":"BOSS_RELIC","is_daily":false,"chose_seed":false,"campfire_upgraded":7,"win_rate":0.0,"timestamp":1610977154,"path_taken":["M","M","?","M","M","R","?","R","T","$","E","M","E","M","R","BOSS","M","M","$","?","?","R","M","R","T","M","$","R","?","M","R","BOSS","M","?","?","M","?"],"items_purchased_type":["Card","Card"],"build_version":"2020-12-22","purchased_purges":2,"victory":false,"max_hp_per_floor":[71,71,71,71,71,71,71,71,71,71,71,71,71,71,71,71,71,71,71,71,71,71,71,71,71,77,77,77,77,77,77,77,77,77,77,77,89,89,89,89],"relic_stats":{"Darkstone Periapt":18,"counters":[20,86],"Blue Candle":[4],"Pandora\u0027s Box":["Lockon","Seek","Beam Cell","Genetic Algorithm","Darkness","Sunder","Leap"],"Cursed Key":1,"obtain_stats":[{"Darkstone Periapt":11,"Blue Candle":9,"Pandora\u0027s Box":34,"Coffee Dripper":0,"Frozen Egg 2":26,"Cracked Core":0,"Cursed Key":17,"Cables":13},{"Darkstone Periapt":6,"Blue Candle":5,"Pandora\u0027s Box":17,"Coffee Dripper":0,"Frozen Egg 2":14,"Cracked Core":0,"Cursed Key":10,"Cables":8},{"Darkstone Periapt":24,"Blue Candle":17,"Pandora\u0027s Box":74,"Coffee Dripper":0,"Frozen Egg 2":61,"Cracked Core":0,"Cursed Key":44,"Cables":34}],"Cables":[43,28,12,3,0]},"card_choices":[{"not_picked":["Steam","Barrage"],"picked":"Self Repair","floor":1.0},{"not_picked":["Melter","Gash"],"picked":"Ball Lightning","floor":2.0},{"not_picked":["Steam Power","Self Repair"],"picked":"Compile Driver","floor":4.0},{"not_picked":["Hologram","Steam"],"picked":"Leap","floor":5.0},{"not_picked":["Rebound","White Noise"],"picked":"Ball Lightning","floor":7.0},{"not_picked":["Heatsinks","Leap"],"picked":"Coolheaded","floor":11.0},{"not_picked":["Rebound","Rip and Tear"],"picked":"Biased Cognition","floor":12.0},{"not_picked":["Gash","Hello World"],"picked":"Defragment","floor":13.0},{"not_picked":["Steam","Cold Snap"],"picked":"Core Surge","floor":14.0},{"not_picked":["Thunder Strike","Meteor Strike"],"picked":"Electrodynamics","floor":16.0},{"not_picked":["FTL","Leap+1"],"picked":"Coolheaded","floor":18.0},{"not_picked":["Conserve Battery","Auto Shields"],"picked":"Doom and Gloom","floor":19.0},{"not_picked":["Redo","Stack+1"],"picked":"BootSequence","floor":22},{"not_picked":["Consume","Compile Driver","Rebound"],"picked":"SKIP","floor":24},{"not_picked":["White Noise","Go for the Eyes"],"picked":"Self Repair+1","floor":27},{"not_picked":["Scrape","Stack","Fusion+1"],"picked":"SKIP","floor":31},{"not_picked":["Multi-Cast","Thunder Strike"],"picked":"Fission","floor":33},{"not_picked":["Stack","Rip and Tear"],"picked":"Steam Power","floor":35},{"not_picked":["Redo","Streamline"],"picked":"Hologram+1","floor":38}],"player_experience":1784936,"relics_obtained":[{"floor":9.0,"key":"Blue Candle"},{"floor":11.0,"key":"Darkstone Periapt"},{"floor":13.0,"key":"Cables"},{"floor":26,"key":"Frozen Egg 2"}],"event_choices":[{"damage_healed":0.0,"max_hp_gain":0.0,"max_hp_loss":0.0,"gold_gain":0.0,"event_name":"Wheel of Change","player_choice":"Cursed","floor":3.0,"gold_loss":0.0,"damage_taken":0.0,"cards_obtained":["Decay"]},{"damage_healed":0,"gold_gain":0,"player_choice":"Leave","damage_taken":0,"max_hp_gain":0,"max_hp_loss":0,"event_name":"FaceTrader","floor":21,"gold_loss":0},{"cards_removed":["Doubt"],"damage_healed":0,"gold_gain":0,"player_choice":"Purged","damage_taken":0,"max_hp_gain":0,"max_hp_loss":0,"event_name":"Purifier","floor":30,"gold_loss":0},{"damage_healed":0,"gold_gain":0,"player_choice":"Ignored","damage_taken":0,"max_hp_gain":0,"max_hp_loss":0,"event_name":"Tomb of Lord Red Mask","floor":36,"gold_loss":0},{"damage_healed":0,"gold_gain":999,"player_choice":"Gold","damage_taken":0,"max_hp_gain":0,"max_hp_loss":0,"event_name":"MindBloom","floor":37,"gold_loss":0,"cards_obtained":["Normality","Normality"]},{"damage_healed":0,"gold_gain":0,"player_choice":"Fight","damage_taken":0,"max_hp_gain":0,"max_hp_loss":0,"event_name":"Mysterious Sphere","floor":39,"gold_loss":0}],"is_beta":false,"boss_relics":[{"not_picked":["Sozu","Snecko Eye"],"picked":"Cursed Key"},{"not_picked":["Busted Crown","SacredBark"],"picked":"Pandora\u0027s Box"}],"items_purged_floors":[10,20],"is_endless":false,"potions_floor_spawned":[4,7,13,14,16,19,24,31,33,38],"killed_by":"2 Orb Walkers","ascension_level":20}}