{"host":"qjjo2tl9lbhe5pjm","time":1610933745,"event":{"mods":["Act Like it!","Aspiration","BaseMod","Better Third Choice","BetterRewards","Challenge The Spire","Conspire","Energized Spire","GifTheSpireLib","Halation","HexUI Lib","Hubris","Infinite Spire","Minty Spire (QoL Compilation)","Pale of the Ancients","Replay The Spire","Shop Mod","StSLib","Stuff the Spire","SuperFastMode","Synergy Search","The Jungle"],"gold_per_floor":[114,114,129,144,159,189,189,219,219,219,34,53,53,72,72,197,197,216,235,235,150,169,319,338,488,513,513,513,514,664,358,358,483,483,502,521,584,584,603,753,772,772,797,870,889,889,1039,1039,1039,1039],"floor_reached":51,"language":"ENG","playtime":1143,"items_purged":["Injury","hubris:ReadiedAction","StuffTheSpire:RockThrow","ReplayTheSpireMod:Strike From Hell"],"score":925,"play_id":"cf49e9c3-533c-4c00-a6df-6fa3b4c9225d","local_time":"20210117193545","daily_mods":["Draft","Flight","Lethality"],"is_ascension_mode":false,"campfire_choices":[{"data":"conspire:Purge","floor":13,"key":"SMITH"},{"data":"Armaments","floor":15,"key":"SMITH"},{"floor":27,"key":"REST"},{"floor":28,"key":"REST"},{"data":"Limit Break","floor":32,"key":"SMITH"},{"data":"ReplayTheSpireMod:Muscle Training","floor":42,"key":"SMITH"},{"data":"Flex","floor":46,"key":"SMITH"},{"data":"Thunderclap","floor":49,"key":"PURGE"}],"circlet_count":0,"master_deck":["Flex+1","Sword Boomerang","Sword Boomerang","Replay:Undeath\u0027s Touch","StuffTheSpire:RockThrow","Headbutt","Sword Boomerang","conspire:Purge+1","StuffTheSpire:Slingshot","Pot Of Greed","Pot Of Greed","Sword Boomerang+1","Flex","Replay:Undeath\u0027s Touch+1","Limit Break+1","ReplayTheSpireMod:Muscle Training+1","Pot Of Greed","Sword Boomerang+1","Battle Trance","Replay:Undeath\u0027s Touch+1","Sword Boomerang+1","Sword Boomerang+1"],"relics":["Burning Blood","Bottled Lightning","Molten Egg 2","StuffTheSpire:TintedRock","Grinning Jar","Golden Idol","MerchantsRug","StuffTheSpire:Kangaroo","hubris:TenFootPole","hubris:MysteriousPyramids","hubris:GlazedTorus","conspire:Flyswatter","hubris:IronBody","hubris:BottledRain","Counterbalance"],"acts_visited":["Exordium","TheCity","TheBeyond"],"potions_floor_usage":[6,16,50,50],"damage_taken":[{"damage":0,"enemies":"Cultist","floor":1,"turns":1},{"damage":0,"enemies":"2 Louse","floor":3,"turns":1},{"damage":0,"enemies":"Small Slimes","floor":4,"turns":1},{"damage":10,"enemies":"Blue Slaver","floor":5,"turns":2},{"damage":5,"enemies":"Lagavulin","floor":6,"turns":3},{"damage":0,"enemies":"Gremlin Nob","floor":8,"turns":2},{"damage":8,"enemies":"Looter","floor":12,"turns":2},{"damage":0,"enemies":"3 Louse","floor":14,"turns":1},{"damage":63,"enemies":"Hexaghost","floor":16,"turns":4},{"damage":0,"enemies":"Chosen","floor":18,"turns":1},{"damage":0,"enemies":"2 Thieves","floor":19,"turns":1},{"damage":33,"enemies":"Shelled Parasite and Fungi","floor":22,"turns":2},{"damage":18,"enemies":"Book of Stabbing","floor":23,"turns":2},{"damage":0,"enemies":"Sentry and Sphere","floor":24,"turns":1},{"damage":25,"enemies":"Replay:Snechameleon","floor":25,"turns":2},{"damage":0,"enemies":"conspire:MimicChest","floor":29,"turns":2},{"damage":1,"enemies":"Gremlin Leader","floor":30,"turns":2},{"damage":21,"enemies":"Automaton","floor":33,"turns":3},{"damage":0,"enemies":"Orb Walker","floor":35,"turns":1},{"damage":6,"enemies":"3 Shapes","floor":36,"turns":1},{"damage":1,"enemies":"Mind Bloom Boss Battle","floor":37,"turns":1},{"damage":0,"enemies":"Spire Growth","floor":39,"turns":1},{"damage":0,"enemies":"Nemesis","floor":40,"turns":1},{"damage":13,"enemies":"Sphere and 2 Shapes","floor":41,"turns":1},{"damage":0,"enemies":"3 Darklings","floor":45,"turns":2},{"damage":20,"enemies":"Reptomancer","floor":47,"turns":2},{"damage":18,"enemies":"Time Eater","floor":50,"turns":3}],"seed_played":"-1283480827410872575","potions_obtained":[{"floor":1,"key":"SkillPotion"},{"floor":3,"key":"Ancient Potion"},{"floor":8,"key":"BlessingOfTheForge"},{"floor":12,"key":"Venom Potion"},{"floor":23,"key":"Swift Potion"},{"floor":29,"key":"SpeedPotion"},{"floor":30,"key":"Ancient Potion"},{"floor":33,"key":"Venom Potion"},{"floor":38,"key":"FairyPotion"},{"floor":38,"key":"Flashbang"},{"floor":47,"key":"SpeedPotion"}],"is_trial":false,"path_per_floor":["M","$","M","M","M","E","?","E","T","?","$","M","R","M","R","B",null,"M","M","AVR","$","M","E","M","E","T","R","R","?","E","$","R","B",null,"M","M","?","?","M","E","M","R","T","$","M","R","E","?","R","B",null],"character_chosen":"IRONCLAD","items_purchased":["MerchantsRug","Sword Boomerang+1","Flex","Twin Strike+1","conspire:Flyswatter","Battle Trance","Sword Boomerang+1"],"campfire_rested":2,"item_purchase_floors":[11,11,11,21,31,31,44],"current_hp_per_floor":[80,80,80,80,76,77,77,80,80,74,74,72,72,74,74,17,74,74,74,74,74,47,35,41,22,22,44,66,72,74,74,74,59,74,74,74,74,74,74,74,67,74,74,74,74,74,60,60,60,48],"gold":1039,"neow_bonus":"","is_daily":true,"chose_seed":false,"campfire_upgraded":5,"win_rate":0.0,"timestamp":1610933745,"path_taken":["M","$","?","M","M","E","?","E","T","?","$","M","R","M","R","BOSS","M","M","AVR","$","M","E","M","E","T","R","R","?","E","$","R","BOSS","M","M","?","?","M","E","M","R","T","$","?","R","E","?","R","BOSS"],"items_purchased_type":["Relic","Card","Card","Card","Relic","Card","Card"],"build_version":"2020-12-22","purchased_purges":4,"victory":true,"max_hp_per_floor":[80,80,80,80,80,80,80,80,80,74,74,74,74,74,74,74,74,74,74,74,74,74,74,74,74,74,74,74,74,74,74,74,74,74,74,74,74,74,74,74,74,74,74,74,74,74,74,74,74,74],"card_choices":[{"not_picked":["hubris:CleavingFinish","Iron Wave"],"picked":"Armaments","floor":0},{"not_picked":["Blood for Blood","Thunderclap"],"picked":"Flex","floor":0},{"not_picked":["Cleave","Clothesline"],"picked":"hubris:ReadiedAction","floor":0},{"not_picked":["StuffTheSpire:Incineration","Iron Wave"],"picked":"Pommel Strike","floor":0},{"not_picked":["infinitespire:OneForAll","Clash"],"picked":"Sword Boomerang","floor":0},{"not_picked":["hubris:CleavingFinish","Cleave"],"picked":"Sword Boomerang","floor":0},{"not_picked":["Burning Pact","Iron Wave"],"picked":"Replay:Undeath\u0027s Touch","floor":0},{"not_picked":["Clothesline","Heavy Blade"],"picked":"hubris:ReadiedAction","floor":0},{"not_picked":["Anger","Iron Wave"],"picked":"Thunderclap","floor":0},{"not_picked":["Bloodletting","Pummel"],"picked":"StuffTheSpire:RockThrow","floor":0},{"not_picked":["ReplayReversal","Clothesline"],"picked":"Thunderclap","floor":0},{"not_picked":["StuffTheSpire:Incineration","Body Slam"],"picked":"StuffTheSpire:RockThrow","floor":0},{"not_picked":["Entrench","Searing Blow"],"picked":"Rampage","floor":0},{"not_picked":["StuffTheSpire:RagingBull","Anger"],"picked":"Headbutt","floor":0},{"not_picked":["Whirlwind","Clash"],"picked":"Sword Boomerang","floor":0},{"not_picked":["Replay:Undeath\u0027s Touch","Iron Wave"],"picked":"ReplayTheSpireMod:Strike From Hell","floor":1},{"not_picked":["Infernal Blade","Headbutt"],"picked":"conspire:Purge","floor":3},{"not_picked":["infinitespire:OneForAll","Abandon","Iron Wave"],"picked":"SKIP","floor":4},{"not_picked":["Pommel Strike","Headbutt"],"picked":"StuffTheSpire:Slingshot","floor":5},{"not_picked":["hubris:ReadiedAction","Shrug It Off","Havoc"],"picked":"SKIP","floor":6},{"not_picked":["Power Through","infinitespire:OneForAll+1","Body Slam+1"],"picked":"SKIP","floor":8},{"not_picked":["Thunderclap+1","Armaments"],"picked":"Replay:Undeath\u0027s Touch+1","floor":12},{"not_picked":["Perfected Strike+1","Demon Form","Clash+1"],"picked":"SKIP","floor":14},{"not_picked":["Barricade","Brutality"],"picked":"Limit Break","floor":16},{"not_picked":["ReplayTheSpireMod:Strike From Hell+1","Run Through+1"],"picked":"ReplayTheSpireMod:Muscle Training","floor":18},{"not_picked":["Fire Breathing+1","Clash+1","Headbutt+1"],"picked":"SKIP","floor":19},{"not_picked":["ReplayTheSpireMod:Limb From Limb+1","Anger+1","Second Wind"],"picked":"SKIP","floor":22},{"not_picked":["Run Through+1","Headbutt+1","Perfected Strike+1"],"picked":"SKIP","floor":23},{"not_picked":["StuffTheSpire:RockThrow+1","Berserk","Iron Wave+1"],"picked":"SKIP","floor":24},{"not_picked":["ReplayTheSpireMod:Strike From Hell+1","StuffTheSpire:RockThrow+1","StuffTheSpire:Incineration+1"],"picked":"SKIP","floor":25},{"not_picked":["Run Through+1","Clothesline+1"],"picked":"Sword Boomerang+1","floor":29},{"not_picked":["Heavy Blade+1","Feel No Pain","Sever Soul+1"],"picked":"SKIP","floor":30},{"not_picked":["StuffTheSpire:Slingshot+1","Clash+1"],"picked":"Replay:Undeath\u0027s Touch+1","floor":35},{"not_picked":["Run Through+1","True Grit+1","Anger+1"],"picked":"SKIP","floor":36},{"not_picked":["Evolve+1","ReplayTheSpireMod:Strike From Hell+1","Dropkick+1"],"picked":"SKIP","floor":39},{"not_picked":["hubris:ReadiedAction","Run Through+1","ReplayTheSpireMod:Strike From Hell+1"],"picked":"SKIP","floor":40},{"not_picked":["Rupture","Shrug It Off","Defy Death+1"],"picked":"SKIP","floor":41},{"not_picked":["Rupture","Shrug It Off","Defy Death+1"],"picked":"SKIP","floor":41},{"not_picked":["Entrench","Barricade","Combust+1"],"picked":"SKIP","floor":45},{"not_picked":["Iron Wave+1","Dropkick+1"],"picked":"Sword Boomerang+1","floor":47}],"player_experience":673226,"relics_obtained":[{"floor":6,"key":"Bottled Lightning"},{"floor":8,"key":"StuffTheSpire:TintedRock"},{"floor":9,"key":"Grinning Jar"},{"floor":23,"key":"hubris:DeckOfHolding"},{"floor":25,"key":"Replay:Rubber Ducky"},{"floor":26,"key":"hubris:TenFootPole"},{"floor":29,"key":"hubris:MysteriousPyramids"},{"floor":30,"key":"hubris:GlazedTorus"},{"floor":37,"key":"halation:SwordOfLegend"},{"floor":40,"key":"hubris:BottledRain"},{"floor":43,"key":"Gremlin Food"},{"floor":47,"key":"Counterbalance"}],"event_choices":[{"damage_healed":0,"gold_gain":0,"player_choice":"Lose Max HP","damage_taken":0,"relics_obtained":["Golden Idol"],"max_hp_gain":0,"max_hp_loss":6,"event_name":"Golden Idol","floor":10,"gold_loss":0},{"damage_healed":0,"gold_gain":0,"player_choice":"Fight","damage_taken":0,"max_hp_gain":0,"max_hp_loss":0,"event_name":"MindBloom","floor":37,"gold_loss":0},{"damage_healed":0,"gold_gain":0,"player_choice":"Got Potions","damage_taken":0,"max_hp_gain":0,"max_hp_loss":0,"event_name":"Lab","floor":38,"gold_loss":0},{"cards_removed":["Twin Strike"],"damage_healed":0,"gold_gain":0,"player_choice":"Purged","damage_taken":0,"max_hp_gain":0,"max_hp_loss":0,"event_name":"Purifier","floor":48,"gold_loss":0}],"is_beta":false,"boss_relics":[{"not_picked":["Velvet Choker","halation:Yufonium"],"picked":"StuffTheSpire:Kangaroo"},{"not_picked":["Philosopher\u0027s Stone","hubris:ScarierMask"],"picked":"hubris:Backtick"}],"items_purged_floors":[20,21,31,44],"is_endless":false,"potions_floor_spawned":[1,3,8,12,23,29,30,33,36,37,39,47],"ascension_level":0}}