{"host":"19r1ww88x2tc73i0","time":1610990812,"event":{"mods":["BaseMod","BetterRewards","Colored Map","Minty Spire (QoL Compilation)","Relic Stats","StSLib","SuperFastMode","slay the spire mod where everything is the same but ironclad has a cowboy hat"],"gold_per_floor":[112,112,130,145,159,159,199,199,199,199,99,113,151,169,169,264,264,289,304,354,372,81,81,97,111,111,111,111,111],"floor_reached":28,"language":"ENG","playtime":980,"items_purged":["Strike_B","Strike_B","Zap"],"score":464,"play_id":"3888b448-5874-4acd-8bc5-d284521b5d82","local_time":"25640119002652","is_ascension_mode":true,"campfire_choices":[{"data":"Rip and Tear","floor":6.0,"key":"SMITH"},{"data":"Reinforced Body","floor":8.0,"key":"SMITH"},{"data":"Reprogram","floor":15.0,"key":"SMITH"},{"floor":23.0,"key":"REST"}],"circlet_count":0,"master_deck":["AscendersBane","Strike_B+1","Strike_B","Defend_B","Defend_B","Defend_B","Defend_B","Dualcast","Rip and Tear+1","Melter+1","Streamline","Rebound","Reinforced Body+1","Leap","Conserve Battery","Hologram","Beam Cell","Reprogram+1","Reboot","Conserve Battery","Sweeping Beam","Sweeping Beam+1","Well Laid Plans","Machine Learning"],"relics":["Cracked Core","Juzu Bracelet","Whetstone","Golden Idol","Shuriken","Bird Faced Urn","Ice Cream","Nuclear Battery","PrismaticShard","The Courier"],"acts_visited":["Exordium","TheCity"],"potions_floor_usage":[28],"damage_taken":[{"damage":2.0,"enemies":"2 Louse","floor":1.0,"turns":2.0},{"damage":0.0,"enemies":"Small Slimes","floor":3.0,"turns":2.0},{"damage":0.0,"enemies":"Cultist","floor":4.0,"turns":3.0},{"damage":1.0,"enemies":"Exordium Thugs","floor":5.0,"turns":3.0},{"damage":21.0,"enemies":"Lagavulin","floor":7.0,"turns":6.0},{"damage":4.0,"enemies":"Lots of Slimes","floor":12.0,"turns":6.0},{"damage":20.0,"enemies":"3 Sentries","floor":13.0,"turns":6.0},{"damage":0.0,"enemies":"Looter","floor":14.0,"turns":2.0},{"damage":12.0,"enemies":"The Guardian","floor":16.0,"turns":9.0},{"damage":4.0,"enemies":"3 Byrds","floor":18.0,"turns":4.0},{"damage":6.0,"enemies":"2 Thieves","floor":19.0,"turns":5.0},{"damage":21.0,"enemies":"Centurion and Healer","floor":21.0,"turns":5.0},{"damage":14.0,"enemies":"3 Cultists","floor":24.0,"turns":6.0},{"damage":0.0,"enemies":"Sentry and Sphere","floor":25.0,"turns":2.0},{"damage":19,"enemies":"Snake Plant","floor":28,"turns":2}],"seed_played":"-2478540259797502823","potions_obtained":[{"floor":5.0,"key":"Fire Potion"},{"floor":7.0,"key":"Ancient Potion"},{"floor":14.0,"key":"PowerPotion"},{"floor":19.0,"key":"Swift Potion"},{"floor":25.0,"key":"FocusPotion"}],"is_trial":false,"path_per_floor":["M","?","M","M","M","R","E","R","T","?","$","M","E","M","R","B",null,"M","M","?","M","$","R","M","M","T","?","M"],"character_chosen":"DEFECT","items_purchased":["Juzu Bracelet","Rip and Tear","Melter","Whetstone","Streamline","PrismaticShard"],"campfire_rested":1,"item_purchase_floors":[0,0,0,0,0,22],"current_hp_per_floor":[62,62,62,62,61,61,40,40,40,40,40,36,16,16,16,6,50,46,40,34,13,13,32,18,18,18,18,0,0],"gold":111,"neow_bonus":"","is_daily":false,"chose_seed":false,"campfire_upgraded":3,"win_rate":0.0,"timestamp":1610990812,"path_taken":["M","?","M","M","M","R","E","R","T","?","$","M","E","M","R","BOSS","M","M","?","M","$","R","M","M","T","?","M"],"items_purchased_type":["Relic","Card","Card","Relic","Card","Relic"],"build_version":"2020-12-22","purchased_purges":3,"victory":false,"max_hp_per_floor":[71,64,64,64,64,64,64,64,64,64,64,64,64,64,64,64,64,64,64,64,64,64,64,64,64,64,64,64,64],"relic_stats":{"counters":[207,917],"Golden Idol":70,"Shuriken":[8],"Bird Faced Urn":[2],"Juzu Bracelet":1,"Whetstone":["Strike_B","Melter"],"obtain_stats":[{"Ice Cream":0,"Calipers":25,"Gremlin Horn":48,"CeramicFish":0,"Vajra":46,"Runic Capacitor":0,"Ginger":0,"Whetstone":0,"Boot":9,"FrozenCore":34,"Blood Vial":12,"Sozu":17,"Centennial Puzzle":17,"HornCleat":11,"Strawberry":8,"Prayer Wheel":45,"MealTicket":12,"Fusion Hammer":17,"HandDrill":0,"Toxic Egg 2":0,"Runic Cube":17,"Happy Flower":28,"Dead Branch":0,"Blue Candle":9,"Oddly Smooth Stone":0,"Eternal Feather":14,"Pen Nib":9,"War Paint":9,"Akabeko":0,"OrangePellets":0,"Shuriken":8,"Bronze Scales":43,"Bird Faced Urn":0,"Molten Egg 2":45,"Black Star":17,"Symbiotic Virus":6,"StrikeDummy":17,"Meat on the Bone":12,"Darkstone Periapt":26,"Lantern":13,"Torii":0,"StoneCalendar":47,"Mango":0,"Juzu Bracelet":0,"Incense Burner":0,"Bag of Preparation":31,"Cursed Key":17,"Smiling Mask":24,"Ancient Tea Set":28,"Empty Cage":17,"PrismaticShard":22,"Burning Blood":0,"ClockworkSouvenir":45,"Dream Catcher":26,"Matryoshka":0,"Shovel":10,"Mummified Hand":0,"Pantograph":9,"Tiny Chest":0,"WingedGreaves":0,"Red Mask":21,"Chemical X":0,"Cracked Core":0,"Paper Frog":4,"Runic Pyramid":34,"Potion Belt":13,"Self Forming Clay":3,"Golden Idol":3,"PreservedInsect":0,"The Courier":10,"Omamori":26,"Odd Mushroom":10,"Frozen Egg 2":20,"MawBank":23,"Nuclear Battery":17,"Peace Pipe":14,"Calling Bell":17,"DataDisk":26,"CaptainsWheel":17,"Busted Crown":17,"Ornamental Fan":6,"Turnip":0,"Bag of Marbles":0,"Art of War":0,"Membership Card":0,"TungstenRod":0,"Toy Ornithopter":9,"FossilizedHelix":0},{"Ice Cream":63,"Calipers":25,"Gremlin Horn":35,"CeramicFish":0,"Vajra":34,"Runic Capacitor":45,"Ginger":11,"Whetstone":192,"Boot":100,"FrozenCore":112,"Blood Vial":4,"Sozu":177,"Centennial Puzzle":138,"HornCleat":18,"Strawberry":3,"Prayer Wheel":33,"MealTicket":175,"Fusion Hammer":104,"HandDrill":49,"Toxic Egg 2":78,"Runic Cube":7,"Happy Flower":26,"Dead Branch":56,"Blue Candle":83,"Oddly Smooth Stone":157,"Eternal Feather":151,"Pen Nib":62,"War Paint":16,"Akabeko":0,"OrangePellets":0,"Shuriken":16,"Bronze Scales":33,"Bird Faced Urn":56,"Molten Egg 2":33,"Black Star":95,"Symbiotic Virus":61,"StrikeDummy":138,"Meat on the Bone":101,"Darkstone Periapt":10,"Lantern":43,"Torii":11,"StoneCalendar":35,"Mango":37,"Juzu Bracelet":0,"Incense Burner":0,"Bag of Preparation":28,"Cursed Key":20,"Smiling Mask":25,"Ancient Tea Set":26,"Empty Cage":73,"PrismaticShard":204,"Burning Blood":0,"ClockworkSouvenir":33,"Dream Catcher":77,"Matryoshka":45,"Shovel":92,"Mummified Hand":86,"Pantograph":3,"Tiny Chest":11,"WingedGreaves":63,"Red Mask":24,"Chemical X":56,"Cracked Core":0,"Paper Frog":1,"Runic Pyramid":29,"Potion Belt":71,"Self Forming Clay":1,"Golden Idol":38,"PreservedInsect":0,"The Courier":84,"Omamori":25,"Odd Mushroom":17,"Frozen Egg 2":74,"MawBank":10,"Nuclear Battery":201,"Peace Pipe":6,"Calling Bell":138,"DataDisk":107,"CaptainsWheel":138,"Busted Crown":122,"Ornamental Fan":2,"Turnip":78,"Bag of Marbles":0,"Art of War":0,"Membership Card":11,"TungstenRod":11,"Toy Ornithopter":67,"FossilizedHelix":86},{"Ice Cream":271,"Calipers":112,"Gremlin Horn":146,"CeramicFish":0,"Vajra":143,"Runic Capacitor":202,"Ginger":62,"Whetstone":854,"Boot":423,"FrozenCore":492,"Blood Vial":15,"Sozu":785,"Centennial Puzzle":613,"HornCleat":87,"Strawberry":12,"Prayer Wheel":140,"MealTicket":770,"Fusion Hammer":444,"HandDrill":216,"Toxic Egg 2":328,"Runic Cube":36,"Happy Flower":116,"Dead Branch":248,"Blue Candle":350,"Oddly Smooth Stone":691,"Eternal Feather":661,"Pen Nib":268,"War Paint":79,"Akabeko":0,"OrangePellets":0,"Shuriken":79,"Bronze Scales":140,"Bird Faced Urn":248,"Molten Egg 2":140,"Black Star":396,"Symbiotic Virus":265,"StrikeDummy":613,"Meat on the Bone":427,"Darkstone Periapt":57,"Lantern":194,"Torii":62,"StoneCalendar":146,"Mango":159,"Juzu Bracelet":0,"Incense Burner":0,"Bag of Preparation":124,"Cursed Key":96,"Smiling Mask":112,"Ancient Tea Set":116,"Empty Cage":309,"PrismaticShard":907,"Burning Blood":0,"ClockworkSouvenir":140,"Dream Catcher":326,"Matryoshka":202,"Shovel":381,"Mummified Hand":360,"Pantograph":12,"Tiny Chest":62,"WingedGreaves":271,"Red Mask":109,"Chemical X":248,"Cracked Core":0,"Paper Frog":2,"Runic Pyramid":129,"Potion Belt":298,"Self Forming Clay":2,"Golden Idol":164,"PreservedInsect":0,"The Courier":354,"Omamori":112,"Odd Mushroom":83,"Frozen Egg 2":312,"MawBank":57,"Nuclear Battery":893,"Peace Pipe":23,"Calling Bell":613,"DataDisk":460,"CaptainsWheel":613,"Busted Crown":547,"Ornamental Fan":7,"Turnip":328,"Bag of Marbles":0,"Art of War":0,"Membership Card":62,"TungstenRod":62,"Toy Ornithopter":283,"FossilizedHelix":360}]},"card_choices":[{"not_picked":["Gash","Fusion"],"picked":"Rebound","floor":1.0},{"not_picked":["Rip and Tear","FTL"],"picked":"Reinforced Body","floor":3.0},{"not_picked":["Melter","Barrage","Gash"],"picked":"SKIP","floor":4.0},{"not_picked":["Ball Lightning","Rebound"],"picked":"Leap","floor":5.0},{"not_picked":["Skim","Compile Driver"],"picked":"Conserve Battery","floor":7.0},{"not_picked":["Consume","Doom and Gloom","Turbo"],"picked":"SKIP","floor":12.0},{"not_picked":["Sunder","Glacier"],"picked":"Beam Cell","floor":13.0},{"not_picked":["Compile Driver","Hologram"],"picked":"Reprogram","floor":14.0},{"not_picked":["Machine Learning","Thunder Strike"],"picked":"Reboot","floor":16.0},{"not_picked":["Lockon","Sunder"],"picked":"Conserve Battery","floor":18.0},{"not_picked":["Static Discharge","Beam Cell"],"picked":"Sweeping Beam","floor":19.0},{"not_picked":["Chaos","Gash","Redo+1"],"picked":"SKIP","floor":21.0},{"not_picked":["ClearTheMind","Aggregate"],"picked":"Sweeping Beam+1","floor":24.0},{"not_picked":["Good Instincts","Leap"],"picked":"Well Laid Plans","floor":25.0}],"player_experience":906044,"relics_obtained":[{"floor":7.0,"key":"Shuriken"},{"floor":9.0,"key":"Bird Faced Urn"},{"floor":13.0,"key":"Ice Cream"},{"floor":26.0,"key":"The Courier"}],"event_choices":[{"damage_healed":0.0,"max_hp_gain":0.0,"max_hp_loss":7.0,"gold_gain":0.0,"event_name":"Golden Idol","player_choice":"Lose Max HP","floor":2.0,"gold_loss":0.0,"damage_taken":0.0,"relics_obtained":["Golden Idol"]},{"damage_healed":0.0,"max_hp_gain":0.0,"max_hp_loss":0.0,"gold_gain":0.0,"event_name":"Match and Keep!","player_choice":"1 cards matched","floor":10.0,"gold_loss":0.0,"damage_taken":0.0,"cards_obtained":["Hologram"]},{"damage_healed":0.0,"max_hp_gain":0.0,"max_hp_loss":0.0,"gold_gain":50.0,"event_name":"FaceTrader","player_choice":"Touch","floor":20.0,"gold_loss":0.0,"damage_taken":6.0},{"damage_healed":0.0,"max_hp_gain":0.0,"max_hp_loss":0.0,"gold_gain":0.0,"event_name":"Match and Keep!","player_choice":"1 cards matched","floor":27.0,"gold_loss":0.0,"damage_taken":0.0,"cards_obtained":["Machine Learning"]}],"is_beta":false,"boss_relics":[{"not_picked":["Runic Pyramid","Coffee Dripper"],"picked":"Nuclear Battery"}],"items_purged_floors":[0,11,22],"is_endless":false,"potions_floor_spawned":[5,7,13,14,19,25],"killed_by":"Snake Plant","ascension_level":20}}