{"host":"tf5skwcwe0vlu2md","time":1610977124,"event":{"mods":["BaseMod","Downfall","Highlight Path","Minty Spire (QoL Compilation)","StSLib","The Animator","The Cursed","The Hierophant"],"gold_per_floor":[99,119,133,133,144,155,202,221,221,231,156,306,340,351,362,465,465,390,400,415,515,615,646,658,700,727,768,831,693,724,736,766,882,944,881,906,918,930,954,966,1028,1090,1120,1132,1171,1200,1212,1258,1286,1298],"floor_reached":51,"playtime":4495,"items_purged":[],"score":821,"play_id":"38039aec-60a4-452c-be7e-a1eb8d987d93","local_time":"20210119003844","is_ascension_mode":false,"campfire_choices":[{"floor":1.0,"key":"RECALL"},{"data":"Guardian:RevengeProtocol","floor":11.0,"key":"SMITH"},{"data":"Guardian:SpikerProtocol","floor":18,"key":"SMITH"},{"data":"Guardian:WalkerClaw","floor":35,"key":"SMITH"},{"data":"Guardian:RefractedBeam+1","floor":40,"key":"SMITH"},{"data":"Guardian:RevengeProtocol","floor":47,"key":"SMITH"}],"circlet_count":0,"master_deck":["Guardian:Strike_Guardian+1","Guardian:Strike_Guardian+1","Guardian:Strike_Guardian+1","Guardian:Strike_Guardian+1","Guardian:Defend_Guardian+1","Guardian:Defend_Guardian+1","Guardian:Defend_Guardian+1","Guardian:Defend_Guardian+1","Guardian:CurlUp","Guardian:TwinSlam","Guardian:ChargeUp","Guardian:Clone","Guardian:RollAttack","Guardian:SpikerProtocol+1","Guardian:RevengeProtocol+1","Slimebound:Icky","Guardian:SentryBeam","Guardian:AncientConstruct","Guardian:RefractedBeam+2","Guardian:Reroute","Guardian:Planning+1","Guardian:ShieldCharger","Guardian:Reroute+1","Guardian:RevengeProtocol+1","Guardian:WalkerClaw+1","expansioncontent:DonusPower","Guardian:TimeCapacitor","Pain","Guardian:Gem_Purple","Guardian:Gem_Red"],"relics":["Guardian:ModeShifter","Meat on the Bone","Lantern","Potion Belt","downfall:HeartBlessingRed","Mummified Hand","Coffee Dripper","downfall:HeartBlessingGreen","MawBank","Bottled Tornado","Nunchaku","Happy Flower","Tiny House","downfall:HeartBlessingBlue","Orichalcum","Bag of Marbles","Molten Egg 2","Pen Nib"],"acts_visited":["Exordium","TheCity","TheBeyond"],"potions_floor_usage":[27,43,45],"damage_taken":[{"damage":1.0,"enemies":"Cultist","floor":2.0,"turns":3.0},{"damage":2.0,"enemies":"2 Louse","floor":3.0,"turns":2.0},{"damage":6.0,"enemies":"Jaw Worm","floor":5.0,"turns":3.0},{"damage":6.0,"enemies":"2 Fungi Beasts","floor":6.0,"turns":4.0},{"damage":0.0,"enemies":"Gremlin Gang","floor":8.0,"turns":5.0},{"damage":12.0,"enemies":"Exordium Thugs","floor":10.0,"turns":4.0},{"damage":22.0,"enemies":"3 Sentries","floor":13.0,"turns":9.0},{"damage":5.0,"enemies":"Large Slime","floor":14.0,"turns":4.0},{"damage":8.0,"enemies":"Blue Slaver","floor":15.0,"turns":3.0},{"damage":24.0,"enemies":"downfall:Ironclad","floor":16.0,"turns":7.0},{"damage":14,"enemies":"Spheric Guardian","floor":19,"turns":4},{"damage":9,"enemies":"3 Byrds","floor":20,"turns":4},{"damage":43,"enemies":"Slavers","floor":23,"turns":6},{"damage":2,"enemies":"Book of Stabbing","floor":25,"turns":4},{"damage":2,"enemies":"Cultist and Chosen","floor":26,"turns":4},{"damage":18,"enemies":"Slavers","floor":27,"turns":5},{"damage":7,"enemies":"Snecko","floor":30,"turns":5},{"damage":0,"enemies":"Sentry and Sphere","floor":32,"turns":4},{"damage":11,"enemies":"downfall:Silent","floor":33,"turns":6},{"damage":5,"enemies":"3 Shapes","floor":36,"turns":4},{"damage":0,"enemies":"3 Darklings","floor":39,"turns":4},{"damage":8,"enemies":"Writhing Mass","floor":43,"turns":5},{"damage":22,"enemies":"Nemesis","floor":45,"turns":5},{"damage":5,"enemies":"Sphere and 2 Shapes","floor":46,"turns":6},{"damage":27,"enemies":"Giant Head","floor":48,"turns":6},{"damage":19,"enemies":"Maw","floor":49,"turns":5},{"damage":22,"enemies":"downfall:Defect","floor":50,"turns":7}],"seed_played":"8340216565865034686","potions_obtained":[{"floor":5.0,"key":"DistilledChaos"},{"floor":8.0,"key":"Strength Potion"},{"floor":10.0,"key":"BlessingOfTheForge"},{"floor":16.0,"key":"Ancient Potion"},{"floor":19,"key":"BlessingOfTheForge"},{"floor":26,"key":"Guardian:BlockOnCardUsePotion"},{"floor":27,"key":"Strength Potion"},{"floor":32,"key":"SpeedPotion"},{"floor":34,"key":"Swift Potion"},{"floor":43,"key":"EssenceOfSteel"},{"floor":45,"key":"GamblersBrew"},{"floor":48,"key":"AttackPotion"}],"is_trial":false,"path_per_floor":["R","M","M","T","M","M","T","M","?","M","R","?","E","M","M","B",null,"R","M","M","?","?","E","T","E","M","E","T","?","M","?","M","B",null,"R","M","?","?","M","R","T","?","M","?","E","M","R","E","M","B",null],"character_chosen":"GUARDIAN","items_purchased":[],"campfire_rested":0,"item_purchase_floors":[],"current_hp_per_floor":[88,87,85,85,79,73,73,73,66,54,54,54,44,51,55,43,88,88,74,65,65,65,34,34,44,54,48,48,98,91,91,91,80,103,113,108,108,108,108,108,108,108,100,116,94,89,89,74,67,57],"gold":1310,"neow_bonus":"TEN_PERCENT_HP_BONUS","is_daily":false,"chose_seed":false,"campfire_upgraded":5,"win_rate":0.0,"timestamp":1610977124,"path_taken":["R","M","M","?","M","M","T","M","?","M","R","?","E","M","M","BOSS","R","M","M","?","?","E","T","E","?","E","?","?","?","?","M","BOSS","R","M","?","?","M","R","T","?","?","?","E","M","R","E","M","BOSS"],"items_purchased_type":[],"build_version":"2020-12-13","purchased_purges":0,"victory":true,"max_hp_per_floor":[88,88,88,88,88,88,88,88,88,88,88,88,88,88,88,88,88,88,88,88,88,88,88,88,88,88,88,88,98,98,98,98,98,103,113,113,113,113,113,113,113,113,113,129,129,129,129,129,129,129],"card_choices":[{"not_picked":["Guardian:PiercingHide","Guardian:Suspension"],"picked":"Guardian:Gem_Red","floor":2.0},{"not_picked":["Guardian:ArmoredProtocol","Guardian:GuardianWhirl"],"picked":"Guardian:ChargeUp","floor":3.0},{"not_picked":["Guardian:Gem_Red","Guardian:Gem_Cyan"],"picked":"Guardian:Clone","floor":5.0},{"not_picked":["Guardian:Gem_Cyan","Guardian:TemporalStrike"],"picked":"Guardian:RollAttack","floor":6.0},{"not_picked":["Guardian:RollAttack","Guardian:Incinerate"],"picked":"Guardian:SpikerProtocol","floor":8.0},{"not_picked":["Guardian:Suspension","Guardian:Gem_Green"],"picked":"Guardian:RevengeProtocol","floor":10.0},{"not_picked":["Guardian:PrismaticBeam","Guardian:RollAttack"],"picked":"Guardian:SentryBeam","floor":13.0},{"not_picked":["Guardian:Clone","Guardian:CrystalBeam"],"picked":"Guardian:Gem_Purple","floor":14.0},{"not_picked":["Guardian:Incinerate","Guardian:VentSteam"],"picked":"Guardian:Gem_Lightblue","floor":15.0},{"not_picked":["Guardian:FastForward","Guardian:StasisStrike"],"picked":"Guardian:AncientConstruct","floor":16.0},{"not_picked":["Guardian:TemporalStrike","Guardian:PolyBeam"],"picked":"Guardian:RefractedBeam","floor":19},{"not_picked":["Guardian:ChargeUp","Guardian:Incinerate+1"],"picked":"Guardian:Reroute","floor":20},{"not_picked":["Guardian:PrimingBeam+1","Guardian:TemporalStrike"],"picked":"Guardian:Gem_Green","floor":23},{"not_picked":["Guardian:RefractedBeam","Guardian:VentSteam+1"],"picked":"Guardian:Planning+1","floor":25},{"not_picked":["Guardian:CrystalBeam","Guardian:Emergency+1"],"picked":"Guardian:ShieldCharger","floor":26},{"not_picked":["Guardian:StasisStrike","Guardian:PrismaticBeam+1"],"picked":"Guardian:Gem_Orange","floor":27},{"not_picked":["Guardian:Planning","Guardian:ChargeUp","Guardian:TemporalShield"],"picked":"SKIP","floor":30},{"not_picked":["Guardian:RefractedBeam","Guardian:Planning"],"picked":"Guardian:Reroute+1","floor":32},{"not_picked":["Guardian:FastForward","Guardian:StasisStrike"],"picked":"Guardian:RevengeProtocol","floor":33},{"not_picked":["Guardian:Planning","Guardian:Suspension+1"],"picked":"Guardian:WalkerClaw","floor":34},{"not_picked":["Guardian:ShieldCharger+1","Guardian:RollAttack+1"],"picked":"Guardian:Gem_White","floor":36},{"not_picked":["expansioncontent:SuperHexaguard","expansioncontent:Sear"],"picked":"expansioncontent:DonusPower","floor":37},{"not_picked":["Guardian:Suspension+1","Guardian:Planning"],"picked":"Guardian:Gem_Lightblue","floor":39},{"not_picked":["Guardian:PrimingBeam+1","Guardian:TemporalStrike"],"picked":"Guardian:TimeCapacitor","floor":43},{"not_picked":["Guardian:Incinerate+1","Guardian:Emergency+1","Guardian:VentSteam"],"picked":"SKIP","floor":45},{"not_picked":["Guardian:Recover+1","Guardian:Repulse","Guardian:TemporalShield+1"],"picked":"SKIP","floor":46},{"not_picked":["Guardian:Gem_White","Guardian:Gem_Green"],"picked":"Guardian:Gem_Purple","floor":48},{"not_picked":["Guardian:TemporalStrike+1","Guardian:SentryBeam+1"],"picked":"Guardian:Gem_Red","floor":49}],"player_experience":203248,"relics_obtained":[{"floor":4.0,"key":"Meat on the Bone"},{"floor":7.0,"key":"Lantern"},{"floor":13.0,"key":"Mummified Hand"},{"floor":23,"key":"MawBank"},{"floor":24,"key":"Bottled Tornado"},{"floor":25,"key":"Nunchaku"},{"floor":27,"key":"Happy Flower"},{"floor":41,"key":"Orichalcum"},{"floor":42,"key":"Bag of Marbles"},{"floor":45,"key":"Molten Egg 2"},{"floor":48,"key":"Pen Nib"}],"event_choices":[{"damage_healed":0.0,"max_hp_gain":0.0,"max_hp_loss":0.0,"gold_gain":0.0,"event_name":"Scrap Ooze","player_choice":"Success","floor":9.0,"gold_loss":0.0,"damage_taken":7.0,"relics_obtained":["Potion Belt"]},{"damage_healed":0,"gold_gain":0,"player_choice":"Simplicity","damage_taken":0,"max_hp_gain":0,"max_hp_loss":0,"event_name":"Back to Basics","floor":31,"gold_loss":0,"cards_upgraded":["Guardian:Strike_Guardian","Guardian:Strike_Guardian","Guardian:Strike_Guardian","Guardian:Strike_Guardian","Guardian:Defend_Guardian","Guardian:Defend_Guardian","Guardian:Defend_Guardian","Guardian:Defend_Guardian"]},{"cards_removed":["Guardian:Gem_White"],"damage_healed":0,"gold_gain":0,"player_choice":"Removed Skill","damage_taken":0,"max_hp_gain":0,"max_hp_loss":0,"event_name":"Falling","floor":38,"gold_loss":0}],"is_beta":false,"boss_relics":[{"not_picked":["Black Star","Busted Crown"],"picked":"Coffee Dripper"},{"not_picked":["Cursed Key","Fusion Hammer"],"picked":"Tiny House"}],"items_purged_floors":[],"is_endless":false,"potions_floor_spawned":[5,8,10,16,19,26,27,32,39,43,45,48],"ascension_level":0}}