{"host":"2se5dq1do2gp0x9k","time":1610993243,"event":{"mods":["AchievementEnabler","BaseMod","Block Reminder","Colored Map","Colored Powertips","Minty Spire (QoL Compilation)","Relic Stats","StSLib","SuperFastMode"],"gold_per_floor":[110,127,127,138,157,187,187,214,214,214,239,26,26,44,44,116,116,130,130,130,148,62,62,62,62],"floor_reached":24,"language":"ENG","playtime":1084,"items_purged":["Strike_B"],"score":428,"play_id":"45975f28-74bc-431a-90ca-f7967186d115","local_time":"20210118100723","is_ascension_mode":true,"campfire_choices":[{"data":"Doom and Gloom","floor":7.0,"key":"SMITH"},{"floor":10.0,"key":"REST"},{"data":"Hologram","floor":15.0,"key":"SMITH"},{"data":"Loop","floor":23.0,"key":"SMITH"}],"circlet_count":0,"master_deck":["AscendersBane","Defend_B","Defend_B","Defend_B","Defend_B","Zap","Dualcast","Rip and Tear","Doom and Gloom+1","Lockon","Hologram+1","Self Repair","Conserve Battery+1","Buffer","Loop+1","Turbo+1","Reboot+1","Fusion+1","Heatsinks+1","Sweeping Beam+1","Conserve Battery+1","Turbo+1","Hologram+1","Coolheaded+1"],"relics":["Cracked Core","NeowsBlessing","Regal Pillow","PreservedInsect","Toxic Egg 2","Oddly Smooth Stone","Juzu Bracelet","Astrolabe"],"acts_visited":["Exordium","TheCity"],"potions_floor_usage":[24],"damage_taken":[{"damage":0.0,"enemies":"Jaw Worm","floor":1.0,"turns":1.0},{"damage":0.0,"enemies":"Small Slimes","floor":2.0,"turns":1.0},{"damage":0.0,"enemies":"Cultist","floor":4.0,"turns":1.0},{"damage":8.0,"enemies":"3 Louse","floor":5.0,"turns":3.0},{"damage":25.0,"enemies":"3 Sentries","floor":6.0,"turns":5.0},{"damage":8.0,"enemies":"Gremlin Nob","floor":8.0,"turns":3.0},{"damage":20.0,"enemies":"Lagavulin","floor":11.0,"turns":6.0},{"damage":3.0,"enemies":"Blue Slaver","floor":14.0,"turns":4.0},{"damage":13.0,"enemies":"The Guardian","floor":16.0,"turns":8.0},{"damage":16.0,"enemies":"Shell Parasite","floor":18.0,"turns":6.0},{"damage":17.0,"enemies":"3 Byrds","floor":21.0,"turns":3.0},{"damage":51,"enemies":"Slavers","floor":24,"turns":4}],"seed_played":"7150253872312756120","potions_obtained":[{"floor":1.0,"key":"Swift Potion"},{"floor":2.0,"key":"Block Potion"},{"floor":8.0,"key":"PowerPotion"},{"floor":11.0,"key":"Fire Potion"},{"floor":16.0,"key":"Swift Potion"},{"floor":19.0,"key":"DistilledChaos"}],"is_trial":false,"path_per_floor":["M","M","?","M","M","E","R","E","T","R","E","$","?","M","R","B",null,"M","?","?","M","$","R","E"],"character_chosen":"DEFECT","items_purchased":["Loop","Turbo+1","Hologram+1","Coolheaded+1"],"campfire_rested":1,"item_purchase_floors":[12,12,22,22],"current_hp_per_floor":[64,64,59,59,51,26,26,25,25,61,48,48,71,71,71,65,70,61,61,61,51,51,51,0,0],"gold":62,"neow_bonus":"THREE_ENEMY_KILL","is_daily":false,"chose_seed":false,"campfire_upgraded":3,"win_rate":0.0,"timestamp":1610993243,"path_taken":["M","M","?","M","M","E","R","E","T","R","E","$","?","M","R","BOSS","M","?","?","M","$","R","E"],"items_purchased_type":["Card","Card","Card","Card"],"build_version":"2020-12-22","purchased_purges":1,"victory":false,"max_hp_per_floor":[71,71,71,71,71,71,71,71,71,71,71,71,71,71,71,71,71,71,71,71,71,71,71,71,71],"relic_stats":{"Regal Pillow":15,"counters":[12,45],"Astrolabe":["Fusion","Heatsinks","Sweeping Beam"],"PreservedInsect":100,"Juzu Bracelet":1,"obtain_stats":[{"Regal Pillow":3,"NeowsBlessing":0,"Astrolabe":17,"Oddly Smooth Stone":9,"PreservedInsect":6,"Juzu Bracelet":11,"Toxic Egg 2":8,"Cracked Core":0},{"Regal Pillow":2,"NeowsBlessing":0,"Astrolabe":9,"Oddly Smooth Stone":6,"PreservedInsect":5,"Juzu Bracelet":7,"Toxic Egg 2":6,"Cracked Core":0},{"Regal Pillow":2,"NeowsBlessing":0,"Astrolabe":32,"Oddly Smooth Stone":14,"PreservedInsect":11,"Juzu Bracelet":20,"Toxic Egg 2":14,"Cracked Core":0}]},"card_choices":[{"not_picked":["Coolheaded","Go for the Eyes"],"picked":"Rip and Tear","floor":1.0},{"not_picked":["Cold Snap","Double Energy"],"picked":"Doom and Gloom","floor":2.0},{"not_picked":["Conserve Battery","Capacitor"],"picked":"Lockon","floor":4.0},{"not_picked":["White Noise","Turbo"],"picked":"Hologram","floor":5.0},{"not_picked":["Beam Cell","Tempest"],"picked":"Self Repair","floor":6.0},{"not_picked":["Cold Snap","Double Energy+1"],"picked":"Conserve Battery+1","floor":8.0},{"not_picked":["Storm","Cold Snap"],"picked":"Buffer","floor":11.0},{"not_picked":["Sweeping Beam","Aggregate+1","Stack+1"],"picked":"SKIP","floor":14.0},{"not_picked":["Meteor Strike","Machine Learning"],"picked":"Reboot+1","floor":16.0},{"not_picked":["Gash+1","Rebound"],"picked":"Conserve Battery+1","floor":18.0},{"not_picked":["Self Repair","Sweeping Beam"],"picked":"Turbo+1","floor":21.0}],"player_experience":3916704,"relics_obtained":[{"floor":6.0,"key":"PreservedInsect"},{"floor":8.0,"key":"Toxic Egg 2"},{"floor":9.0,"key":"Oddly Smooth Stone"},{"floor":11.0,"key":"Juzu Bracelet"}],"event_choices":[{"damage_healed":0.0,"max_hp_gain":0.0,"max_hp_loss":0.0,"gold_gain":0.0,"event_name":"Scrap Ooze","player_choice":"Success","floor":3.0,"gold_loss":0.0,"damage_taken":5.0,"relics_obtained":["Regal Pillow"]},{"damage_healed":23.0,"max_hp_gain":0.0,"max_hp_loss":0.0,"gold_gain":0.0,"event_name":"Big Fish","player_choice":"Banana","floor":13.0,"gold_loss":0.0,"damage_taken":0.0},{"damage_healed":0.0,"max_hp_gain":0.0,"max_hp_loss":0.0,"gold_gain":0.0,"event_name":"Lab","player_choice":"Got Potions","floor":19.0,"gold_loss":0.0,"damage_taken":0.0},{"damage_healed":0.0,"max_hp_gain":0.0,"max_hp_loss":0.0,"gold_gain":0.0,"event_name":"The Mausoleum","player_choice":"Ignored","floor":20.0,"gold_loss":0.0,"damage_taken":0.0}],"is_beta":false,"boss_relics":[{"not_picked":["SacredBark","Empty Cage"],"picked":"Astrolabe"}],"items_purged_floors":[12],"is_endless":false,"potions_floor_spawned":[1,2,8,11,14,16],"killed_by":"Slavers","ascension_level":20}}