{"host":"f5gffvlv6a66yqkd","time":1610992014,"event":{"mods":["2.2 Compatiblity","Alarm Clock","BaseMod","Colored Map","Custom Start","DeckTracker","Keyboard Shortcuts","Minty Spire (QoL Compilation)","Permanent Neow","Quick Restart","Relic Stats","StSLib","SuperFastMode"],"gold_per_floor":[10,30,30,30,50,79,79,106,106,31,31,45,45,59,59,59,59],"floor_reached":16,"language":"KOR","playtime":312,"items_purged":["Strike_G"],"score":220,"play_id":"86213323-8de3-4ae1-a500-c5b3b3f7c2ed","local_time":"20210119024654","is_ascension_mode":true,"campfire_choices":[{"data":"Neutralize","floor":7.0,"key":"SMITH"},{"floor":11.0,"key":"REST"},{"data":"Catalyst","floor":15.0,"key":"SMITH"}],"circlet_count":0,"master_deck":["AscendersBane","Strike_G","Strike_G","Strike_G","Defend_G","Defend_G","Defend_G","Defend_G","Defend_G","Survivor","Neutralize+1","The Bomb","Deadly Poison","PiercingWail","Backflip","Tactician","Catalyst+1"],"relics":["Ring of the Snake","Centennial Puzzle","InkBottle","Singing Bowl"],"acts_visited":["Exordium"],"potions_floor_usage":[16,16],"damage_taken":[{"damage":0.0,"enemies":"Cultist","floor":1.0,"turns":3.0},{"damage":8.0,"enemies":"2 Louse","floor":2.0,"turns":3.0},{"damage":1.0,"enemies":"Small Slimes","floor":5.0,"turns":3.0},{"damage":24.0,"enemies":"Gremlin Nob","floor":6.0,"turns":4.0},{"damage":17.0,"enemies":"Lagavulin","floor":8.0,"turns":7.0},{"damage":11.0,"enemies":"2 Fungi Beasts","floor":12.0,"turns":6.0},{"damage":11.0,"enemies":"Exordium Wildlife","floor":14.0,"turns":4.0},{"damage":20,"enemies":"Slime Boss","floor":16,"turns":3}],"seed_played":"-6996139572248254137","potions_obtained":[{"floor":1.0,"key":"Weak Potion"},{"floor":2.0,"key":"PowerPotion"},{"floor":5.0,"key":"Fire Potion"},{"floor":8.0,"key":"Strength Potion"}],"is_trial":false,"path_per_floor":["M","M","$","?","M","E","R","E","T","$","R","M","?","M","R","B"],"character_chosen":"THE_SILENT","items_purchased":[],"campfire_rested":1,"item_purchase_floors":[],"current_hp_per_floor":[59,51,51,56,55,31,31,14,14,14,35,26,26,17,17,0,0],"gold":59,"neow_bonus":"RANDOM_COLORLESS_2","is_daily":false,"chose_seed":false,"campfire_upgraded":2,"win_rate":0.0,"timestamp":1610992014,"path_taken":["M","M","?","?","M","E","R","E","T","$","R","M","?","?","R","BOSS"],"items_purchased_type":[],"build_version":"2020-12-22","purchased_purges":1,"victory":false,"max_hp_per_floor":[66,66,66,71,71,71,71,71,71,71,71,73,73,75,75,75,75],"relic_stats":{"Centennial Puzzle":[9],"Singing Bowl":4,"counters":[8,33],"obtain_stats":[{"Centennial Puzzle":6,"Singing Bowl":9,"InkBottle":8,"Ring of the Snake":0},{"Centennial Puzzle":4,"Singing Bowl":5,"InkBottle":5,"Ring of the Snake":0},{"Centennial Puzzle":13,"Singing Bowl":20,"InkBottle":20,"Ring of the Snake":0}],"InkBottle":[3],"Ring of the Snake":[16]},"card_choices":[{"not_picked":["Mayhem","Transmutation"],"picked":"The Bomb","floor":0.0},{"not_picked":["Catalyst","Caltrops"],"picked":"Deadly Poison","floor":1.0},{"not_picked":["Reflex","Prepared"],"picked":"PiercingWail","floor":2.0},{"not_picked":["Riddle With Holes","Deadly Poison","Calculated Gamble"],"picked":"SKIP","floor":5.0},{"not_picked":["Blade Dance","Distraction"],"picked":"Backflip","floor":6.0},{"not_picked":["Storm of Steel","All Out Attack"],"picked":"Tactician","floor":8.0},{"not_picked":["Infinite Blades","Dagger Spray","Finisher"],"picked":"Singing Bowl","floor":12.0},{"not_picked":["Prepared","Outmaneuver","Backstab"],"picked":"Singing Bowl","floor":14.0}],"player_experience":1594400,"relics_obtained":[{"floor":6.0,"key":"Centennial Puzzle"},{"floor":8.0,"key":"InkBottle"},{"floor":9.0,"key":"Singing Bowl"}],"event_choices":[{"damage_healed":0.0,"max_hp_gain":5.0,"max_hp_loss":0.0,"gold_gain":0.0,"event_name":"Big Fish","player_choice":"Donut","floor":4.0,"gold_loss":0.0,"damage_taken":0.0},{"damage_healed":0.0,"max_hp_gain":0.0,"max_hp_loss":0.0,"gold_gain":0.0,"cards_transformed":["Strike_G"],"event_name":"Transmorgrifier","player_choice":"Transformed","floor":13.0,"gold_loss":0.0,"damage_taken":0.0,"cards_obtained":["Catalyst"]}],"is_beta":false,"boss_relics":[],"items_purged_floors":[10],"is_endless":false,"potions_floor_spawned":[1,2,5,8],"killed_by":"Slime Boss","ascension_level":20}}