{"host":"wwo1kwxjf4eyz37q","time":1610964850,"event":{"mods":["AchievementEnabler","BaseMod","Colored Map","Minty Spire (QoL Compilation)","Quick Restart","SuperFastMode"],"gold_per_floor":[118,118,134,150,24,56,56,56,56,71,71,90,90,110,110,110,110],"floor_reached":16,"language":"KOR","playtime":846,"items_purged":["Strike_R"],"score":204,"play_id":"fa0bba8f-646d-439e-8b42-d9ecda591f8b","local_time":"20210118191410","is_ascension_mode":true,"campfire_choices":[{"data":"Bash","floor":8.0,"key":"SMITH"},{"data":"Battle Trance","floor":11.0,"key":"SMITH"},{"data":"Armaments","floor":13.0,"key":"SMITH"},{"floor":15,"key":"REST"}],"circlet_count":0,"master_deck":["AscendersBane","Strike_R","Strike_R","Strike_R","Defend_R","Defend_R","Defend_R","Bash+1","Offering","Sword Boomerang","Shrug It Off","Battle Trance+1","Limit Break","Armaments+1","Second Wind"],"relics":["Burning Blood","Self Forming Clay","Smiling Mask","Akabeko"],"acts_visited":["Exordium"],"potions_floor_usage":[16],"damage_taken":[{"damage":6.0,"enemies":"Small Slimes","floor":1.0,"turns":2.0},{"damage":9.0,"enemies":"2 Louse","floor":3.0,"turns":3.0},{"damage":6.0,"enemies":"Cultist","floor":4.0,"turns":3.0},{"damage":20.0,"enemies":"Lagavulin","floor":6.0,"turns":7.0},{"damage":3.0,"enemies":"Exordium Thugs","floor":10.0,"turns":4.0},{"damage":4.0,"enemies":"Gremlin Gang","floor":12.0,"turns":5.0},{"damage":0,"enemies":"Looter","floor":14,"turns":2},{"damage":62,"enemies":"Slime Boss","floor":16,"turns":9}],"seed_played":"-4009770175544681532","potions_obtained":[{"floor":3.0,"key":"Fire Potion"},{"floor":6.0,"key":"LiquidBronze"}],"is_trial":false,"path_per_floor":["M","?","M","M","$","E","?","R","T","M","R","M","R","M","R","B"],"character_chosen":"IRONCLAD","items_purchased":["Shrug It Off"],"campfire_rested":1,"item_purchase_floors":[5],"current_hp_per_floor":[50,50,47,47,47,33,33,33,33,36,36,38,38,44,66,4,4],"gold":110,"neow_bonus":"TRANSFORM_TWO_CARDS","is_daily":false,"chose_seed":false,"campfire_upgraded":3,"win_rate":0.0,"timestamp":1610964850,"path_taken":["M","?","M","M","$","E","?","R","T","?","R","M","R","M","R","BOSS"],"items_purchased_type":["Card"],"build_version":"2020-12-22","purchased_purges":1,"victory":false,"max_hp_per_floor":[75,75,75,75,75,75,75,75,75,75,75,75,75,75,75,75,75],"card_choices":[{"not_picked":["Headbutt","Rage","Warcry"],"picked":"SKIP","floor":1.0},{"not_picked":["Armaments","True Grit"],"picked":"Sword Boomerang","floor":3.0},{"not_picked":["Sword Boomerang","Heavy Blade","Havoc"],"picked":"SKIP","floor":4.0},{"not_picked":["Heavy Blade","Clash"],"picked":"Battle Trance","floor":6.0},{"not_picked":["Shrug It Off","Thunderclap"],"picked":"Limit Break","floor":10.0},{"not_picked":["True Grit","Perfected Strike"],"picked":"Armaments","floor":12.0},{"not_picked":["Bloodletting","Dark Embrace"],"picked":"Second Wind","floor":14}],"player_experience":242134,"relics_obtained":[{"floor":6.0,"key":"Self Forming Clay"},{"floor":9.0,"key":"Akabeko"}],"event_choices":[{"damage_healed":0.0,"max_hp_gain":0.0,"max_hp_loss":0.0,"gold_gain":0.0,"event_name":"Scrap Ooze","player_choice":"Fled","floor":2.0,"gold_loss":0.0,"damage_taken":0.0},{"cards_removed":["Juggernaut"],"damage_healed":0.0,"max_hp_gain":0.0,"max_hp_loss":0.0,"gold_gain":0.0,"event_name":"WeMeetAgain","player_choice":"Gave Card","floor":7.0,"gold_loss":0.0,"damage_taken":0.0,"relics_obtained":["Smiling Mask"]}],"is_beta":false,"boss_relics":[],"items_purged_floors":[5],"is_endless":false,"potions_floor_spawned":[3,6],"killed_by":"Slime Boss","ascension_level":20}}