{"host":"uimu98mr9zvwuo5s","time":1610989773,"event":{"mods":["Aspiration","BaseMod","BetterRewards","Conspire","Defective Defect","GifTheSpireLib","Gremlin Mod","Hermit","Highlight Path","Hubris","Infinite Spire","Jedi Mod","Jorbs\u0027s Wanderer Trilogy","LagranYue(???·?)","Minty Spire (QoL Compilation)","Replay The Spire","Shop Mod","StSLib","Stuff the Spire","The Hierophant","Uncapped"],"gold_per_floor":[31,31,31,60,10,10,158,205,286,286,393,393,424,455,455,563,563,589,589,613,674,704,743,783,824,824,824,973,992,992,1024,1024,1150,1150,1191,1197,1269,1311,1311,1478,1342,1513,1513,1513,1513,1556,1609,1649,1649,1677],"floor_reached":51,"language":"ENG","playtime":4110,"items_purged":["hermit:Strike_Hermit","hermit:Strike_Hermit","hermit:Defend_Hermit","hermit:Strike_Hermit","hermit:Defend_Hermit","hermit:LoneWolf+1"],"score":967,"play_id":"ea2e4caf-1c22-47f6-a2e7-7b3f0b988cc2","local_time":"20210118120933","is_ascension_mode":false,"campfire_choices":[{"data":"hermit:Scavenge","floor":6,"key":"SMITH"},{"data":"hermit:Dive","floor":12,"key":"SMITH"},{"data":"hermit:CalledShot","floor":15,"key":"SMITH"},{"data":"hermit:LuckOfTheDraw","floor":27,"key":"SMITH"},{"data":"hermit:Deadeye","floor":32,"key":"SMITH"},{"data":"hermit:Enervate","floor":44,"key":"SMITH"},{"data":"hermit:Cheat+1","floor":49,"key":"PURGE"}],"circlet_count":0,"master_deck":["hermit:Snapshot","hermit:Covet","hermit:ItchyTrigger","hermit:Scavenge+1","hermit:CursedWeapon+1","hermit:Dive+1","hermit:CalledShot+1","hermit:GhostlyPresence","hermit:GhostlyPresence","hermit:Enervate+1","hermit:LuckOfTheDraw+1","hermit:Scavenge+1","hermit:Enervate+1","hermit:Snipe","hermit:DeadMansHand+1","hermit:Scavenge+1","hermit:Scavenge+1","hermit:Deadeye+1","hermit:Scavenge+1"],"relics":["LagranYue:RandomDrawCardRelic","MerchantsRug","Membership Card","StuffTheSpire:TintedRock","hubris:SlimyHat","BargainBundle","conspire:TreasureMap","Chemical X","Tiny Chest","Thread and Needle","StuffTheSpire:SapphireSignet","Shuriken","Strawberry","hubris:BundleOfHerbs","Toy Ornithopter","Coffee Dripper","NlothsMask","Quantum Egg","jedi:heavyjacket","conspire:SpecialSausage","hubris:HerbalPaste","BranchBurnRelic","Astrolabe","Replay:Multitool","conspire:TopHat","hermit:Spyglass","PreservedInsect","Philosopher\u0027s Stone","Potion Belt"],"acts_visited":["Exordium","TheCity","TheBeyond"],"potions_floor_usage":[16,50],"damage_taken":[{"damage":4,"enemies":"Jaw Worm","floor":1,"turns":4},{"damage":2,"enemies":"Cultist","floor":4,"turns":4},{"damage":2,"enemies":"Lagavulin","floor":7,"turns":10},{"damage":12,"enemies":"3 Sentries","floor":11,"turns":10},{"damage":2,"enemies":"2 Louse","floor":13,"turns":4},{"damage":6,"enemies":"Lots of Slimes","floor":14,"turns":5},{"damage":11,"enemies":"Fading Forest","floor":16,"turns":11},{"damage":2,"enemies":"Shell Parasite","floor":18,"turns":4},{"damage":2,"enemies":"2 Thieves","floor":22,"turns":3},{"damage":9,"enemies":"Snake Plant","floor":23,"turns":4},{"damage":2,"enemies":"Cultist and Chosen","floor":24,"turns":6},{"damage":2,"enemies":"Centurion and Healer","floor":25,"turns":5},{"damage":7,"enemies":"Colosseum Slavers","floor":28,"turns":4},{"damage":4,"enemies":"Colosseum Nobs","floor":28,"turns":4},{"damage":2,"enemies":"Snecko","floor":29,"turns":7},{"damage":2,"enemies":"Shelled Parasite and Fungi","floor":31,"turns":2},{"damage":9,"enemies":"Champ","floor":33,"turns":8},{"damage":5,"enemies":"3 Shapes","floor":35,"turns":2},{"damage":2,"enemies":"2 Orb Walkers","floor":37,"turns":5},{"damage":3,"enemies":"3 Darklings","floor":38,"turns":6},{"damage":2,"enemies":"Nemesis","floor":40,"turns":5},{"damage":3,"enemies":"R_Hoarder","floor":42,"turns":6},{"damage":2,"enemies":"Sphere and 2 Shapes","floor":46,"turns":6},{"damage":2,"enemies":"Jaw Worm Horde","floor":47,"turns":4},{"damage":2,"enemies":"Spire Growth","floor":48,"turns":3},{"damage":49,"enemies":"infinitespire:MassOfShapes","floor":50,"turns":13}],"seed_played":"-6914072039817846678","potions_obtained":[{"floor":1,"key":"SmokeBomb"},{"floor":7,"key":"hermit:BlackBile"},{"floor":11,"key":"Dexterity Potion"},{"floor":18,"key":"Reflective Coating"},{"floor":22,"key":"jedi:hoardpotion"},{"floor":25,"key":"SkillPotion"},{"floor":31,"key":"jedi:mysterypotion"},{"floor":42,"key":"SkillPotion"},{"floor":46,"key":"hermit:Eclipse"},{"floor":47,"key":"Energy Potion"}],"is_trial":false,"path_per_floor":["M","?","$","M","$","R","E","T","T","?","E","R","M","M","R","B",null,"M","?","T","$","M","M","M","M","T","R","?","M","AVR","M","R","B",null,"M","$","?","M","$","E","?","E","T","R","AVR","M","M","M","R","B",null],"character_chosen":"HERMIT","items_purchased":["MerchantsRug","Membership Card","StuffTheSpire:TintedRock","hubris:SlimyHat","BargainBundle","conspire:TreasureMap","Chemical X","hermit:ItchyTrigger","Tiny Chest","hermit:Scavenge","hermit:CursedWeapon+1","hermit:Dive","hermit:CalledShot","hermit:GhostlyPresence","hermit:Enervate+1","hermit:LuckOfTheDraw","hermit:Scavenge","hermit:Enervate","Thread and Needle","hermit:Scavenge+1"],"campfire_rested":0,"item_purchase_floors":[0,0,0,0,0,0,0,0,0,0,0,0,0,0,0,0,0,0,0,21],"current_hp_per_floor":[36,36,36,34,34,34,32,39,39,39,27,27,25,19,19,25,82,80,80,80,80,78,71,69,67,67,67,56,54,54,55,55,77,82,80,80,82,81,81,82,82,81,81,81,81,82,82,82,82,47],"gold":1677,"neow_bonus":"","is_daily":false,"chose_seed":false,"campfire_upgraded":6,"win_rate":0.0,"timestamp":1610989773,"path_taken":["M","?","?","?","$","R","E","?","T","?","E","R","M","?","R","BOSS","M","?","?","$","M","M","M","M","T","R","?","M","AVR","M","R","BOSS","M","$","?","M","$","E","?","E","T","R","AVR","M","M","M","R","BOSS"],"items_purchased_type":["Relic","Relic","Relic","Relic","Relic","Relic","Relic","Card","Relic","Card","Card","Card","Card","Card","Card","Card","Card","Card","Relic","Card"],"build_version":"2020-12-22","purchased_purges":6,"victory":true,"max_hp_per_floor":[75,75,75,75,75,75,75,82,82,82,82,82,82,82,82,82,82,82,82,82,82,82,82,82,82,82,82,82,82,82,82,82,82,82,82,82,82,82,82,82,82,82,82,82,82,82,82,82,82,82],"card_choices":[{"not_picked":["hermit:Vantage","hermit:Coalescence"],"picked":"hermit:Snipe","floor":1},{"not_picked":["hermit:Desperado","hermit:Gestalt","hermit:Vantage"],"picked":"SKIP","floor":4},{"not_picked":["hermit:GoldenBullet","hermit:Cheat","hermit:BodyArmor"],"picked":"SKIP","floor":7},{"not_picked":["hermit:ShadowCloak","hermit:Vantage","hermit:Midnight"],"picked":"SKIP","floor":11},{"not_picked":["hermit:Feint","hermit:Virtue","hermit:Vantage"],"picked":"SKIP","floor":13},{"not_picked":["hermit:Magnum","hermit:TrackingShot","hermit:Combo"],"picked":"SKIP","floor":14},{"not_picked":["hermit:Roulette","hermit:Vantage"],"picked":"hermit:DeadMansHand+1","floor":18},{"not_picked":["hermit:WideOpen","hermit:Vantage"],"picked":"hermit:Scavenge+1","floor":22},{"not_picked":["hermit:Desperado+1","hermit:ShadowCloak","hermit:Misfire"],"picked":"SKIP","floor":23},{"not_picked":["hermit:Desperado","hermit:Cheat"],"picked":"hermit:Deadeye","floor":24},{"not_picked":["hermit:FullyLoaded+1","hermit:TrackingShot","hermit:ShadowCloak"],"picked":"SKIP","floor":25},{"not_picked":["hermit:Gambit","hermit:CalledShot","hermit:LuckOfTheDraw"],"picked":"SKIP","floor":29},{"not_picked":["hermit:Showdown","hermit:WideOpen","hermit:Combo"],"picked":"SKIP","floor":31},{"not_picked":["hermit:Horror","hermit:Vantage+1","hermit:TakeAim+1"],"picked":"SKIP","floor":35},{"not_picked":["hermit:FatalDesire","hermit:Virtue+1","hermit:CalledShot"],"picked":"SKIP","floor":38},{"not_picked":["hermit:BlackWind","hermit:LoneWolf","hermit:Showdown"],"picked":"SKIP","floor":40},{"not_picked":["hermit:Roulette+1","hermit:Enervate","hermit:Headshot"],"picked":"SKIP","floor":42},{"not_picked":["hermit:CalledShot","hermit:FlashPowder+1","hermit:Snipe"],"picked":"SKIP","floor":46},{"not_picked":["hermit:Determination","hermit:TakeAim","hermit:Gestalt+1"],"picked":"SKIP","floor":47},{"not_picked":["hermit:Shortfuse+1","hermit:Gestalt","hermit:BodyArmor+1"],"picked":"SKIP","floor":48}],"player_experience":253961,"relics_obtained":[{"floor":2,"key":"StuffTheSpire:SapphireSignet"},{"floor":7,"key":"Shuriken"},{"floor":8,"key":"Strawberry"},{"floor":9,"key":"hubris:BundleOfHerbs"},{"floor":11,"key":"Toy Ornithopter"},{"floor":26,"key":"Quantum Egg"},{"floor":28,"key":"Dead Branch"},{"floor":28,"key":"jedi:heavyjacket"},{"floor":37,"key":"Replay:Multitool"},{"floor":40,"key":"conspire:TopHat"},{"floor":43,"key":"PreservedInsect"}],"event_choices":[{"damage_healed":0,"gold_gain":0,"player_choice":"Forge","damage_taken":0,"max_hp_gain":0,"max_hp_loss":0,"event_name":"Accursed Blacksmith","floor":10,"gold_loss":0,"cards_upgraded":["hermit:Scavenge"]},{"damage_healed":0,"gold_gain":0,"player_choice":"Trade","damage_taken":0,"relics_obtained":["NlothsMask"],"max_hp_gain":0,"max_hp_loss":0,"event_name":"FaceTrader","floor":19,"gold_loss":0},{"damage_healed":0,"gold_gain":0,"player_choice":"Fight","damage_taken":0,"max_hp_gain":0,"max_hp_loss":0,"event_name":"Colosseum","floor":28,"gold_loss":0},{"damage_healed":0,"gold_gain":0,"player_choice":"Fought Nobs","damage_taken":0,"max_hp_gain":0,"max_hp_loss":0,"event_name":"Colosseum","floor":28,"gold_loss":0},{"damage_healed":0,"gold_gain":0,"player_choice":"Fight","damage_taken":0,"max_hp_gain":0,"max_hp_loss":0,"event_name":"Mysterious Sphere","floor":37,"gold_loss":0},{"damage_healed":0,"gold_gain":0,"player_choice":"Paid Gold","damage_taken":0,"relics_obtained":["hermit:Spyglass"],"max_hp_gain":0,"max_hp_loss":0,"event_name":"WeMeetAgain","floor":41,"gold_loss":136}],"is_beta":false,"boss_relics":[{"not_picked":["ReplayTheSpireMod:DimensionalGlitch","hubris:BlackHole"],"picked":"Coffee Dripper"},{"not_picked":["hubris:ScarierMask","Replay:Bronze Core"],"picked":"Astrolabe"}],"items_purged_floors":[0,5,21,30,36,45],"is_endless":false,"potions_floor_spawned":[1,7,11,14,18,22,25,31,33,42,46,47,48],"ascension_level":0}}