{"host":"egwexuw5uvnxf11j","time":1610943536,"event":{"mods":["2.2 Compatiblity","Aspiration","BaseMod","Better Altar","Better Note","Better Sensory Stone","Better Third Choice","Displayed Cursed Tome","Downfall","Hermit","Key Reminder","Koishi","Marisa????????","Minty Spire (QoL Compilation)","Quick Restart","Shade Mod","Spicy Shops","StSLib","The Construct","The Cursed","The Hierophant","The Runesmith","The Senshi","The Servant 0.9.4","Transform Curses"],"gold_per_floor":[114,114,130,136,164,164,146,146],"floor_reached":7,"language":"ENG","playtime":262,"items_purged":[],"score":52,"play_id":"d905e16e-7a6b-41dd-8aae-93ddfd89f33f","local_time":"20210117231856","is_ascension_mode":true,"campfire_choices":[{"floor":6,"key":"REST"}],"circlet_count":0,"master_deck":["hierophant:Strike_Hierophant","hierophant:Strike_Hierophant","hierophant:Strike_Hierophant","hierophant:Strike_Hierophant","hierophant:Punish","hierophant:Defend_Hierophant","hierophant:Defend_Hierophant","hierophant:Defend_Hierophant","hierophant:Defend_Hierophant","hierophant:ChurchCoffers","hierophant:Doubloon","hierophant:ConvertCurrency","Regret","hierophant:ThreeLashes","hierophant:Doubloon","hierophant:CursedGold","hierophant:Encroach"],"relics":["hierophant:PropheticMaskRelic","aspiration:Nostalgia","Guardian:ModeShifter","Omamori"],"acts_visited":["Exordium"],"potions_floor_usage":[7],"damage_taken":[{"damage":6,"enemies":"2 Louse","floor":1,"turns":3},{"damage":13,"enemies":"Jaw Worm","floor":3,"turns":3},{"damage":3,"enemies":"Small Slimes","floor":4,"turns":4},{"damage":6,"enemies":"3 Louse","floor":5,"turns":2},{"damage":70,"enemies":"Gremlin Nob","floor":7,"turns":5}],"seed_played":"4188345535843588968","potions_obtained":[{"floor":1,"key":"Weak Potion"}],"is_trial":false,"path_per_floor":["M","?","M","M","M","R","E"],"character_chosen":"HIEROPHANT","items_purchased":[],"campfire_rested":1,"item_purchase_floors":[],"current_hp_per_floor":[69,69,56,53,47,69,0,0],"gold":146,"neow_bonus":"NOSTALGIA","is_daily":false,"chose_seed":false,"campfire_upgraded":0,"win_rate":0.0,"timestamp":1610943536,"path_taken":["M","?","M","M","M","R","E"],"items_purchased_type":[],"build_version":"2020-12-22","purchased_purges":0,"victory":false,"max_hp_per_floor":[75,75,75,75,75,75,75,75],"card_choices":[{"not_picked":["hierophant:FaithHealing","hierophant:Shelter"],"picked":"hierophant:ConvertCurrency","floor":1},{"not_picked":["hierophant:Encroach","hierophant:RepressedViolence"],"picked":"hierophant:ThreeLashes","floor":3},{"not_picked":["hierophant:Shelter","hierophant:SolarFlare"],"picked":"hierophant:CursedGold","floor":4},{"not_picked":["hierophant:Cornucopia","hierophant:DisplayOfPower"],"picked":"hierophant:Encroach","floor":5}],"player_experience":2247103,"relics_obtained":[],"event_choices":[{"damage_healed":0,"gold_gain":0,"player_choice":"Box","damage_taken":0,"relics_obtained":["Omamori"],"max_hp_gain":0,"max_hp_loss":0,"event_name":"Big Fish","floor":2,"gold_loss":0,"cards_obtained":["Regret"]}],"is_beta":false,"boss_relics":[],"items_purged_floors":[],"is_endless":false,"potions_floor_spawned":[1],"killed_by":"Gremlin Nob","ascension_level":4}}