{"host":"cdcsem0stf6rethc","time":1610954697,"event":{"mods":["AchievementEnabler","Act Like it!","BaseMod","Colored Map","Energized Spire","Highlight Path","Minty Spire (QoL Compilation)","Replay The Spire","StSLib","The Animator","UnlockEverythingMod"],"gold_per_floor":[128,14,14,14,14,14,14],"floor_reached":6,"language":"ZHS","playtime":403,"items_purged":["animator:Strike"],"score":32,"play_id":"f3c8bca8-5e6b-450e-b634-2f64afb1c2c9","local_time":"20210118152457","is_ascension_mode":false,"campfire_choices":[],"circlet_count":0,"master_deck":["animator:Strike_Overlord","animator:Defend_Overlord","animator:Defend","animator:Defend","animator:Defend+1","animator:Cocytus","animator:Demiurge","animator:Shizu","animator:GazelDwargon","animator:DolaRiku+1","animator:Entoma+1"],"relics":["animator:LivingPicture","animator:TheMissingPiece","Golden Idol"],"acts_visited":["Exordium"],"potions_floor_usage":[],"damage_taken":[{"damage":1,"enemies":"Jaw Worm","floor":1,"turns":5},{"damage":27,"enemies":"Lagavulin","floor":6,"turns":7}],"seed_played":"-4156733778389374542","potions_obtained":[],"is_trial":false,"path_per_floor":["M","$","?","?","?","E"],"character_chosen":"THE_ANIMATOR","items_purchased":["animator:Entoma"],"campfire_rested":0,"item_purchase_floors":[2],"current_hp_per_floor":[47,47,31,18,40,13,13],"gold":14,"neow_bonus":"TRANSFORM_TWO_CARDS","is_daily":false,"chose_seed":true,"campfire_upgraded":0,"win_rate":0.0,"timestamp":1610954697,"path_taken":["M","$","?","?","?","E"],"items_purchased_type":["Card"],"build_version":"2020-12-22","purchased_purges":1,"victory":false,"max_hp_per_floor":[66,66,66,66,66,66,66],"card_choices":[{"not_picked":["animator:YamaiSisters","animator:Kuribayashi"],"picked":"animator:DolaRiku","floor":1}],"player_experience":216388,"relics_obtained":[],"event_choices":[{"damage_healed":0,"gold_gain":0,"player_choice":"Take Damage","damage_taken":16,"relics_obtained":["Golden Idol"],"max_hp_gain":0,"max_hp_loss":0,"event_name":"Golden Idol","floor":3,"gold_loss":0},{"damage_healed":0,"gold_gain":0,"player_choice":"Entered Light","damage_taken":13,"max_hp_gain":0,"max_hp_loss":0,"event_name":"Shining Light","floor":4,"gold_loss":0,"cards_upgraded":["animator:DolaRiku","animator:Defend"]},{"damage_healed":22,"gold_gain":0,"player_choice":"Banana","damage_taken":0,"max_hp_gain":0,"max_hp_loss":0,"event_name":"Big Fish","floor":5,"gold_loss":0}],"is_beta":false,"boss_relics":[],"items_purged_floors":[2],"is_endless":false,"potions_floor_spawned":[],"killed_by":"Lagavulin","ascension_level":0}}