{"host":"4bbalj7r5kimsnho","time":1610995951,"event":{"mods":["AchievementEnabler","BaseMod","Colored Powertips","Hermit","Minty Spire (QoL Compilation)","StSLib"],"gold_per_floor":[112,112,122,122,47,47,88,88,88,88,88],"floor_reached":10,"language":"ENG","playtime":420,"items_purged":["hermit:Strike_Hermit"],"score":64,"play_id":"542bc638-6020-4941-a54c-f4412f9cf2aa","local_time":"20210118185231","is_ascension_mode":false,"campfire_choices":[{"data":"hermit:WideOpen","floor":6,"key":"SMITH"},{"data":"hermit:OverwhelmingPower","floor":8,"key":"SMITH"}],"circlet_count":0,"master_deck":["hermit:Strike_Hermit","hermit:Strike_Hermit","hermit:Defend_Hermit","hermit:Defend_Hermit","hermit:Snapshot","hermit:Covet","Injury","hermit:Midnight","hermit:SprayPray","hermit:Glare","hermit:WideOpen+1","Injury","hermit:OverwhelmingPower+1"],"relics":["hermit:Momento","Golden Idol","Shuriken","Lantern"],"acts_visited":["Exordium"],"potions_floor_usage":[],"damage_taken":[{"damage":0,"enemies":"2 Louse","floor":1,"turns":1},{"damage":0,"enemies":"Jaw Worm","floor":3,"turns":2},{"damage":27,"enemies":"3 Sentries","floor":7,"turns":5},{"damage":43,"enemies":"Gremlin Nob","floor":10,"turns":3}],"seed_played":"-6811244483007598398","potions_obtained":[{"floor":7,"key":"Ancient Potion"}],"is_trial":false,"path_per_floor":["M","?","M","?","$","R","E","R","T","E"],"character_chosen":"HERMIT","items_purchased":[],"campfire_rested":0,"item_purchase_floors":[],"current_hp_per_floor":[75,68,68,68,68,68,41,41,41,0,0],"gold":88,"neow_bonus":"TRANSFORM_TWO_CARDS","is_daily":false,"chose_seed":false,"campfire_upgraded":2,"win_rate":0.0,"timestamp":1610995951,"path_taken":["M","?","M","?","$","R","E","R","T","E"],"items_purchased_type":[],"build_version":"2020-12-22","purchased_purges":1,"victory":false,"max_hp_per_floor":[75,75,75,75,75,75,75,75,75,75,75],"card_choices":[{"not_picked":["hermit:SprayPray","hermit:HoleUp"],"picked":"hermit:Glare","floor":1},{"not_picked":["hermit:Roulette","hermit:Virtue"],"picked":"hermit:WideOpen","floor":3},{"not_picked":["hermit:Ricochet","hermit:Showdown"],"picked":"hermit:OverwhelmingPower","floor":7}],"player_experience":87379,"relics_obtained":[{"floor":7,"key":"Shuriken"},{"floor":9,"key":"Lantern"}],"event_choices":[{"cards_removed":["hermit:Strike_Hermit"],"damage_healed":0,"gold_gain":0,"player_choice":"Card Removal","damage_taken":7,"max_hp_gain":0,"max_hp_loss":0,"event_name":"Golden Wing","floor":2,"gold_loss":0},{"damage_healed":0,"gold_gain":0,"player_choice":"Take Wound","damage_taken":0,"relics_obtained":["Golden Idol"],"max_hp_gain":0,"max_hp_loss":0,"event_name":"Golden Idol","floor":4,"gold_loss":0,"cards_obtained":["Injury"]}],"is_beta":false,"boss_relics":[],"items_purged_floors":[5],"is_endless":false,"potions_floor_spawned":[7],"killed_by":"Gremlin Nob","ascension_level":0}}