{"host":"bydnmyvf669xu6ab","time":1610957767,"event":{"mods":["Aspiration","BaseMod","Better Note","BetterRewards","Colored Map","Colored Powertips","Minty Spire (QoL Compilation)","Rare Cards Sparkle","Relic Stats","Shop Mod","StSLib","SuperFastMode","Virulent Crown"],"gold_per_floor":[110,125,100,119,6,38,113,126,126,126,157,177,188,214,214,310,310,321,336,286,114,114,143,170,186,238,248,248,248,262,278,278,380,380,391,162,162,175,175,210,210,220,247,247,266,231,231,264,264,264,264,264,17,42,42],"floor_reached":56,"language":"ENG","playtime":3831,"items_purged":[],"score":1506,"play_id":"ac0e4022-8ed7-4685-b050-32e1e8047c53","local_time":"20210118001607","is_ascension_mode":true,"campfire_choices":[{"data":"Dramatic Entrance","floor":10,"key":"SMITH"},{"data":"Demon Form","floor":15,"key":"SMITH"},{"floor":29,"key":"RECALL"},{"data":"Inflame","floor":32,"key":"SMITH"},{"data":"Berserk","floor":41,"key":"SMITH"},{"data":"Loop","floor":47,"key":"SMITH"},{"data":"Barricade","floor":49,"key":"SMITH"},{"data":"Whirlwind","floor":52,"key":"SMITH"}],"circlet_count":0,"master_deck":["Strike_R","Strike_R","Strike_R","Strike_R","Strike_R","Defend_R","Defend_R","Defend_R","Defend_R","Bash","Dramatic Entrance+1","Rage","Flame Barrier+1","Entrench+1","Cleave","Rage+1","Metallicize","Disarm+1","Headbutt","Iron Wave","Demon Form+1","Whirlwind+1","Warcry+1","Limit Break+1","Flex+1","Iron Wave","Armaments+1","Rupture","Pummel+1","Infernal Blade+1","Dual Wield+1","Inflame+1","Double Tap+1","Hologram+1","Conserve Battery+1","Secret Technique+1","Madness+1","Madness+1","Berserk+1","Rampage+1","Loop+1","Barricade+1","Metallicize"],"relics":["Burning Blood","Bird Faced Urn","Tiny Chest","MealTicket","Torii","Toxic Egg 2","Blue Candle","Paper Frog","Art of War","Strawberry","Runic Cube","PreservedInsect","aspiration:HummingbirdHeart","Anchor","Lantern","MutagenicStrength","aspiration:DefectSkillbook","Potion Belt","Bottled Tornado","Ancient Tea Set","Pen Nib"],"acts_visited":["TheCity","TheBeyond","TheEnding"],"potions_floor_usage":[11,12,13,33,33,33,38,40,48,55,55,55],"damage_taken":[{"damage":0,"enemies":"Jaw Worm","floor":1,"turns":3},{"damage":1,"enemies":"Small Slimes","floor":2,"turns":3},{"damage":0,"enemies":"Cultist","floor":4,"turns":2},{"damage":19,"enemies":"Gremlin Nob","floor":6,"turns":5},{"damage":1,"enemies":"Exordium Wildlife","floor":8,"turns":5},{"damage":1,"enemies":"3 Sentries","floor":11,"turns":5},{"damage":1,"enemies":"Exordium Thugs","floor":12,"turns":4},{"damage":11,"enemies":"2 Fungi Beasts","floor":13,"turns":3},{"damage":33,"enemies":"Gremlin Nob","floor":14,"turns":5},{"damage":7,"enemies":"Hexaghost","floor":16,"turns":9},{"damage":0,"enemies":"3 Byrds","floor":18,"turns":3},{"damage":2,"enemies":"Shell Parasite","floor":19,"turns":8},{"damage":12,"enemies":"Book of Stabbing","floor":23,"turns":8},{"damage":1,"enemies":"Snake Plant","floor":25,"turns":3},{"damage":14,"enemies":"Centurion and Healer","floor":27,"turns":10},{"damage":4,"enemies":"Snecko","floor":30,"turns":3},{"damage":16,"enemies":"3 Cultists","floor":31,"turns":6},{"damage":67,"enemies":"Collector","floor":33,"turns":8},{"damage":0,"enemies":"Orb Walker","floor":35,"turns":3},{"damage":0,"enemies":"3 Shapes","floor":38,"turns":3},{"damage":22,"enemies":"Nemesis","floor":40,"turns":5},{"damage":0,"enemies":"Spire Growth","floor":42,"turns":5},{"damage":0,"enemies":"3 Darklings","floor":45,"turns":4},{"damage":24,"enemies":"Reptomancer","floor":48,"turns":5},{"damage":19,"enemies":"Awakened One","floor":50,"turns":10},{"damage":9,"enemies":"Shield and Spear","floor":54,"turns":5},{"damage":16,"enemies":"The Heart","floor":55,"turns":7}],"seed_played":"-8939568982620719317","potions_obtained":[{"floor":4,"key":"Explosive Potion"},{"floor":6,"key":"BloodPotion"},{"floor":8,"key":"ColorlessPotion"},{"floor":12,"key":"Energy Potion"},{"floor":16,"key":"FearPotion"},{"floor":19,"key":"BloodPotion"},{"floor":33,"key":"SteroidPotion"},{"floor":38,"key":"Strength Potion"},{"floor":42,"key":"Weak Potion"},{"floor":48,"key":"ColorlessPotion"}],"is_trial":false,"path_per_floor":["M","M","$","M","$","E","?","M","T","R","E","M","M","E","R","B",null,"M","M","?","$","?","E","T","M","T","M","?","R","M","M","R","B",null,"M","$","?","M","T","E","R","M","T","?","M","$","R","E","R","B",null,"R","$","E","B",null],"character_chosen":"IRONCLAD","items_purchased":["Tiny Chest","Dramatic Entrance","MealTicket","Rage","Toxic Egg 2","Cleave","Metallicize","Disarm+1","PreservedInsect","Armaments+1","Conserve Battery+1","Secret Technique+1","Loop","Metallicize","HeartOfIron","LiquidMemories"],"campfire_rested":0,"item_purchase_floors":[0,0,0,0,0,3,5,5,21,21,36,36,46,53,53,53],"current_hp_per_floor":[38,43,58,64,79,68,57,64,64,64,71,78,76,58,58,61,87,87,87,87,87,87,83,83,87,87,81,81,81,85,79,79,58,87,87,87,76,87,87,71,71,83,83,83,87,87,87,69,69,70,87,87,87,87,84],"gold":42,"neow_bonus":"","is_daily":false,"chose_seed":false,"campfire_upgraded":7,"win_rate":0.0,"timestamp":1610957767,"path_taken":["M","M","$","M","$","E","?","M","T","R","E","M","M","E","R","BOSS","M","M","?","$","?","E","?","M","T","?","?","R","M","M","R","BOSS","M","$","?","M","?","E","R","M","T","?","M","$","R","E","R","BOSS","R","$","E","BOSS"],"items_purchased_type":["Relic","Card","Relic","Card","Relic","Card","Card","Card","Relic","Card","Card","Card","Card","Card","Potion","Potion"],"build_version":"2020-12-22","purchased_purges":0,"victory":true,"max_hp_per_floor":[80,80,80,80,80,80,80,80,80,80,80,80,80,87,87,87,87,87,87,87,87,87,87,87,87,87,87,87,87,87,87,87,87,87,87,87,87,87,87,87,87,87,87,87,87,87,87,87,87,87,87,87,87,87,87],"relic_stats":{"Torii":90,"counters":[258,1191],"Bird Faced Urn":[115],"Blue Candle":[0],"Tiny Chest":2,"MealTicket":30,"PreservedInsect":215,"Pen Nib":[1],"Art of War":[19],"obtain_stats":[{"Whetstone":43,"Bottled Tornado":40,"Boot":29,"Blood Vial":25,"Sundial":24,"MealTicket":14,"Kunai":0,"aspiration:DSix":13,"Runic Cube":17,"MerchantsRug":24,"Blue Candle":6,"Eternal Feather":43,"Pen Nib":42,"aspiration:FrozenJewel":0,"Bird Faced Urn":37,"MutagenicStrength":28,"Mark of Pain":34,"aspiration:Lifesprig":54,"Regal Pillow":27,"Lantern":38,"Torii":46,"Singing Bowl":7,"Bag of Preparation":31,"Ancient Tea Set":7,"Cursed Key":34,"Smiling Mask":23,"Burning Blood":0,"Matryoshka":0,"aspiration:AnachronicSnailShell":23,"Toolbox":0,"Chemical X":0,"aspiration:FutureDiary":17,"aspiration:ChemicalBlood":9,"Paper Frog":43,"Potion Belt":0,"Lee\u0027s Waffle":0,"Self Forming Clay":25,"The Courier":9,"PreservedInsect":21,"Omamori":13,"Frozen Egg 2":26,"Busted Crown":34,"Orrery":37,"Turnip":9,"Art of War":26,"Champion Belt":41,"Toy Ornithopter":0,"Ice Cream":19,"Calipers":12,"Tiny House":17,"Gremlin Horn":17,"Vajra":42,"Centennial Puzzle":41,"Lizard Tail":28,"HornCleat":2,"DollysMirror":0,"Strawberry":10,"Philosopher\u0027s Stone":17,"aspiration:ArtOfWarUpgrade":23,"Toxic Egg 2":3,"aspiration:Nostalgia":53,"Astrolabe":17,"Dead Branch":42,"Oddly Smooth Stone":25,"Charon\u0027s Ashes":17,"aspiration:SeaSaltIceCream":43,"Letter Opener":43,"War Paint":28,"aspiration:HiddenCompartment":21,"Question Card":14,"Du-Vu Doll":26,"Bottled Flame":40,"Shuriken":31,"Bronze Scales":19,"Molten Egg 2":26,"Meat on the Bone":29,"SacredBark":17,"Black Blood":17,"Juzu Bracelet":22,"PrismaticShard":22,"aspiration:StickyExplosives_weak":27,"ClockworkSouvenir":30,"aspiration:DefectSkillbook":17,"Gambling Chip":28,"Tiny Chest":0,"Red Skull":38,"aspiration:FetidBarrel":4,"aspiration:HummingbirdHeart":10,"Odd Mushroom":12,"Medical Kit":31,"White Beast Statue":48,"Calling Bell":17,"Anchor":9,"CaptainsWheel":54,"Bag of Marbles":14,"Membership Card":19,"PureWater":53,"FossilizedHelix":0},{"Whetstone":33,"Bottled Tornado":252,"Boot":138,"Blood Vial":92,"Sundial":25,"MealTicket":85,"Kunai":39,"aspiration:DSix":85,"Runic Cube":241,"MerchantsRug":185,"Blue Candle":235,"Eternal Feather":226,"Pen Nib":73,"aspiration:FrozenJewel":148,"Bird Faced Urn":222,"MutagenicStrength":246,"Mark of Pain":67,"aspiration:Lifesprig":78,"Regal Pillow":93,"Lantern":192,"Torii":74,"Singing Bowl":177,"Bag of Preparation":96,"Ancient Tea Set":3,"Cursed Key":28,"Smiling Mask":53,"Burning Blood":0,"Matryoshka":56,"aspiration:AnachronicSnailShell":10,"Toolbox":105,"Chemical X":124,"aspiration:FutureDiary":181,"aspiration:ChemicalBlood":43,"Paper Frog":100,"Potion Belt":15,"Lee\u0027s Waffle":173,"Self Forming Clay":54,"The Courier":59,"PreservedInsect":243,"Omamori":154,"Frozen Egg 2":63,"Busted Crown":220,"Orrery":222,"Turnip":178,"Art of War":63,"Champion Belt":194,"Toy Ornithopter":79,"Ice Cream":23,"Calipers":45,"Tiny House":113,"Gremlin Horn":86,"Vajra":33,"Centennial Puzzle":33,"Lizard Tail":160,"HornCleat":149,"DollysMirror":39,"Strawberry":20,"Philosopher\u0027s Stone":22,"aspiration:ArtOfWarUpgrade":158,"Toxic Egg 2":41,"aspiration:Nostalgia":199,"Astrolabe":7,"Dead Branch":33,"Oddly Smooth Stone":11,"Charon\u0027s Ashes":86,"aspiration:SeaSaltIceCream":144,"Letter Opener":167,"War Paint":137,"aspiration:HiddenCompartment":63,"Question Card":210,"Du-Vu Doll":137,"Bottled Flame":143,"Shuriken":27,"Bronze Scales":23,"Molten Egg 2":11,"Meat on the Bone":189,"SacredBark":47,"Black Blood":121,"Juzu Bracelet":9,"PrismaticShard":63,"aspiration:StickyExplosives_weak":64,"ClockworkSouvenir":66,"aspiration:DefectSkillbook":62,"Gambling Chip":160,"Tiny Chest":231,"Red Skull":98,"aspiration:FetidBarrel":117,"aspiration:HummingbirdHeart":130,"Odd Mushroom":209,"Medical Kit":96,"White Beast Statue":145,"Calling Bell":86,"Anchor":20,"CaptainsWheel":38,"Bag of Marbles":112,"Membership Card":23,"PureWater":199,"FossilizedHelix":79},{"Whetstone":157,"Bottled Tornado":1155,"Boot":650,"Blood Vial":457,"Sundial":109,"MealTicket":423,"Kunai":198,"aspiration:DSix":423,"Runic Cube":1095,"MerchantsRug":853,"Blue Candle":1064,"Eternal Feather":1022,"Pen Nib":382,"aspiration:FrozenJewel":697,"Bird Faced Urn":1005,"MutagenicStrength":1127,"Mark of Pain":358,"aspiration:Lifesprig":406,"Regal Pillow":460,"Lantern":883,"Torii":385,"Singing Bowl":818,"Bag of Preparation":472,"Ancient Tea Set":11,"Cursed Key":129,"Smiling Mask":280,"Burning Blood":0,"Matryoshka":307,"aspiration:AnachronicSnailShell":38,"Toolbox":520,"Chemical X":604,"aspiration:FutureDiary":836,"aspiration:ChemicalBlood":212,"Paper Frog":490,"Potion Belt":64,"Lee\u0027s Waffle":804,"Self Forming Clay":287,"The Courier":319,"PreservedInsect":1106,"Omamori":723,"Frozen Egg 2":334,"Busted Crown":998,"Orrery":1005,"Turnip":821,"Art of War":334,"Champion Belt":889,"Toy Ornithopter":408,"Ice Cream":101,"Calipers":229,"Tiny House":556,"Gremlin Horn":431,"Vajra":157,"Centennial Puzzle":157,"Lizard Tail":747,"HornCleat":700,"DollysMirror":198,"Strawberry":78,"Philosopher\u0027s Stone":94,"aspiration:ArtOfWarUpgrade":737,"Toxic Egg 2":205,"aspiration:Nostalgia":910,"Astrolabe":24,"Dead Branch":157,"Oddly Smooth Stone":43,"Charon\u0027s Ashes":431,"aspiration:SeaSaltIceCream":675,"Letter Opener":777,"War Paint":642,"aspiration:HiddenCompartment":334,"Question Card":947,"Du-Vu Doll":642,"Bottled Flame":674,"Shuriken":117,"Bronze Scales":101,"Molten Egg 2":43,"Meat on the Bone":872,"SacredBark":239,"Black Blood":591,"Juzu Bracelet":31,"PrismaticShard":334,"aspiration:StickyExplosives_weak":340,"ClockworkSouvenir":350,"aspiration:DefectSkillbook":330,"Gambling Chip":747,"Tiny Chest":1051,"Red Skull":484,"aspiration:FetidBarrel":569,"aspiration:HummingbirdHeart":622,"Odd Mushroom":944,"Medical Kit":472,"White Beast Statue":680,"Calling Bell":431,"Anchor":78,"CaptainsWheel":189,"Bag of Marbles":549,"Membership Card":101,"PureWater":910,"FossilizedHelix":408}],"Burning Blood":1342,"Runic Cube":[49]},"card_choices":[{"not_picked":["Heavy Blade","Ghostly Armor+1"],"picked":"Flame Barrier+1","floor":1},{"not_picked":["Body Slam","Clash"],"picked":"Entrench+1","floor":2},{"not_picked":["Heavy Blade","Havoc+1"],"picked":"Rage+1","floor":4},{"not_picked":["Sword Boomerang","Brutality"],"picked":"Headbutt","floor":6},{"not_picked":["Hemokinesis","Perfected Strike"],"picked":"Iron Wave","floor":8},{"not_picked":["Cleave","True Grit+1"],"picked":"Demon Form","floor":11},{"not_picked":["Dropkick","Twin Strike","Blood for Blood"],"picked":"SKIP","floor":12},{"not_picked":["Combust","Flex+1"],"picked":"Whirlwind","floor":13},{"not_picked":["Sword Boomerang","Thunderclap"],"picked":"Warcry+1","floor":14},{"not_picked":["Offering+1","Brutality"],"picked":"Limit Break+1","floor":16},{"not_picked":["Havoc+1","Dropkick"],"picked":"Flex+1","floor":18},{"not_picked":["Clothesline","Blood for Blood"],"picked":"Iron Wave","floor":19},{"not_picked":["Shockwave+1","Ghostly Armor+1"],"picked":"Rupture","floor":23},{"not_picked":["Wild Strike","Pommel Strike"],"picked":"Pummel+1","floor":25},{"not_picked":["Wild Strike","Body Slam"],"picked":"Infernal Blade+1","floor":27},{"not_picked":["Shrug It Off+1","Carnage"],"picked":"Dual Wield+1","floor":30},{"not_picked":["Searing Blow","Flex+1"],"picked":"Inflame","floor":31},{"not_picked":["Fiend Fire","Corruption"],"picked":"Double Tap+1","floor":33},{"not_picked":["Perfected Strike+1","Sword Boomerang+1","Havoc+1"],"picked":"Hologram+1","floor":35},{"not_picked":["Sweeping Beam","Ball Lightning+1","Sever Soul","Tempest+1"],"picked":"SKIP","floor":38},{"not_picked":["Clash+1","Rebound","Demon Form"],"picked":"Berserk","floor":40},{"not_picked":["Turbo+1","Chaos+1","Wild Strike"],"picked":"Rampage+1","floor":42},{"not_picked":["Rebound+1","Steam+1","Go for the Eyes+1","Iron Wave"],"picked":"SKIP","floor":45},{"not_picked":["Self Repair","Reboot+1","Carnage+1"],"picked":"Barricade","floor":48},{"not_picked":["Steam+1","Reprogram+1","Chill+1","Hyperbeam"],"picked":"SKIP","floor":54}],"player_experience":2271212,"relics_obtained":[{"floor":6,"key":"Blue Candle"},{"floor":9,"key":"Paper Frog"},{"floor":11,"key":"Art of War"},{"floor":14,"key":"Strawberry"},{"floor":23,"key":"aspiration:HummingbirdHeart"},{"floor":24,"key":"Anchor"},{"floor":26,"key":"Lantern"},{"floor":39,"key":"Potion Belt"},{"floor":40,"key":"Bottled Tornado"},{"floor":48,"key":"Ancient Tea Set"},{"floor":54,"key":"Pen Nib"}],"event_choices":[{"damage_healed":0,"gold_gain":75,"player_choice":"Gather Gold","damage_taken":11,"max_hp_gain":0,"max_hp_loss":0,"event_name":"World of Goop","floor":7,"gold_loss":0},{"damage_healed":0,"gold_gain":0,"player_choice":"Bet on Owner","damage_taken":0,"max_hp_gain":0,"max_hp_loss":0,"event_name":"The Joust","floor":20,"gold_loss":50},{"damage_healed":0,"gold_gain":0,"player_choice":"Ignored","damage_taken":0,"max_hp_gain":0,"max_hp_loss":0,"event_name":"betterNote:BetterNote","floor":22,"gold_loss":0,"cards_obtained":["Limit Break"]},{"damage_healed":0,"gold_gain":0,"player_choice":"Inject Mutagens","damage_taken":0,"relics_obtained":["MutagenicStrength"],"max_hp_gain":0,"max_hp_loss":0,"event_name":"Drug Dealer","floor":28,"gold_loss":0},{"damage_healed":0,"gold_gain":0,"player_choice":"Embrace Madness","damage_taken":11,"max_hp_gain":0,"max_hp_loss":0,"event_name":"Winding Halls","floor":37,"gold_loss":0,"cards_obtained":["Madness","Madness"]},{"damage_healed":0,"gold_gain":0,"player_choice":"Ignored","damage_taken":0,"max_hp_gain":0,"max_hp_loss":0,"event_name":"Tomb of Lord Red Mask","floor":44,"gold_loss":0}],"is_beta":false,"boss_relics":[{"not_picked":["Empty Cage","aspiration:PoetsPen_weak"],"picked":"Runic Cube"},{"not_picked":["Pandora\u0027s Box","SlaversCollar"],"picked":"aspiration:DefectSkillbook"}],"items_purged_floors":[],"is_endless":false,"potions_floor_spawned":[4,6,8,12,16,19,27,30,31,33,38,42,48],"ascension_level":1}}