{"host":"r6jigiblrojhp6xe","time":1610980208,"event":{"mods":["AchievementEnabler","BaseMod","DeckTracker","Minty Spire (QoL Compilation)","Quick Restart","Rare Cards Sparkle","Relic Stats","StSLib","SuperFastMode","The Cursed","everything is the same but u backflip on backflip"],"gold_per_floor":[139,195,195,195,233,233,265,320,371,371,296,296,35,99,99,178,178,188,231,231,231,249,282,282,338,338,107,107,142,28,84,84,188,188,203,248,17,60,60,60,60,85,108,135,174,174,194,94,94,94,94,94,94,13,66,66],"floor_reached":57,"language":"KOR","playtime":2343,"items_purged":["Defend_P","Strike_P","Strike_P","Strike_P","Defend_P","SignatureMove+1"],"score":3168,"play_id":"a406d4b6-dc41-4d64-8216-c2a92991b0f9","local_time":"20210118233008","is_ascension_mode":true,"campfire_choices":[{"data":"Eruption","floor":6.0,"key":"SMITH"},{"data":"HandOfGreed","floor":10.0,"key":"SMITH"},{"data":"SignatureMove","floor":12.0,"key":"SMITH"},{"data":"EmptyMind","floor":15.0,"key":"SMITH"},{"floor":24,"key":"REST"},{"floor":28,"key":"REST"},{"floor":32,"key":"RECALL"},{"floor":40,"key":"REST"},{"floor":46,"key":"REST"},{"floor":49,"key":"REST"},{"floor":53,"key":"REST"}],"circlet_count":0,"master_deck":["AscendersBane","Defend_P+1","Eruption+1","Vigilance","HandOfGreed+1","EmptyMind+1","ClearTheMind","Flash of Steel","DeusExMachina","FearNoEvil","TalkToTheHand","EmptyBody+1","Adaptation","MentalFortress","Scrawl","Finesse"],"relics":["PureWater","Eternal Feather","Juzu Bracelet","Akabeko","Membership Card","Regal Pillow","Fusion Hammer","Dream Catcher","Unceasing Top","TeardropLocket","Oddly Smooth Stone","Blood Vial","Anchor","Lizard Tail","Empty Cage","Singing Bowl","Centennial Puzzle","Pen Nib","Strawberry","Gambling Chip"],"acts_visited":["Exordium","TheCity","TheBeyond","TheEnding"],"potions_floor_usage":[33,56,56],"damage_taken":[{"damage":0.0,"enemies":"Cultist","floor":1.0,"turns":2.0},{"damage":0.0,"enemies":"2 Louse","floor":2.0,"turns":4.0},{"damage":0.0,"enemies":"Jaw Worm","floor":5.0,"turns":2.0},{"damage":0.0,"enemies":"Gremlin Nob","floor":7.0,"turns":2.0},{"damage":6.0,"enemies":"2 Fungi Beasts","floor":8.0,"turns":3.0},{"damage":0.0,"enemies":"Gremlin Nob","floor":14.0,"turns":2.0},{"damage":11.0,"enemies":"Hexaghost","floor":16.0,"turns":6.0},{"damage":11.0,"enemies":"2 Thieves","floor":18.0,"turns":2.0},{"damage":0.0,"enemies":"Spheric Guardian","floor":19.0,"turns":2.0},{"damage":18.0,"enemies":"Centurion and Healer","floor":22.0,"turns":3.0},{"damage":24,"enemies":"Gremlin Leader","floor":23,"turns":4},{"damage":27,"enemies":"Slavers","floor":25,"turns":5},{"damage":17,"enemies":"Book of Stabbing","floor":29,"turns":3},{"damage":3,"enemies":"Gremlin Leader","floor":31,"turns":6},{"damage":33,"enemies":"Automaton","floor":33,"turns":9},{"damage":0,"enemies":"Orb Walker","floor":35,"turns":2},{"damage":2,"enemies":"3 Darklings","floor":36,"turns":6},{"damage":0,"enemies":"Writhing Mass","floor":38,"turns":2},{"damage":0,"enemies":"Giant Head","floor":42,"turns":3},{"damage":0,"enemies":"Reptomancer","floor":44,"turns":2},{"damage":0,"enemies":"Sphere and 2 Shapes","floor":45,"turns":3},{"damage":0,"enemies":"Spire Growth","floor":47,"turns":2},{"damage":0,"enemies":"Awakened One","floor":50,"turns":2},{"damage":5,"enemies":"Donu and Deca","floor":51,"turns":3},{"damage":14,"enemies":"Shield and Spear","floor":55,"turns":4},{"damage":81,"enemies":"The Heart","floor":56,"turns":11}],"seed_played":"-7521925900871625192","potions_obtained":[{"floor":1.0,"key":"EssenceOfSteel"},{"floor":2.0,"key":"Strength Potion"},{"floor":8.0,"key":"EntropicBrew"},{"floor":14.0,"key":"FearPotion"},{"floor":18.0,"key":"SmokeBomb"},{"floor":23,"key":"Energy Potion"},{"floor":35,"key":"Ancient Potion"},{"floor":44,"key":"DistilledChaos"}],"is_trial":false,"path_per_floor":["M","M","?","?","M","R","E","M","T","R","$","R","$","?","R","B",null,"M","M","?","?","M","E","R","E","T","$","R","E","$","E","R","B",null,"M","M","$","M","?","R","?","E","T","E","M","R","M","$","R","B","B",null,"R","$","E","B",null],"character_chosen":"WATCHER","items_purchased":["Membership Card","Flash of Steel","Oddly Smooth Stone","Blood Vial","Adaptation","Singing Bowl","Strawberry"],"campfire_rested":6,"item_purchase_floors":[13,13,27,27,30,37,54],"current_hp_per_floor":[43,43,23,5,5,11,11,5,5,14,14,20,20,20,26,15,55,44,44,44,44,26,2,46,19,19,19,63,48,48,47,56,25,57,59,59,59,63,63,72,72,74,74,76,78,80,82,82,84,84,79,83,86,93,81,2],"gold":66,"neow_bonus":"RANDOM_COLORLESS_2","is_daily":false,"chose_seed":false,"campfire_upgraded":4,"win_rate":0.0,"timestamp":1610980208,"path_taken":["M","M","?","?","M","R","E","M","T","R","?","R","$","?","R","BOSS","M","M","?","?","M","E","R","E","T","$","R","E","?","E","R","BOSS","M","M","$","M","?","R","?","E","T","E","M","R","M","$","R","BOSS","BOSS","R","$","E","BOSS"],"items_purchased_type":["Relic","Card","Relic","Relic","Card","Relic","Relic"],"build_version":"2020-12-22","purchased_purges":6,"victory":true,"max_hp_per_floor":[68,68,68,68,68,68,68,68,68,68,68,68,68,68,68,68,68,68,68,68,68,68,68,68,68,68,68,68,68,68,68,68,68,68,68,68,68,70,70,72,72,74,74,76,78,80,82,82,84,84,84,84,86,93,95,95],"relic_stats":{"Regal Pillow":30,"Singing Bowl":20,"counters":[26,95],"Eternal Feather":62,"Pen Nib":[29],"Juzu Bracelet":1,"Blood Vial":14,"Dream Catcher":6,"Lizard Tail":0,"Centennial Puzzle":[10],"Gambling Chip":[2],"obtain_stats":[{"Regal Pillow":14,"Singing Bowl":37,"Oddly Smooth Stone":27,"Eternal Feather":4,"Pen Nib":44,"Juzu Bracelet":7,"TeardropLocket":26,"Empty Cage":34,"Akabeko":9,"Blood Vial":27,"Dream Catcher":23,"Anchor":29,"Lizard Tail":31,"Centennial Puzzle":42,"Strawberry":54,"Gambling Chip":55,"Fusion Hammer":17,"Membership Card":13,"PureWater":0,"Unceasing Top":25},{"Regal Pillow":6,"Singing Bowl":17,"Oddly Smooth Stone":12,"Eternal Feather":2,"Pen Nib":20,"Juzu Bracelet":4,"TeardropLocket":12,"Empty Cage":15,"Akabeko":5,"Blood Vial":12,"Dream Catcher":11,"Anchor":13,"Lizard Tail":14,"Centennial Puzzle":19,"Strawberry":24,"Gambling Chip":25,"Fusion Hammer":7,"Membership Card":5,"PureWater":0,"Unceasing Top":12},{"Regal Pillow":15,"Singing Bowl":63,"Oddly Smooth Stone":37,"Eternal Feather":6,"Pen Nib":70,"Juzu Bracelet":10,"TeardropLocket":37,"Empty Cage":55,"Akabeko":13,"Blood Vial":37,"Dream Catcher":32,"Anchor":40,"Lizard Tail":46,"Centennial Puzzle":68,"Strawberry":80,"Gambling Chip":84,"Fusion Hammer":21,"Membership Card":13,"PureWater":0,"Unceasing Top":37}],"Unceasing Top":[1]},"card_choices":[{"not_picked":["Violence","Chrysalis"],"picked":"HandOfGreed","floor":0.0},{"not_picked":["EmptyBody","Protect"],"picked":"EmptyMind","floor":1.0},{"not_picked":["BattleHymn","EmptyBody","Weave"],"picked":"SKIP","floor":2.0},{"not_picked":["WindmillStrike","Crescendo","Evaluate"],"picked":"SKIP","floor":5.0},{"not_picked":["Pray","Weave"],"picked":"ClearTheMind","floor":7.0},{"not_picked":["BowlingBash","CarveReality"],"picked":"SignatureMove","floor":8.0},{"not_picked":["DevaForm","Judgement"],"picked":"DeusExMachina","floor":16.0},{"not_picked":["EmptyBody","JustLucky+1","CutThroughFate"],"picked":"SKIP","floor":18.0},{"not_picked":["PathToVictory","Fasting2"],"picked":"FearNoEvil","floor":19.0},{"not_picked":["Evaluate","ClearTheMind"],"picked":"TalkToTheHand","floor":22.0},{"not_picked":["CrushJoints","SashWhip"],"picked":"EmptyBody+1","floor":23},{"not_picked":["FollowUp","Nirvana+1","Evaluate"],"picked":"SKIP","floor":25},{"not_picked":["Devotion","CrushJoints","PathToVictory"],"picked":"SKIP","floor":29},{"not_picked":["CrushJoints","Weave"],"picked":"MentalFortress","floor":31},{"not_picked":["Establishment","Judgement"],"picked":"Scrawl","floor":33},{"not_picked":["Evaluate","JustLucky","Crescendo"],"picked":"SKIP","floor":35},{"not_picked":["Indignation","Tantrum","SignatureMove"],"picked":"SKIP","floor":36},{"not_picked":["SandsOfTime","MentalFortress","Halt"],"picked":"Singing Bowl","floor":38},{"not_picked":["Halt+1","CarveReality","SashWhip"],"picked":"Singing Bowl","floor":40},{"not_picked":["Mind Blast","Metamorphosis"],"picked":"Finesse","floor":41},{"not_picked":["Fasting2","EmptyBody","FlurryOfBlows+1"],"picked":"Singing Bowl","floor":42},{"not_picked":["Weave","TalkToTheHand","FlyingSleeves"],"picked":"Singing Bowl","floor":44},{"not_picked":["EmptyBody","JustLucky+1","PathToVictory"],"picked":"Singing Bowl","floor":45},{"not_picked":["Blasphemy","EmptyFist+1","Pray"],"picked":"Singing Bowl","floor":46},{"not_picked":["JustLucky","CrushJoints","FlyingSleeves"],"picked":"Singing Bowl","floor":47},{"not_picked":["WindmillStrike","Prostrate","PathToVictory+1"],"picked":"Singing Bowl","floor":49},{"not_picked":["DeceiveReality","WaveOfTheHand","TalkToTheHand"],"picked":"Singing Bowl","floor":53},{"not_picked":["Evaluate","Halt","LikeWater"],"picked":"Singing Bowl","floor":55}],"player_experience":579610,"relics_obtained":[{"floor":7.0,"key":"Juzu Bracelet"},{"floor":9.0,"key":"Akabeko"},{"floor":14.0,"key":"Regal Pillow"},{"floor":23,"key":"Dream Catcher"},{"floor":25,"key":"Unceasing Top"},{"floor":26,"key":"TeardropLocket"},{"floor":29,"key":"Anchor"},{"floor":31,"key":"Lizard Tail"},{"floor":42,"key":"Centennial Puzzle"},{"floor":44,"key":"Pen Nib"},{"floor":55,"key":"Gambling Chip"}],"event_choices":[{"damage_healed":0.0,"max_hp_gain":0.0,"max_hp_loss":0.0,"gold_gain":0.0,"event_name":"Shining Light","player_choice":"Entered Light","floor":3.0,"gold_loss":0.0,"damage_taken":20.0,"cards_upgraded":["Defend_P","Strike_P"]},{"damage_healed":0.0,"max_hp_gain":0.0,"max_hp_loss":0.0,"gold_gain":0.0,"event_name":"Scrap Ooze","player_choice":"Success","floor":4.0,"gold_loss":0.0,"damage_taken":18.0,"relics_obtained":["Eternal Feather"]},{"damage_healed":0.0,"max_hp_gain":0.0,"max_hp_loss":0.0,"gold_gain":30.0,"event_name":"Dead Adventurer","player_choice":"Searched \u00273\u0027 times","floor":14.0,"gold_loss":0.0,"damage_taken":0.0},{"damage_healed":0.0,"max_hp_gain":0.0,"max_hp_loss":0.0,"gold_gain":0.0,"event_name":"The Mausoleum","player_choice":"Ignored","floor":20.0,"gold_loss":0.0,"damage_taken":0.0},{"damage_healed":0.0,"max_hp_gain":0.0,"max_hp_loss":0.0,"gold_gain":0.0,"event_name":"Ghosts","player_choice":"Ignored","floor":21.0,"gold_loss":0.0,"damage_taken":0.0},{"damage_healed":0,"gold_gain":0,"player_choice":"0 cards matched","damage_taken":0,"max_hp_gain":0,"max_hp_loss":0,"event_name":"Match and Keep!","floor":39,"gold_loss":0,"cards_obtained":[]},{"damage_healed":0,"gold_gain":0,"player_choice":"Memory 1","damage_taken":0,"max_hp_gain":0,"max_hp_loss":0,"event_name":"SensoryStone","floor":41,"gold_loss":0}],"is_beta":false,"boss_relics":[{"not_picked":["Ectoplasm","Busted Crown"],"picked":"Fusion Hammer"},{"not_picked":["SlaversCollar","Astrolabe"],"picked":"Empty Cage"}],"items_purged_floors":[11,13,27,30,37,48],"is_endless":false,"potions_floor_spawned":[1,2,8,14,18,23,29,35,42,44,47],"ascension_level":20}}