{"host":"pjgcdp3h1plnbocs","time":1610928496,"event":{"mods":["AchievementEnabler","BaseMod","Colored Map","Highlight Path","Minty Spire (QoL Compilation)"],"gold_per_floor":[115,115,128,128,128,164,164,20,43,62,85,118,142,180,180,304,304,324,54,77,77,102,136,136,136,136],"floor_reached":25,"language":"ENG","playtime":1088,"items_purged":["Strike_G","Defend_G"],"score":279,"play_id":"970aeead-aa6a-4a36-9266-000505b7fecf","local_time":"20210118010816","is_ascension_mode":true,"campfire_choices":[{"data":"Neutralize","floor":7,"key":"SMITH"},{"floor":15,"key":"REST"}],"circlet_count":0,"master_deck":["Strike_G+1","Strike_G+1","Strike_G+1","Strike_G+1","Defend_G+1","Defend_G+1","Defend_G+1","Defend_G+1","Survivor","Neutralize+1","Sucker Punch+1","Backflip","Blur","Noxious Fumes","Envenom","Poisoned Stab+1","Noxious Fumes","Poisoned Stab","Blur"],"relics":["Ring of the Snake","Dream Catcher","Golden Idol","Question Card","Bag of Preparation","Art of War","Darkstone Periapt","Black Star","Ancient Tea Set","Matryoshka"],"acts_visited":["Exordium","TheCity"],"potions_floor_usage":[12,12,20,22,22,23,23,23,23,23,25],"damage_taken":[{"damage":0,"enemies":"Jaw Worm","floor":1,"turns":7},{"damage":0,"enemies":"Small Slimes","floor":3,"turns":3},{"damage":29,"enemies":"3 Sentries","floor":6,"turns":14},{"damage":0,"enemies":"Cultist","floor":10,"turns":4},{"damage":4,"enemies":"Red Slaver","floor":11,"turns":4},{"damage":16,"enemies":"Gremlin Nob","floor":12,"turns":5},{"damage":2,"enemies":"2 Fungi Beasts","floor":13,"turns":4},{"damage":0,"enemies":"Lagavulin","floor":14,"turns":10},{"damage":19,"enemies":"The Guardian","floor":16,"turns":15},{"damage":4,"enemies":"Shell Parasite","floor":18,"turns":10},{"damage":0,"enemies":"3 Byrds","floor":20,"turns":6},{"damage":23,"enemies":"Cultist and Chosen","floor":22,"turns":8},{"damage":30,"enemies":"Gremlin Leader","floor":23,"turns":6},{"damage":19,"enemies":"Slavers","floor":25,"turns":2}],"seed_played":"4456597148005863581","potions_obtained":[{"floor":1,"key":"ColorlessPotion"},{"floor":6,"key":"Regen Potion"},{"floor":11,"key":"GamblersBrew"},{"floor":13,"key":"DistilledChaos"},{"floor":20,"key":"ColorlessPotion"},{"floor":22,"key":"AttackPotion"},{"floor":23,"key":"AttackPotion"}],"is_trial":false,"path_per_floor":["M","?","M","?","?","E","R","$","T","M","M","E","M","E","R","B",null,"M","$","M","?","M","E","?","E"],"character_chosen":"THE_SILENT","items_purchased":["Noxious Fumes","Noxious Fumes","EntropicBrew"],"campfire_rested":1,"item_purchase_floors":[8,19,19],"current_hp_per_floor":[70,70,70,53,58,29,29,29,29,29,25,23,21,21,43,24,75,71,71,71,71,48,18,18,0,0],"gold":136,"neow_bonus":"RANDOM_COMMON_RELIC","is_daily":false,"chose_seed":false,"campfire_upgraded":1,"win_rate":0.0,"timestamp":1610928496,"path_taken":["M","?","M","?","?","E","R","?","T","M","M","E","?","E","R","BOSS","M","$","M","?","M","E","?","E"],"items_purchased_type":["Card","Card","Potion"],"build_version":"2020-12-22","purchased_purges":2,"victory":false,"max_hp_per_floor":[70,70,70,70,75,75,75,75,75,75,75,75,75,75,75,75,75,75,75,75,75,75,75,75,75,75],"card_choices":[{"not_picked":["Concentrate","Reflex"],"picked":"Sucker Punch","floor":1},{"not_picked":["Infinite Blades","Escape Plan"],"picked":"Backflip","floor":3},{"not_picked":["Blade Dance","Prepared"],"picked":"Blur","floor":6},{"not_picked":["PiercingWail","Well Laid Plans","Accuracy","Dagger Throw"],"picked":"SKIP","floor":10},{"not_picked":["Concentrate","Backflip","Terror","Leg Sweep"],"picked":"SKIP","floor":11},{"not_picked":["Heel Hook","Bullet Time","Calculated Gamble","Flechettes"],"picked":"SKIP","floor":12},{"not_picked":["Dagger Spray","Deflect","Sucker Punch","Blade Dance"],"picked":"SKIP","floor":13},{"not_picked":["Distraction","Cloak And Dagger","Flying Knee","Slice"],"picked":"SKIP","floor":14},{"not_picked":["Doppelganger","Night Terror","Tools of the Trade"],"picked":"Envenom","floor":16},{"not_picked":["Deflect+1","Outmaneuver","Expertise"],"picked":"Poisoned Stab+1","floor":18},{"not_picked":["Sucker Punch+1","Bane+1","Acrobatics"],"picked":"Poisoned Stab","floor":20},{"not_picked":["Bouncing Flask","Crippling Poison","Setup","Flechettes"],"picked":"SKIP","floor":22},{"not_picked":["Leg Sweep+1","Noxious Fumes","PiercingWail"],"picked":"Blur","floor":23}],"player_experience":179760,"relics_obtained":[{"floor":6,"key":"Question Card"},{"floor":9,"key":"Bag of Preparation"},{"floor":12,"key":"Art of War"},{"floor":14,"key":"Darkstone Periapt"},{"floor":23,"key":"Ancient Tea Set"},{"floor":23,"key":"Matryoshka"}],"event_choices":[{"damage_healed":0,"gold_gain":0,"player_choice":"Grow","damage_taken":0,"max_hp_gain":0,"max_hp_loss":0,"event_name":"Living Wall","floor":2,"gold_loss":0,"cards_upgraded":["Sucker Punch"]},{"damage_healed":0,"gold_gain":0,"player_choice":"Take Damage","damage_taken":17,"relics_obtained":["Golden Idol"],"max_hp_gain":0,"max_hp_loss":0,"event_name":"Golden Idol","floor":4,"gold_loss":0},{"damage_healed":0,"gold_gain":0,"player_choice":"Donut","damage_taken":0,"max_hp_gain":5,"max_hp_loss":0,"event_name":"Big Fish","floor":5,"gold_loss":0},{"damage_healed":0,"gold_gain":0,"player_choice":"Ignored","damage_taken":0,"max_hp_gain":0,"max_hp_loss":0,"event_name":"Ghosts","floor":21,"gold_loss":0},{"damage_healed":0,"gold_gain":0,"player_choice":"Simplicity","damage_taken":0,"max_hp_gain":0,"max_hp_loss":0,"event_name":"Back to Basics","floor":24,"gold_loss":0,"cards_upgraded":["Strike_G","Strike_G","Strike_G","Strike_G","Defend_G","Defend_G","Defend_G","Defend_G"]}],"is_beta":false,"boss_relics":[{"not_picked":["Ectoplasm","Coffee Dripper"],"picked":"Black Star"}],"items_purged_floors":[8,19],"is_endless":false,"potions_floor_spawned":[1,6,11,13,20,22,23],"killed_by":"Slavers","ascension_level":1}}