{"host":"h3vysik1bw5w0dm6","time":1610972587,"event":{"mods":["AchievementEnabler","Aspiration","BaseMod","Better Note","Better Sensory Stone","Better Vampires","BetterRewards","Colored Powertips","Conspire","Downfall","Friendly Minions","Googly Eyes","Gremlin Skip","Halation","Infinite Spire","Minty Spire (QoL Compilation)","Quick Restart","Shop Mod","StSLib"],"gold_per_floor":[99,110,14,73,73,93,93,93,93,113,126,126,126,138,155,155,155],"floor_reached":16,"language":"ENG","playtime":915,"items_purged":[],"score":92,"play_id":"9679e664-770e-4ac0-a0ac-b8a53f67db35","local_time":"20210118132307","is_ascension_mode":false,"campfire_choices":[{"data":"sneckomod:UnknownUncommonPower","floor":12,"key":"SMITH"}],"circlet_count":0,"master_deck":["sneckomod:Strike","sneckomod:Strike","sneckomod:Strike","sneckomod:Defend","sneckomod:Defend","sneckomod:Defend","sneckomod:TailWhip","sneckomod:SnekBite+1","conspire:PoisonWeapons+1","sneckomod:SoulDraw","sneckomod:IronFang","sneckomod:MasterEye","sneckomod:RainOfDice","downfall:Aged","Flying Knee","sneckomod:UnknownVulnerable","sneckomod:UnknownUncommonPower+1","sneckomod:UnknownRareAttack"],"relics":["sneckomod:SneckoSoul","Anchor","sneckomod:LoadedDie","Incense Burner"],"acts_visited":["Exordium"],"potions_floor_usage":[11,16],"damage_taken":[{"damage":6,"enemies":"Cultist","floor":2,"turns":3},{"damage":10,"enemies":"downfall:FleeingMerchant","floor":3,"turns":4},{"damage":11,"enemies":"Lagavulin Event","floor":4,"turns":5},{"damage":0,"enemies":"Jaw Worm","floor":6,"turns":3},{"damage":0,"enemies":"2 Louse","floor":10,"turns":3},{"damage":7,"enemies":"Gremlin Gang","floor":11,"turns":6},{"damage":2,"enemies":"Large Slime","floor":14,"turns":6},{"damage":11,"enemies":"Red Slaver","floor":15,"turns":3},{"damage":71,"enemies":"IC_STATUS_ARCHETYPE","floor":16,"turns":8}],"seed_played":"-6814334815897052859","potions_obtained":[{"floor":6,"key":"SkillPotion"},{"floor":10,"key":"FearPotion"},{"floor":14,"key":"DistilledChaos"},{"floor":15,"key":"Fire Potion"}],"is_trial":false,"path_per_floor":["R","M","$","?","T","M","T","?","R","M","M","R","?","M","M","B"],"character_chosen":"THE_SNECKO","items_purchased":["sneckomod:MasterEye"],"campfire_rested":0,"item_purchase_floors":[3],"current_hp_per_floor":[99,93,83,72,72,72,72,72,72,72,65,65,65,63,52,0,0],"gold":155,"neow_bonus":"TEN_PERCENT_HP_BONUS","is_daily":false,"chose_seed":false,"campfire_upgraded":1,"win_rate":0.0,"timestamp":1610972587,"path_taken":["R","M","$","?","?","M","T","?","R","M","?","R","?","?","M","BOSS"],"items_purchased_type":["Card"],"build_version":"2020-12-22","purchased_purges":0,"victory":false,"max_hp_per_floor":[99,99,99,99,99,99,99,99,99,99,99,99,99,99,99,99,99],"card_choices":[{"not_picked":["sneckomod:DiceBlock","sneckomod:QuickMove"],"picked":"sneckomod:SoulDraw","floor":2},{"not_picked":["sneckomod:Unknown2Cost","sneckomod:CheapStock"],"picked":"sneckomod:IronFang","floor":3},{"not_picked":["sneckomod:QuickMove","sneckomod:ImprovisedAttack"],"picked":"sneckomod:RainOfDice","floor":6},{"not_picked":["sneckomod:UnknownCommonSkill","sneckomod:SoulDraw"],"picked":"sneckomod:UnknownVulnerable","floor":10},{"not_picked":["sneckomod:SoulDraw","sneckomod:ImprovisedGuard"],"picked":"sneckomod:UnknownUncommonPower","floor":11},{"not_picked":["sneckomod:UnknownCommonAttack","sneckomod:Nope"],"picked":"sneckomod:UnknownRareAttack","floor":14},{"not_picked":["sneckomod:Unknown1Cost","sneckomod:UnknownBlock","sneckomod:WideSting"],"picked":"SKIP","floor":15}],"player_experience":402158,"relics_obtained":[{"floor":4,"key":"Anchor"},{"floor":5,"key":"sneckomod:LoadedDie"},{"floor":7,"key":"Incense Burner"}],"event_choices":[],"is_beta":false,"boss_relics":[],"items_purged_floors":[],"is_endless":false,"potions_floor_spawned":[6,10,14,15],"killed_by":"IC_STATUS_ARCHETYPE","ascension_level":0}}