{"host":"3498uni0c31c9bdm","time":1610931492,"event":{"mods":["BaseMod","Better Third Choice","Minty Spire (QoL Compilation)","Replay The Spire","StSLib"],"gold_per_floor":[116,116,116,116,130,130,130,156,156,156,177,215,229,229,229,229,229],"floor_reached":16,"language":"ENG","playtime":359,"items_purged":[],"score":132,"play_id":"69e56f94-5dc9-4c4d-93fb-64ede220b94a","local_time":"20210118115812","is_ascension_mode":true,"campfire_choices":[{"floor":6,"key":"REST"},{"floor":10,"key":"RECALL"},{"floor":15,"key":"REST"}],"circlet_count":0,"master_deck":["Strike_B","Strike_B","Strike_B","Strike_B","Defend_B","Defend_B","Defend_B","Defend_B","Zap","Dualcast","Languid","Mayhem+1","Defragment","Reckless Charge","Injury","Streamline","Sweeping Beam","Darkness","BasicCrystalCard"],"relics":["Cracked Core","Blue Doll","Golden Idol","Kunai","Golden Egg","FaceOfCleric"],"acts_visited":["Exordium"],"potions_floor_usage":[12,16],"damage_taken":[{"damage":4,"enemies":"Jaw Worm","floor":1,"turns":4},{"damage":7,"enemies":"Small Slimes","floor":5,"turns":3},{"damage":0,"enemies":"2 Louse","floor":11,"turns":1},{"damage":28,"enemies":"Replay:BlueRogue","floor":12,"turns":4},{"damage":6,"enemies":"Large Slime","floor":13,"turns":4},{"damage":55,"enemies":"The Guardian","floor":16,"turns":7}],"seed_played":"5576048212548077416","potions_obtained":[{"floor":1,"key":"Toxic Potion"},{"floor":13,"key":"PowerPotion"}],"is_trial":false,"path_per_floor":["M","?","?","?","M","R","?","T","T","R","M","E","M","?","R","B"],"character_chosen":"DEFECT","items_purchased":[],"campfire_rested":2,"item_purchase_floors":[],"current_hp_per_floor":[64,64,25,25,18,40,65,65,65,65,65,37,31,31,53,0,0],"gold":229,"neow_bonus":"RANDOM_COLORLESS_2","is_daily":false,"chose_seed":false,"campfire_upgraded":0,"win_rate":0.0,"timestamp":1610931492,"path_taken":["M","?","?","?","M","R","?","?","T","R","M","E","M","?","R","BOSS"],"items_purchased_type":[],"build_version":"2020-12-22","purchased_purges":0,"victory":false,"max_hp_per_floor":[75,75,75,75,75,75,75,75,75,75,75,75,75,75,75,75,75],"card_choices":[{"not_picked":["Secret Technique","Panache"],"picked":"Mayhem","floor":0},{"not_picked":["Go for the Eyes","Turbo"],"picked":"Defragment","floor":1},{"not_picked":["Sweeping Beam","Hologram"],"picked":"Streamline","floor":5},{"not_picked":["Recycle","Melter"],"picked":"Sweeping Beam","floor":11},{"not_picked":["Rebound","Heatsinks"],"picked":"Darkness","floor":12},{"not_picked":["Cold Snap","Consume"],"picked":"BasicCrystalCard","floor":13}],"player_experience":695843,"relics_obtained":[{"floor":9,"key":"Kunai"},{"floor":12,"key":"Golden Egg"}],"event_choices":[{"damage_healed":0,"gold_gain":0,"player_choice":"Grow","damage_taken":0,"max_hp_gain":0,"max_hp_loss":0,"event_name":"Living Wall","floor":2,"gold_loss":0,"cards_upgraded":["Mayhem"]},{"damage_healed":0,"gold_gain":0,"player_choice":"Take Wound","damage_taken":0,"relics_obtained":["Golden Idol"],"max_hp_gain":0,"max_hp_loss":0,"event_name":"Golden Idol","floor":4,"gold_loss":0,"cards_obtained":["Injury"]},{"damage_healed":25,"gold_gain":0,"player_choice":"Banana","damage_taken":0,"max_hp_gain":0,"max_hp_loss":0,"event_name":"Big Fish","floor":7,"gold_loss":0},{"damage_healed":0,"gold_gain":0,"player_choice":"Trade","damage_taken":0,"relics_obtained":["FaceOfCleric"],"max_hp_gain":0,"max_hp_loss":0,"event_name":"FaceTrader","floor":14,"gold_loss":0}],"is_beta":false,"boss_relics":[],"items_purged_floors":[],"is_endless":false,"potions_floor_spawned":[1,13],"killed_by":"The Guardian","ascension_level":7}}