{"host":"egwexuw5uvnxf11j","time":1610941742,"event":{"mods":["2.2 Compatiblity","Aspiration","BaseMod","Better Altar","Better Note","Better Sensory Stone","Better Third Choice","Displayed Cursed Tome","Downfall","Hermit","Key Reminder","Koishi","Marisa????????","Minty Spire (QoL Compilation)","Quick Restart","Shade Mod","Spicy Shops","StSLib","The Construct","The Cursed","The Hierophant","The Runesmith","The Senshi","The Servant 0.9.4","Transform Curses"],"gold_per_floor":[118,118,128,142,46,46,221,221,248,260,258,258,66,94,94,172,172,165,165,167,136,136],"floor_reached":21,"language":"ENG","playtime":742,"items_purged":[],"score":240,"play_id":"f3ed65ac-7b01-4c49-a9e4-0c5b89fed5a8","local_time":"20210117224902","is_ascension_mode":true,"campfire_choices":[{"data":"hierophant:ChurchCoffers","floor":6,"key":"SMITH"},{"data":"hierophant:PassingBell","floor":8,"key":"SMITH"},{"floor":15,"key":"REST"}],"circlet_count":0,"master_deck":["hierophant:Strike_Hierophant","hierophant:Strike_Hierophant","hierophant:Strike_Hierophant","hierophant:Strike_Hierophant","hierophant:Punish","hierophant:Defend_Hierophant","hierophant:Defend_Hierophant","hierophant:Defend_Hierophant","hierophant:Defend_Hierophant","hierophant:ChurchCoffers+1","hierophant:PassingBell+1","hierophant:Purify+1","hierophant:ThreeLashes+1","hierophant:CoinFling+1","hierophant:Doubloon","hierophant:SealAway+1","Doubt","hierophant:AuricForm","hierophant:MorningPrayer","hierophant:Martyrdom","hierophant:CoinFling+1","hierophant:Doubloon","hierophant:AuricBeam+1","hierophant:OrnateBuckler","hierophant:LocustPlague+1","hierophant:RustyCrate","hierophant:Doubloon","hierophant:Doubloon","hierophant:AuricBeam+1","hierophant:Rebuild+1"],"relics":["hierophant:PropheticMaskRelic","Molten Egg 2","Dream Catcher","Runesmith:Locket","keyreminder:keyreminder","Orichalcum","construct:WeddingRing"],"acts_visited":["Exordium","TheCity"],"potions_floor_usage":[11,11,11,16,16,16],"damage_taken":[{"damage":1,"enemies":"Cultist","floor":1,"turns":3},{"damage":0,"enemies":"2 Louse","floor":3,"turns":2},{"damage":7,"enemies":"Jaw Worm","floor":4,"turns":2},{"damage":0,"enemies":"Exordium Thugs","floor":10,"turns":1},{"damage":35,"enemies":"Lagavulin","floor":11,"turns":4},{"damage":1,"enemies":"3 Louse","floor":14,"turns":3},{"damage":28,"enemies":"Hexaghost","floor":16,"turns":7},{"damage":12,"enemies":"Shell Parasite","floor":18,"turns":4},{"damage":7,"enemies":"3 Byrds","floor":20,"turns":3},{"damage":70,"enemies":"Cultist and Chosen","floor":21,"turns":6}],"seed_played":"424991836187832685","potions_obtained":[{"floor":3,"key":"EntropicBrew"},{"floor":4,"key":"FearPotion"},{"floor":14,"key":"Dexterity Potion"},{"floor":16,"key":"Slimebound:ThreeZeroPotion"}],"is_trial":false,"path_per_floor":["M","T","M","M","$","R","?","R","T","M","E","T","$","M","R","B",null,"M","?","M","M"],"character_chosen":"HIEROPHANT","items_purchased":["hierophant:CoinFling+1","hierophant:SealAway+1","hierophant:Martyrdom","hierophant:CoinFling+1"],"campfire_rested":1,"item_purchase_floors":[5,5,13,13],"current_hp_per_floor":[81,81,81,74,74,74,74,74,74,74,39,39,39,38,62,34,82,70,70,63,0,0],"gold":136,"neow_bonus":"TEN_PERCENT_HP_BONUS","is_daily":false,"chose_seed":false,"campfire_upgraded":2,"win_rate":0.0,"timestamp":1610941742,"path_taken":["M","?","M","M","$","R","?","R","T","M","E","?","$","M","R","BOSS","M","?","M","?"],"items_purchased_type":["Card","Card","Card","Card"],"build_version":"2020-12-22","purchased_purges":0,"victory":false,"max_hp_per_floor":[82,82,82,82,82,82,82,82,82,82,82,82,82,82,82,82,82,82,82,82,82,82],"card_choices":[{"not_picked":["hierophant:ThreeLashes","hierophant:CursedGold"],"picked":"hierophant:PassingBell","floor":1},{"not_picked":["hierophant:OrnateJavelin+1","hierophant:FlamingChariot+1"],"picked":"hierophant:Purify+1","floor":3},{"not_picked":["hierophant:Chorus","hierophant:MorningPrayer"],"picked":"hierophant:ThreeLashes+1","floor":4},{"not_picked":["hierophant:Remorse+1","hierophant:RepressedViolence+1"],"picked":"hierophant:AuricForm","floor":10},{"not_picked":["hierophant:FlamingChariot+1","hierophant:Remorse+1"],"picked":"hierophant:MorningPrayer","floor":11},{"not_picked":["hierophant:ThreeLashes+1","hierophant:Blessing"],"picked":"hierophant:AuricBeam+1","floor":14},{"not_picked":["hierophant:Flagellation","hierophant:Endure"],"picked":"hierophant:OrnateBuckler","floor":15},{"not_picked":["hierophant:AuricForm","hierophant:Levitation"],"picked":"hierophant:LocustPlague+1","floor":16},{"not_picked":["hierophant:Dazzle+1","hierophant:FaithHealing"],"picked":"hierophant:RustyCrate","floor":18},{"not_picked":["hierophant:SealAway+1","hierophant:Refuge+1"],"picked":"hierophant:Rebuild+1","floor":20}],"player_experience":2247103,"relics_obtained":[{"floor":2,"key":"Molten Egg 2"},{"floor":9,"key":"Dream Catcher"},{"floor":11,"key":"Runesmith:Locket"},{"floor":12,"key":"Orichalcum"}],"event_choices":[{"damage_healed":0,"gold_gain":175,"player_choice":"AGREE","damage_taken":46,"max_hp_gain":0,"max_hp_loss":0,"event_name":"betterThird:BetterSerpent","floor":7,"gold_loss":0},{"damage_healed":0,"gold_gain":0,"player_choice":"Copied","damage_taken":0,"max_hp_gain":0,"max_hp_loss":0,"event_name":"Duplicator","floor":19,"gold_loss":0,"cards_obtained":["hierophant:AuricBeam"]}],"is_beta":false,"boss_relics":[{"not_picked":["Busted Crown","Velvet Choker"],"picked":"construct:WeddingRing"}],"items_purged_floors":[],"is_endless":false,"potions_floor_spawned":[3,4,14,16],"killed_by":"Cultist and Chosen","ascension_level":4}}