{"host":"bplbr8uekuotory4","time":1610970961,"event":{"mods":["Act Like it!","BaseMod","Custom Start","Gensokyo","GungeonMod","Hermit","KinomotoSakuraMod(木之本樱)","Marisa（F雨　魔理沙）","Minty Spire (QoL Compilation)","Prisma Mod","Quick Restart","Reimu（博丽灵梦）","Replay The Spire","SOS（斯巴达之子）","Spicy Shops","StSLib","TestMod","The Blackbeard","The Cursed","The Marked","The Mystic","The Poker Player","The Runesmith","The Saiyan","The Senshi","The Servant 0.9.4","Yuri Mod","[IsaacMod]以撒尖塔"],"gold_per_floor":[110,110,124,174,449,449,476,476,476,476,511,35,35,85,85,189,189,208,292,302,302,315,315,346,121,121,153,3,32,132,142,142,240,240,264,64,64,1063,835,870,949,520,520,520,531,584,601,612,612,618,618,618,466,499,512],"floor_reached":56,"language":"ZHS","playtime":1350,"items_purged":["Survivor","Strike_G","Strike_G","Defend_G+1","Strike_G","Strike_G+1","Normality"],"score":2556,"play_id":"e5e1b680-b0f3-447d-be1f-3b602c895ca0","local_time":"20210118195601","is_ascension_mode":true,"campfire_choices":[{"data":"Neutralize","floor":6.0,"key":"SMITH"},{"floor":8.0,"key":"RECALL"},{"data":"Blade Dance","floor":15.0,"key":"SMITH"},{"data":"testmod-TaurusBlackCat","floor":23.0,"key":"SMITH"},{"floor":32.0,"key":"DIG"},{"data":"Burst","floor":44,"key":"SMITH"},{"data":"Backstab","floor":49,"key":"SMITH"},{"data":"Defend_G+1","floor":52,"key":"SMITH"}],"circlet_count":0,"master_deck":["AscendersBane","Defend_G+2","Neutralize+1","Finisher+1","Blade Dance+1","testmod-TaurusBlackCat+1","Backstab+1","CurseOfTheBell","Terror+1","Burst+1"],"relics":["Ring of the Snake","testmod-TestBox","HushsDoor","GuppysPaw","testmod-Temperance","NeowsBlessing","Eternal Feather","Simple Rune","Replay:Bottled Eggs","SatanicBible","Replay:Bottled Snecko","Blue Doll","Divine Protection","NineVolt","DemoMod:GlassGuonStoneRelic","testmod-CardMagician","GuppysTail","GuppysCollar","GuppysHead","testmod-TurbochargingSystem","Chaos","Replay:Baseball","SteamSale","DemoMod:ChaffGrenade","Centennial Puzzle","Pet Ghost","Calling Bell","testmod-DeterminationOfClimber","Anchor","Replay:Drink Me","DemoMod:MonsterBlood","DeadEye","testmod-BatchProcessingSystem","DemoMod:Bottle","testmod-Brilliant","DemoMod:ClearGuonStone","Happy Flower","BookofShadows","Tingsha","CatCart","DemoMod:SuperHotWatch","testmod-Maize"],"acts_visited":["Exordium","TheCity","TheBeyond","TheEnding"],"potions_floor_usage":[55,55,55],"damage_taken":[{"damage":0.0,"enemies":"Jaw Worm","floor":1.0,"turns":1.0},{"damage":0.0,"enemies":"Cultist","floor":3.0,"turns":1.0},{"damage":0.0,"enemies":"Hiden Room Battle","floor":4.0,"turns":1.0},{"damage":0.0,"enemies":"Lagavulin","floor":7.0,"turns":2.0},{"damage":11.0,"enemies":"3 Sentries","floor":11.0,"turns":8.0},{"damage":49.0,"enemies":"Hiden Room Battle","floor":14.0,"turns":6.0},{"damage":0.0,"enemies":"Hexaghost","floor":16.0,"turns":7.0},{"damage":0.0,"enemies":"Shell Parasite","floor":18.0,"turns":2.0},{"damage":0.0,"enemies":"Chosen","floor":20.0,"turns":2.0},{"damage":0.0,"enemies":"Centurion and Healer","floor":22.0,"turns":1.0},{"damage":0.0,"enemies":"Gremlin Leader","floor":24.0,"turns":1.0},{"damage":0.0,"enemies":"Book of Stabbing","floor":27.0,"turns":2.0},{"damage":0.0,"enemies":"Gremlin Leader","floor":29.0,"turns":1.0},{"damage":0.0,"enemies":"Colosseum Slavers","floor":30.0,"turns":2.0},{"damage":0.0,"enemies":"Colosseum Nobs","floor":30.0,"turns":1.0},{"damage":0.0,"enemies":"Snake Plant","floor":31.0,"turns":1.0},{"damage":0.0,"enemies":"Automaton","floor":33.0,"turns":3.0},{"damage":0.0,"enemies":"3 Darklings","floor":35.0,"turns":1.0},{"damage":0,"enemies":"R_Hoarder","floor":40,"turns":1},{"damage":0,"enemies":"3 Shapes","floor":45,"turns":1},{"damage":0,"enemies":"Orin","floor":46,"turns":2},{"damage":0,"enemies":"Maw","floor":47,"turns":1},{"damage":0,"enemies":"3 Darklings","floor":48,"turns":1},{"damage":0,"enemies":"Time Eater","floor":50,"turns":1},{"damage":0,"enemies":"Shield and Spear","floor":54,"turns":1},{"damage":0,"enemies":"The Heart","floor":55,"turns":5}],"seed_played":"-1210963125687165276","potions_obtained":[{"floor":3.0,"key":"Strength Potion"},{"floor":4.0,"key":"Swift Potion"},{"floor":14.0,"key":"Swift Potion"},{"floor":19.0,"key":"Elixir"},{"floor":19.0,"key":"EntropicBrew"},{"floor":45,"key":"FairyPotion"},{"floor":46,"key":"GrandPatriotsElixir:ReiMu"}],"is_trial":false,"path_per_floor":["M","?","M","?","?","R","E","R","T","?","E","$","?","?","R","B",null,"M","?","M","?","M","R","E","$","T","E","$","E","?","M","R","B",null,"M","$","?","?","$","E","T","$","T","R","M","?","M","M","R","B",null,"R","$","E","B",null],"character_chosen":"THE_SILENT","items_purchased":["testmod-TaurusBlackCat","Blue Doll","GuppysTail","GuppysCollar","GuppysHead","Poisoned Strike","testmod-SpacePotion","DemoMod:MonsterBlood","DeadEye","testmod-Brilliant","DemoMod:ClearGuonStone","Happy Flower","BookofShadows","DemoMod:SuperHotWatch"],"campfire_rested":0,"item_purchase_floors":[12,12,17,17,17,17,36,36,39,42,42,42,42,53],"current_hp_per_floor":[63,63,63,48,48,57,57,63,63,63,52,52,122,58,67,67,90,90,90,90,90,90,96,96,96,96,96,96,96,96,96,97,97,73,73,80,80,80,80,80,80,80,80,80,80,80,80,80,80,80,80,80,80,80,80],"gold":512,"neow_bonus":"THREE_ENEMY_KILL","is_daily":false,"chose_seed":false,"campfire_upgraded":6,"win_rate":0.0,"timestamp":1610970961,"path_taken":["M","?","M","?","?","R","E","R","T","?","E","$","?","?","R","BOSS","M","?","M","?","M","R","E","$","T","E","?","E","?","M","R","BOSS","M","$","?","?","?","E","?","$","T","R","?","?","M","M","R","BOSS","R","$","E","BOSS"],"items_purchased_type":["Card","Relic","Relic","Relic","Relic","Card","Potion","Relic","Relic","Relic","Relic","Relic","Relic","Relic"],"build_version":"2020-12-22","purchased_purges":7,"victory":true,"max_hp_per_floor":[70,70,70,70,70,70,70,70,70,70,70,70,140,140,140,140,97,97,97,97,97,97,97,97,97,97,97,97,97,97,97,97,97,73,73,80,80,80,80,80,80,80,80,80,80,80,80,80,80,80,80,80,80,80,80],"card_choices":[{"not_picked":[],"picked":"ChaosCard","floor":0.0},{"not_picked":["Quick Slash","Hidden Blade"],"picked":"Finisher","floor":1.0},{"not_picked":["Outmaneuver","After Image","Underhanded Strike"],"picked":"SKIP","floor":3.0},{"not_picked":["Deadly Poison","Acrobatics","Fluid Movement"],"picked":"SKIP","floor":7.0},{"not_picked":["Flechettes","Storm of Steel"],"picked":"Blade Dance","floor":11.0},{"not_picked":["Deflect","Poisoned Stab","Leg Sweep"],"picked":"SKIP","floor":18.0},{"not_picked":["Flying Knee","Outmaneuver+1","Prepared"],"picked":"SKIP","floor":20.0},{"not_picked":["Backflip","Caltrops","Prepared"],"picked":"SKIP","floor":22.0},{"not_picked":["Replay:Poison Smokescreen","Prepared","Finisher"],"picked":"SKIP","floor":24.0},{"not_picked":["All Out Attack","Dodge and Roll","PiercingWail"],"picked":"SKIP","floor":27.0},{"not_picked":["Blade Dance","Replay:Poison Smokescreen"],"picked":"Backstab","floor":29.0},{"not_picked":["Quick Slash","Heel Hook"],"picked":"Cloak And Dagger","floor":31.0},{"not_picked":["Caltrops","Flying Knee"],"picked":"Terror+1","floor":35.0},{"not_picked":["Blade Dance+1","Poisoned Stab"],"picked":"Burst","floor":40},{"not_picked":["All Out Attack","Outmaneuver","Poisoned Stab+1"],"picked":"SKIP","floor":45},{"not_picked":["Noxious Fumes","Dagger Throw+1","Leg Sweep+1"],"picked":"SKIP","floor":47},{"not_picked":["Flechettes+1","Cloak And Dagger+1","Blade Dance"],"picked":"SKIP","floor":48},{"not_picked":["Distraction","Endless Agony+1","Underhanded Strike+1"],"picked":"SKIP","floor":54}],"player_experience":1180789,"relics_obtained":[{"floor":4.0,"key":"Eternal Feather"},{"floor":4.0,"key":"Simple Rune"},{"floor":7.0,"key":"Replay:Bottled Eggs"},{"floor":9.0,"key":"SatanicBible"},{"floor":11.0,"key":"Replay:Bottled Snecko"},{"floor":14.0,"key":"Divine Protection"},{"floor":14.0,"key":"NineVolt"},{"floor":19.0,"key":"testmod-TurbochargingSystem"},{"floor":24.0,"key":"Chaos"},{"floor":27.0,"key":"Replay:Baseball"},{"floor":29.0,"key":"SteamSale"},{"floor":30.0,"key":"DemoMod:ChaffGrenade"},{"floor":30.0,"key":"Centennial Puzzle"},{"floor":32.0,"key":"Pet Ghost"},{"floor":34.0,"key":"testmod-DeterminationOfClimber"},{"floor":34.0,"key":"Anchor"},{"floor":34.0,"key":"Replay:Drink Me"},{"floor":40,"key":"testmod-BatchProcessingSystem"},{"floor":41,"key":"DemoMod:Bottle"},{"floor":43,"key":"Tingsha"},{"floor":46,"key":"CatCart"},{"floor":54,"key":"testmod-Maize"}],"event_choices":[{"damage_healed":0.0,"max_hp_gain":0.0,"max_hp_loss":0.0,"gold_gain":0.0,"event_name":"Accursed Blacksmith","player_choice":"Forge","floor":2.0,"gold_loss":0.0,"damage_taken":0.0,"cards_upgraded":["Finisher"]},{"damage_healed":0.0,"max_hp_gain":0.0,"max_hp_loss":0.0,"gold_gain":0.0,"event_name":"HidenRoomEvent","player_choice":"Fight","floor":4.0,"gold_loss":0.0,"damage_taken":0.0},{"damage_healed":0.0,"max_hp_gain":0.0,"max_hp_loss":0.0,"gold_gain":275.0,"event_name":"Golden Shrine","player_choice":"Desecrate","floor":5.0,"gold_loss":0.0,"damage_taken":0.0,"cards_obtained":["Regret"]},{"damage_healed":0.0,"max_hp_gain":0.0,"max_hp_loss":0.0,"gold_gain":0.0,"event_name":"The Woman in Blue","player_choice":"Bought 0 Potions","floor":10.0,"gold_loss":0.0,"damage_taken":0.0},{"damage_healed":0.0,"max_hp_gain":0.0,"max_hp_loss":0.0,"gold_gain":0.0,"event_name":"给自己的盒子","player_choice":"Swap Relic","floor":13.0,"relics_lost":["testmod-HarvestTotem"],"gold_loss":0.0,"damage_taken":0.0,"relics_obtained":["testmod-HarvestTotem"]},{"damage_healed":0.0,"max_hp_gain":0.0,"max_hp_loss":0.0,"gold_gain":0.0,"event_name":"HidenRoomEvent","player_choice":"Fight","floor":14.0,"gold_loss":0.0,"damage_taken":0.0},{"damage_healed":0.0,"max_hp_gain":0.0,"max_hp_loss":0.0,"gold_gain":0.0,"event_name":"Colosseum","player_choice":"Fight","floor":30.0,"gold_loss":0.0,"damage_taken":0.0},{"damage_healed":0.0,"max_hp_gain":0.0,"max_hp_loss":0.0,"gold_gain":0.0,"event_name":"Colosseum","player_choice":"Fought Nobs","floor":30.0,"gold_loss":0.0,"damage_taken":0.0},{"cards_removed":["Poisoned Strike"],"damage_healed":0.0,"max_hp_gain":0.0,"max_hp_loss":0.0,"gold_gain":0.0,"event_name":"Purifier","player_choice":"Purged","floor":37.0,"gold_loss":0.0,"damage_taken":0.0},{"damage_healed":0.0,"max_hp_gain":0.0,"max_hp_loss":0.0,"gold_gain":999.0,"event_name":"MindBloom","player_choice":"Gold","floor":38.0,"gold_loss":0.0,"damage_taken":0.0,"cards_obtained":["Normality","Normality"]},{"damage_healed":0,"gold_gain":0,"player_choice":"Fight","damage_taken":0,"max_hp_gain":0,"max_hp_loss":0,"event_name":"OrinTheCat","floor":46,"gold_loss":0}],"is_beta":false,"boss_relics":[{"not_picked":["Fusion Hammer","ChampionBelt"],"picked":"testmod-CardMagician"},{"not_picked":[]},{"not_picked":["White Beast Statue","ClockworkSouvenir"],"picked":"Calling Bell"},{"not_picked":[]}],"items_purged_floors":[12,17,25,25,28,36,39],"is_endless":false,"potions_floor_spawned":[3,4,14,24,27,29,30,31,45,46],"ascension_level":11}}