{"host":"i09pxcjttd31eh4q","time":1610971236,"event":{"mods":["AchievementEnabler","BaseMod","Colored Map","Keyboard Shortcuts","Minty Spire (QoL Compilation)","StSLib","SuperFastMode"],"gold_per_floor":[109,128,147,160,235,263,275,12,90,120,120,45,45,45,45,45,45],"floor_reached":16,"language":"KOR","playtime":183,"items_purged":[],"score":220,"play_id":"9c9115ef-41e9-4c97-b3ba-38b7dbfd1523","local_time":"20210118210036","is_ascension_mode":true,"campfire_choices":[{"floor":13,"key":"REST"},{"data":"Eruption","floor":15,"key":"SMITH"}],"circlet_count":0,"master_deck":["AscendersBane","Strike_P","Strike_P","Strike_P","Defend_P","Defend_P","Defend_P","Defend_P","Eruption+1","Vigilance","InnerPeace","Tantrum","CrushJoints","EmptyFist","FollowUp","Scrawl"],"relics":["PureWater","NeowsBlessing","Tiny Chest","Sundial","Question Card","Prayer Wheel"],"acts_visited":["Exordium"],"potions_floor_usage":[6,10,12],"damage_taken":[{"damage":0,"enemies":"Cultist","floor":1,"turns":1},{"damage":0,"enemies":"Jaw Worm","floor":2,"turns":1},{"damage":0,"enemies":"Small Slimes","floor":3,"turns":1},{"damage":3,"enemies":"Looter","floor":4,"turns":2},{"damage":35,"enemies":"Lagavulin","floor":6,"turns":5},{"damage":2,"enemies":"Exordium Wildlife","floor":7,"turns":2},{"damage":8,"enemies":"Gremlin Nob","floor":10,"turns":3},{"damage":36,"enemies":"The Guardian","floor":16,"turns":4}],"seed_played":"118842022320393596","potions_obtained":[{"floor":1,"key":"Block Potion"},{"floor":4,"key":"Energy Potion"},{"floor":7,"key":"AttackPotion"},{"floor":10,"key":"Fruit Juice"}],"is_trial":false,"path_per_floor":["M","M","M","M","?","E","M","$","T","E","?","?","R","$","R","B"],"character_chosen":"WATCHER","items_purchased":["Sundial"],"campfire_rested":1,"item_purchase_floors":[8],"current_hp_per_floor":[61,61,61,58,47,12,10,10,10,2,7,12,35,35,35,0,0],"gold":45,"neow_bonus":"THREE_ENEMY_KILL","is_daily":false,"chose_seed":false,"campfire_upgraded":1,"win_rate":0.0,"timestamp":1610971236,"path_taken":["M","M","M","?","?","E","M","$","T","E","?","?","R","$","R","BOSS"],"items_purchased_type":["Relic"],"build_version":"2020-12-22","purchased_purges":0,"victory":false,"max_hp_per_floor":[68,68,68,68,68,68,68,68,68,68,73,78,78,78,78,78,78],"card_choices":[{"not_picked":["ClearTheMind","SashWhip"],"picked":"InnerPeace","floor":1},{"not_picked":["JustLucky","ThirdEye"],"picked":"Tantrum","floor":2},{"not_picked":["Crescendo","PathToVictory","Collect"],"picked":"SKIP","floor":3},{"not_picked":["WindmillStrike","CutThroughFate"],"picked":"CrushJoints","floor":4},{"not_picked":["ThirdEye","SashWhip"],"picked":"EmptyFist","floor":6},{"not_picked":["Protect","WaveOfTheHand"],"picked":"FollowUp","floor":7},{"not_picked":["BowlingBash","Crescendo","FollowUp"],"picked":"Scrawl","floor":10}],"player_experience":870063,"relics_obtained":[{"floor":6,"key":"Tiny Chest"},{"floor":9,"key":"Question Card"},{"floor":10,"key":"Prayer Wheel"}],"event_choices":[{"damage_healed":0,"gold_gain":75,"player_choice":"Gather Gold","damage_taken":11,"max_hp_gain":0,"max_hp_loss":0,"event_name":"World of Goop","floor":5,"gold_loss":0},{"damage_healed":0,"gold_gain":0,"player_choice":"Donut","damage_taken":0,"max_hp_gain":5,"max_hp_loss":0,"event_name":"Big Fish","floor":11,"gold_loss":0},{"cards_removed":["Strike_P"],"damage_healed":0,"gold_gain":0,"player_choice":"Card Removal","damage_taken":0,"max_hp_gain":0,"max_hp_loss":0,"event_name":"The Cleric","floor":12,"gold_loss":75}],"is_beta":false,"boss_relics":[],"items_purged_floors":[],"is_endless":false,"potions_floor_spawned":[1,4,7,10],"killed_by":"The Guardian","ascension_level":20}}