{"host":"k5ju8d0zk0rk1tfm","time":1610935335,"event":{"mods":["100% Spire Juice","2.2 Compatiblity","Act Like it!","BaseMod","ChefMod","GifTheSpireLib","Hallownest","Hermit","Infinite Spire","Jorbs\u0027s Wanderer Trilogy","Marisa????????","Minty Spire (QoL Compilation)","Potionbrewer","Random Character Button","Replay The Spire","Shade Mod","StSLib","Stuff the Spire","The Alterego","The Bug Knight","The Cursed","The Florist","The Hierophant","The Judge","The Jungle","The Marked","The Necromancer","The Senshi","The Servant 0.9.4","The Spell Scribe","TheSwordswoman","thorton"],"gold_per_floor":[111,111,286,54,69,95,95,95,95,95,108,108,129,149,149,272,272,285,285,303,303,219,219,219],"floor_reached":23,"language":"ENG","playtime":1155,"items_purged":["Doubt"],"score":239,"play_id":"56e15a54-75d4-4b50-a23a-03dbe71e4d30","local_time":"20210117190215","is_ascension_mode":false,"campfire_choices":[{"data":"theMarked:EmpowerWeapon","floor":7,"key":"SMITH"},{"floor":15,"key":"REST"}],"circlet_count":0,"master_deck":["theMarked:Defend","theMarked:Defend","theMarked:Defend+1","theMarked:Defend","theMarked:SoldierOfQuellstein","theMarked:Static","theMarked:WastefulAttack","theMarked:SwordAndMagic","theMarked:RogueSparks","theMarked:EmpowerWeapon+1","theMarked:Improvise","theMarked:EmpowerWeapon+1","theMarked:UnarmedFury","theMarked:Static","theMarked:ParalyzingBlade","theMarked:ResourceFulStrike","theMarked:EternalStudent","theMarked:WardOff","Bite","Bite","Bite","Bite","Bite","theMarked:WastefulDefense","StuffTheSpire:PestControl","theMarked:GodGivenPower","theMarked:WardOff"],"relics":["theMarked:ArtifactOfAir","NeowsBlessing","theMarked:Winder","Blue Doll","Golden Idol","War Paint","thethorton:CrushedCigarette"],"acts_visited":["Exordium","TheCity"],"potions_floor_usage":[],"damage_taken":[{"damage":0,"enemies":"2 Louse","floor":1,"turns":1},{"damage":0,"enemies":"Jaw Worm","floor":5,"turns":1},{"damage":0,"enemies":"Lagavulin","floor":6,"turns":1},{"damage":2,"enemies":"Small Slimes","floor":11,"turns":2},{"damage":12,"enemies":"2 Fungi Beasts","floor":13,"turns":4},{"damage":5,"enemies":"Looter","floor":14,"turns":2},{"damage":52,"enemies":"The Guardian","floor":16,"turns":8},{"damage":22,"enemies":"2 Thieves","floor":18,"turns":4},{"damage":23,"enemies":"Shell Parasite","floor":20,"turns":6},{"damage":11,"enemies":"HollowMod:Nosk","floor":23,"turns":2}],"seed_played":"-5177581604225143484","potions_obtained":[{"floor":5,"key":"Weak Potion"},{"floor":11,"key":"Dexterity Potion"},{"floor":13,"key":"Ancient Potion"}],"is_trial":false,"path_per_floor":["M","?","?","$","M","E","R","?","T","?","M","?","M","M","R","B",null,"M","?","M","?","$","E"],"character_chosen":"THE_DEFAULT","items_purchased":["theMarked:Winder","theMarked:GodGivenPower","theMarked:WardOff"],"campfire_rested":1,"item_purchase_floors":[4,22,22],"current_hp_per_floor":[70,70,70,70,70,70,70,53,53,53,51,66,54,49,70,18,70,48,48,29,9,9,0,0],"gold":219,"neow_bonus":"THREE_ENEMY_KILL","is_daily":false,"chose_seed":false,"campfire_upgraded":1,"win_rate":0.0,"timestamp":1610935335,"path_taken":["M","?","?","$","?","E","R","?","T","?","M","?","M","M","R","BOSS","M","?","M","?","$","E"],"items_purchased_type":["Relic","Card","Card"],"build_version":"2020-12-22","purchased_purges":1,"victory":false,"max_hp_per_floor":[70,70,70,70,70,70,70,70,70,70,70,70,70,70,70,70,70,70,49,49,49,49,49,49],"card_choices":[{"not_picked":["theMarked:HeightenedSenses","theMarked:SelfDefenseTraining"],"picked":"theMarked:Static","floor":1},{"not_picked":["theMarked:Aftermath","theMarked:EnhanceMovement"],"picked":"theMarked:EmpowerWeapon","floor":5},{"not_picked":["theMarked:ShockingTouch","theMarked:ResourceFulStrike"],"picked":"theMarked:UnarmedFury","floor":6},{"not_picked":["theMarked:ChainLightning","theMarked:ContemptForTheProud"],"picked":"theMarked:Static","floor":11},{"not_picked":["theMarked:ElectricStrings","theMarked:WastefulDefense"],"picked":"theMarked:ParalyzingBlade","floor":13},{"not_picked":["theMarked:Static","theMarked:EnhanceMovement"],"picked":"theMarked:ResourceFulStrike","floor":14},{"not_picked":["theMarked:SoldierForm","theMarked:TakeOffHeels"],"picked":"theMarked:EternalStudent","floor":16},{"not_picked":["theMarked:SwordAndMagic","theMarked:ElectricStrings"],"picked":"theMarked:WardOff","floor":18},{"not_picked":["theMarked:BanishingStrike+1","theMarked:Static"],"picked":"theMarked:WastefulDefense","floor":20}],"player_experience":220273,"relics_obtained":[{"floor":6,"key":"Blue Doll"},{"floor":9,"key":"War Paint"}],"event_choices":[{"damage_healed":0,"gold_gain":175,"player_choice":"AGREE","damage_taken":0,"max_hp_gain":0,"max_hp_loss":0,"event_name":"Liars Game","floor":3,"gold_loss":0,"cards_obtained":["Doubt"]},{"damage_healed":0,"gold_gain":0,"player_choice":"Take Damage","damage_taken":17,"relics_obtained":["Golden Idol"],"max_hp_gain":0,"max_hp_loss":0,"event_name":"Golden Idol","floor":8,"gold_loss":0},{"damage_healed":0,"gold_gain":0,"player_choice":"Leave","damage_taken":0,"max_hp_gain":0,"max_hp_loss":0,"event_name":"The Cleric","floor":10,"gold_loss":0},{"damage_healed":0,"gold_gain":0,"player_choice":"Became a vampire","damage_taken":0,"max_hp_gain":0,"max_hp_loss":21,"event_name":"Vampires","floor":19,"gold_loss":0,"cards_obtained":["Bite","Bite","Bite","Bite","Bite"]}],"is_beta":false,"boss_relics":[{"not_picked":["Ring of Chaos","Pandora\u0027s Box"],"picked":"thethorton:CrushedCigarette"}],"items_purged_floors":[4],"is_endless":false,"potions_floor_spawned":[5,11,13],"killed_by":"HollowMod:Nosk","ascension_level":0}}