{"host":"1c52r9kaxdyo25eq","time":1610996327,"event":{"mods":["AchievementEnabler","BaseMod","Minty Spire (QoL Compilation)","Rare Cards Sparkle","SuperFastMode","everything is the same but u backflip on backflip"],"gold_per_floor":[110,125,143,143,159,159,171,181,181,194,194,105,105,105,105,178,178,194,194,213,233,243,243,261,261,288,288,288,288],"floor_reached":28,"language":"KOR","playtime":544,"items_purged":[],"score":428,"play_id":"60bb02bc-e92b-4f52-9ca5-c87d22fc97c1","local_time":"20210119035847","is_ascension_mode":true,"campfire_choices":[{"data":"Dash","floor":6.0,"key":"SMITH"},{"data":"Masterful Stab","floor":11.0,"key":"SMITH"},{"data":"Terror","floor":13.0,"key":"SMITH"},{"data":"Poisoned Stab","floor":15.0,"key":"SMITH"},{"data":"Blade Dance","floor":23.0,"key":"SMITH"},{"floor":25.0,"key":"REST"}],"circlet_count":0,"master_deck":["AscendersBane","Survivor","Neutralize+1","Poisoned Stab+1","Dash+1","Masterful Stab+1","Acrobatics","Terror+1","Accuracy","Backflip","After Image","After Image","Dagger Spray","Crippling Poison","Sucker Punch","Flying Knee","Tools of the Trade","Slice","Choke","Dagger Throw","Blade Dance+1","Accuracy","Finisher","Blade Dance"],"relics":["WristBlade","InkBottle","Pandora\u0027s Box","Blood Vial"],"acts_visited":["TheCity"],"potions_floor_usage":[28],"damage_taken":[{"damage":0.0,"enemies":"2 Louse","floor":1.0,"turns":4.0},{"damage":1.0,"enemies":"Cultist","floor":2.0,"turns":4.0},{"damage":2.0,"enemies":"Small Slimes","floor":3.0,"turns":4.0},{"damage":3.0,"enemies":"Looter","floor":5.0,"turns":3.0},{"damage":3.0,"enemies":"2 Fungi Beasts","floor":7.0,"turns":3.0},{"damage":0.0,"enemies":"3 Louse","floor":8.0,"turns":2.0},{"damage":0.0,"enemies":"Exordium Wildlife","floor":10.0,"turns":2.0},{"damage":22.0,"enemies":"The Guardian","floor":16.0,"turns":8.0},{"damage":16.0,"enemies":"Chosen","floor":18.0,"turns":4.0},{"damage":0.0,"enemies":"Spheric Guardian","floor":20.0,"turns":3.0},{"damage":3.0,"enemies":"3 Cultists","floor":21.0,"turns":4.0},{"damage":0.0,"enemies":"Cultist and Chosen","floor":22.0,"turns":3.0},{"damage":34.0,"enemies":"Snake Plant","floor":24.0,"turns":4.0},{"damage":31,"enemies":"Book of Stabbing","floor":28,"turns":3}],"seed_played":"3217085166814897458","potions_obtained":[{"floor":3.0,"key":"Poison Potion"},{"floor":5.0,"key":"Fruit Juice"},{"floor":10.0,"key":"PowerPotion"},{"floor":16.0,"key":"LiquidMemories"},{"floor":20.0,"key":"SteroidPotion"},{"floor":21.0,"key":"BlessingOfTheForge"}],"is_trial":false,"path_per_floor":["M","M","M","?","M","R","M","M","T","M","R","$","R","?","R","B",null,"M","?","M","M","M","R","M","R","T","?","E"],"character_chosen":"THE_SILENT","items_purchased":["Accuracy"],"campfire_rested":1,"item_purchase_floors":[12],"current_hp_per_floor":[59,58,56,36,33,33,30,30,30,35,35,35,35,35,35,13,57,41,41,41,38,38,38,4,25,25,25,0,0],"gold":288,"neow_bonus":"BOSS_RELIC","is_daily":false,"chose_seed":false,"campfire_upgraded":5,"win_rate":0.0,"timestamp":1610996327,"path_taken":["M","M","M","?","M","R","M","M","T","M","R","$","R","?","R","BOSS","M","?","M","?","M","R","M","R","T","?","E"],"items_purchased_type":["Card"],"build_version":"2020-12-22","purchased_purges":0,"victory":false,"max_hp_per_floor":[66,66,66,66,66,66,66,66,66,71,71,71,71,71,71,71,71,71,71,71,71,71,71,71,71,71,71,71,71],"card_choices":[{"not_picked":["Dodge and Roll","Heel Hook","Sucker Punch"],"picked":"SKIP","floor":1.0},{"not_picked":["Dodge and Roll","Heel Hook","Sucker Punch"],"picked":"SKIP","floor":1.0},{"not_picked":["Endless Agony","Underhanded Strike","Dagger Throw"],"picked":"SKIP","floor":2.0},{"not_picked":["Outmaneuver","Setup"],"picked":"Poisoned Stab","floor":3.0},{"not_picked":["Prepared","Outmaneuver"],"picked":"Dash","floor":5.0},{"not_picked":["Slice","Predator"],"picked":"Masterful Stab","floor":7.0},{"not_picked":["Footwork","Slice"],"picked":"Acrobatics","floor":8.0},{"not_picked":["Bane","Concentrate"],"picked":"Terror","floor":10.0},{"not_picked":["Storm of Steel","Adrenaline"],"picked":"After Image","floor":16.0},{"not_picked":["Dodge and Roll","Slice"],"picked":"Blade Dance","floor":18.0},{"not_picked":["Acrobatics","Escape Plan"],"picked":"Finisher","floor":20.0},{"not_picked":["Sucker Punch","Deadly Poison","Dodge and Roll"],"picked":"SKIP","floor":21.0},{"not_picked":["Dagger Throw+1","A Thousand Cuts"],"picked":"Blade Dance","floor":22.0},{"not_picked":["Dodge and Roll","Cloak And Dagger","Poisoned Stab"],"picked":"SKIP","floor":24.0}],"player_experience":594739,"relics_obtained":[{"floor":9.0,"key":"InkBottle"},{"floor":26.0,"key":"Blood Vial"}],"event_choices":[{"damage_healed":0.0,"max_hp_gain":0.0,"max_hp_loss":0.0,"gold_gain":0.0,"event_name":"Shining Light","player_choice":"Entered Light","floor":4.0,"gold_loss":0.0,"damage_taken":20.0,"cards_upgraded":["Neutralize","Strike_G"]},{"damage_healed":0.0,"max_hp_gain":0.0,"max_hp_loss":0.0,"gold_gain":0.0,"cards_transformed":["Defend_G"],"event_name":"Transmorgrifier","player_choice":"Transformed","floor":14.0,"gold_loss":0.0,"damage_taken":0.0,"cards_obtained":["Backflip"]},{"damage_healed":0.0,"max_hp_gain":0.0,"max_hp_loss":0.0,"gold_gain":0.0,"event_name":"Duplicator","player_choice":"Copied","floor":19.0,"gold_loss":0.0,"damage_taken":0.0,"cards_obtained":["Accuracy"]},{"damage_healed":0.0,"max_hp_gain":0.0,"max_hp_loss":0.0,"gold_gain":0.0,"event_name":"Vampires","player_choice":"Ignored","floor":27.0,"gold_loss":0.0,"damage_taken":0.0}],"is_beta":false,"boss_relics":[{"not_picked":["Calling Bell","Tiny House"],"picked":"Pandora\u0027s Box"}],"items_purged_floors":[],"is_endless":false,"potions_floor_spawned":[3,5,8,10,16,20,21],"killed_by":"Book of Stabbing","ascension_level":20}}