{"host":"ydg0vn0pu4pubmdt","time":1610955514,"event":{"mods":["AchievementEnabler","BaseMod","Colored Map","Gold Saver","Minty Spire (QoL Compilation)","Quick Restart","SuperFastMode"],"gold_per_floor":[114,63,63,73,73,105,105,134,134,134,134,148,174,162,162,265,265,278,478,489,37,113,144,144,7,55,70,84,84,84,94,94,94,94],"floor_reached":33,"language":"KOR","playtime":1041,"items_purged":["Rainbow","Gash"],"score":485,"play_id":"6d58a9ec-778e-42d2-b4d1-b469405f00b0","local_time":"20210118163834","is_ascension_mode":true,"campfire_choices":[{"data":"Turbo","floor":7.0,"key":"SMITH"},{"floor":11.0,"key":"REST"},{"data":"Darkness","floor":15.0,"key":"SMITH"},{"floor":24.0,"key":"REST"},{"floor":29,"key":"REST"},{"data":"Buffer","floor":32,"key":"SMITH"}],"circlet_count":0,"master_deck":["AscendersBane","Zap","Dualcast","Meteor Strike","Darkness","Turbo+1","Skim","Sweeping Beam","Darkness+1","Coolheaded","Cold Snap","Core Surge","Skim","Redo","Meteor Strike","Tempest","Creative AI","Defragment","FTL","Go for the Eyes","Compile Driver","Electrodynamics","Capacitor","BootSequence","Chill","Buffer+1","White Noise+1"],"relics":["Cracked Core","Boot","Bronze Scales","The Courier","Eternal Feather","Strawberry","Odd Mushroom","Pandora\u0027s Box","Mummified Hand","Molten Egg 2","Question Card","PreservedInsect"],"acts_visited":["Exordium","TheCity"],"potions_floor_usage":[28],"damage_taken":[{"damage":7.0,"enemies":"Jaw Worm","floor":1.0,"turns":4.0},{"damage":9.0,"enemies":"2 Louse","floor":4.0,"turns":3.0},{"damage":25.0,"enemies":"3 Sentries","floor":6.0,"turns":6.0},{"damage":15.0,"enemies":"Lagavulin","floor":8.0,"turns":4.0},{"damage":3.0,"enemies":"Small Slimes","floor":12.0,"turns":4.0},{"damage":27.0,"enemies":"The Mushroom Lair","floor":13.0,"turns":3.0},{"damage":9.0,"enemies":"Exordium Thugs","floor":14.0,"turns":4.0},{"damage":0.0,"enemies":"The Guardian","floor":16.0,"turns":8.0},{"damage":11.0,"enemies":"Chosen","floor":18.0,"turns":4.0},{"damage":0.0,"enemies":"3 Byrds","floor":20.0,"turns":1.0},{"damage":33.0,"enemies":"Gremlin Leader","floor":23.0,"turns":4.0},{"damage":6,"enemies":"3 Cultists","floor":27,"turns":3},{"damage":35,"enemies":"Snake Plant","floor":28,"turns":3},{"damage":2,"enemies":"Centurion and Healer","floor":31,"turns":6},{"damage":74,"enemies":"Automaton","floor":33,"turns":6}],"seed_played":"-5162970151300401342","potions_obtained":[{"floor":4.0,"key":"AttackPotion"},{"floor":8.0,"key":"LiquidBronze"},{"floor":13.0,"key":"FocusPotion"},{"floor":16.0,"key":"PowerPotion"},{"floor":18.0,"key":"Weak Potion"},{"floor":20.0,"key":"ColorlessPotion"}],"is_trial":false,"path_per_floor":["M","$","?","M","?","E","R","E","T","T","R","M","?","M","R","B",null,"M","?","M","$","T","E","R","$","T","M","M","R","?","M","R","B"],"character_chosen":"DEFECT","items_purchased":["Turbo","Mummified Hand","Electrodynamics","Capacitor","BootSequence"],"campfire_rested":3,"item_purchase_floors":[2,21,21,21,25],"current_hp_per_floor":[61,61,58,49,49,24,24,9,9,16,49,46,19,10,22,22,67,56,56,56,56,56,23,59,59,59,53,18,57,41,39,54,0,0],"gold":94,"neow_bonus":"THREE_RARE_CARDS","is_daily":false,"chose_seed":false,"campfire_upgraded":3,"win_rate":0.0,"timestamp":1610955514,"path_taken":["M","$","?","M","?","E","R","E","T","?","R","M","?","M","R","BOSS","M","?","M","$","?","E","R","$","T","M","M","R","?","M","R","BOSS"],"items_purchased_type":["Card","Relic","Card","Card","Card"],"build_version":"2020-12-22","purchased_purges":2,"victory":false,"max_hp_per_floor":[75,75,75,75,75,75,75,75,75,82,82,82,82,82,82,82,82,82,82,82,82,82,82,82,82,82,82,82,82,87,87,87,87,87],"card_choices":[{"not_picked":["Thunder Strike","Creative AI"],"picked":"Meteor Strike","floor":0.0},{"not_picked":["Cold Snap","Skim"],"picked":"Darkness","floor":1.0},{"not_picked":["Consume","Steam"],"picked":"Skim","floor":4.0},{"not_picked":["Reprogram","Streamline"],"picked":"Sweeping Beam","floor":6.0},{"not_picked":["Buffer","All For One"],"picked":"Darkness","floor":8.0},{"not_picked":["Consume","Force Field"],"picked":"Coolheaded","floor":12.0},{"not_picked":["Leap","Hologram"],"picked":"Cold Snap","floor":13.0},{"not_picked":["Rebound","Compile Driver"],"picked":"Gash","floor":14.0},{"not_picked":["Thunder Strike","Amplify"],"picked":"Core Surge","floor":16.0},{"not_picked":["Hologram","Recycle"],"picked":"Go for the Eyes","floor":18.0},{"not_picked":["Reprogram+1","Sweeping Beam"],"picked":"Compile Driver","floor":20.0},{"not_picked":["Rebound+1","Stack+1","Beam Cell+1"],"picked":"SKIP","floor":23.0},{"not_picked":["Ball Lightning+1","Cold Snap+1","Capacitor"],"picked":"Chill","floor":27},{"not_picked":["Compile Driver+1","White Noise","Aggregate"],"picked":"Buffer","floor":28},{"not_picked":["Lockon+1","Melter+1","Leap"],"picked":"White Noise+1","floor":31}],"player_experience":468937,"relics_obtained":[{"floor":6.0,"key":"Bronze Scales"},{"floor":8.0,"key":"The Courier"},{"floor":9.0,"key":"Eternal Feather"},{"floor":10.0,"key":"Strawberry"},{"floor":13.0,"key":"Odd Mushroom"},{"floor":22.0,"key":"Molten Egg 2"},{"floor":23.0,"key":"Question Card"},{"floor":26.0,"key":"PreservedInsect"}],"event_choices":[{"damage_healed":0.0,"max_hp_gain":0.0,"max_hp_loss":0.0,"gold_gain":0.0,"event_name":"Scrap Ooze","player_choice":"Success","floor":3.0,"gold_loss":0.0,"damage_taken":3.0,"relics_obtained":["Boot"]},{"cards_removed":["Shame"],"damage_healed":0.0,"max_hp_gain":0.0,"max_hp_loss":0.0,"gold_gain":0.0,"event_name":"Living Wall","player_choice":"Forget","floor":5.0,"gold_loss":0.0,"damage_taken":0.0},{"damage_healed":0.0,"max_hp_gain":0.0,"max_hp_loss":0.0,"gold_gain":0.0,"event_name":"Mushrooms","player_choice":"Fought Mushrooms","floor":13.0,"gold_loss":0.0,"damage_taken":0.0},{"damage_healed":0.0,"max_hp_gain":0.0,"max_hp_loss":0.0,"gold_gain":250.0,"event_name":"The Joust","player_choice":"Bet on Owner","floor":19.0,"gold_loss":50.0,"damage_taken":0.0},{"damage_healed":0,"gold_gain":0,"player_choice":"Shed Blood","damage_taken":21,"max_hp_gain":5,"max_hp_loss":0,"event_name":"Forgotten Altar","floor":30,"gold_loss":0}],"is_beta":false,"boss_relics":[{"not_picked":["Calling Bell","Cursed Key"],"picked":"Pandora\u0027s Box"}],"items_purged_floors":[21,25],"is_endless":false,"potions_floor_spawned":[4,8,13,16,18,20],"killed_by":"Automaton","ascension_level":10}}