{"host":"78zdngn0u28jm0pp","time":1610946981,"event":{"mods":["BaseMod","Jorbs\u0027s Wanderer Trilogy","Minty Spire (QoL Compilation)","Permanent Neow","Quick Restart","Relic Stats","StSLib","Unceasing Turn Reminder"],"gold_per_floor":[116,116,116,133,146,180,193,193,248,248,248,323,323,357,357,461,461,471,490,490,9,28,61,76,76,76,76,76,96,116,127,127,232,232,246,259,8,8,8,36,36,48,95,113,413,439,439,466,466,466,466,466,64,90,90,90],"floor_reached":55,"language":"ENG","playtime":2799,"items_purged":["Strike_B","Strike_B","Strike_B"],"score":1465,"play_id":"d57eaa07-2f50-4f63-9751-3426a29d7714","local_time":"20210117221621","is_ascension_mode":true,"campfire_choices":[{"data":"Defragment","floor":11,"key":"SMITH"},{"data":"Capacitor","floor":13,"key":"SMITH"},{"data":"Zap","floor":15,"key":"SMITH"},{"data":"White Noise","floor":25,"key":"SMITH"},{"data":"Self Repair","floor":32,"key":"SMITH"},{"data":"Heatsinks","floor":41,"key":"SMITH"},{"floor":49,"key":"RECALL"},{"data":"Hologram","floor":52,"key":"SMITH"}],"circlet_count":0,"master_deck":["AscendersBane","Defend_B","Defend_B","Defend_B","Defend_B","Zap+1","Dualcast","Hologram+1","Defragment+1","Cold Snap","Capacitor+1","Glacier","Zap","Glacier","BootSequence","Electrodynamics","FTL+1","Conserve Battery","White Noise+1","Defragment+1","Heatsinks+1","Capacitor","Self Repair+1","Tempest+1","Undo","Core Surge","CurseOfTheBell","Force Field","Undo+1","Force Field+1","Coolheaded+1","Reinforced Body","Buffer","Stack","Static Discharge","Ball Lightning","Coolheaded"],"relics":["Cracked Core","DataDisk","Matryoshka","Potion Belt","The Courier","Juzu Bracelet","Smiling Mask","Coffee Dripper","Cables","DollysMirror","Symbiotic Virus","Mercury Hourglass","HornCleat","Calling Bell","Calipers","Kunai","Orichalcum","Runic Capacitor","Pen Nib","Boot","PreservedInsect","Question Card","Vajra","Bronze Scales","Happy Flower"],"acts_visited":["Exordium","TheCity","TheBeyond","TheEnding"],"potions_floor_usage":[14,19,23,30,33,33,35,36,36,40,40,40,40,40,40,42,42,42,44,55,55,55,55],"damage_taken":[{"damage":1,"enemies":"Cultist","floor":1,"turns":4},{"damage":6,"enemies":"Jaw Worm","floor":4,"turns":4},{"damage":0,"enemies":"2 Louse","floor":5,"turns":2},{"damage":33,"enemies":"Lagavulin","floor":6,"turns":6},{"damage":8,"enemies":"Looter","floor":7,"turns":4},{"damage":0,"enemies":"3 Sentries","floor":14,"turns":9},{"damage":11,"enemies":"The Guardian","floor":16,"turns":12},{"damage":2,"enemies":"Chosen","floor":18,"turns":5},{"damage":4,"enemies":"3 Byrds","floor":19,"turns":3},{"damage":13,"enemies":"Centurion and Healer","floor":22,"turns":4},{"damage":16,"enemies":"Slavers","floor":23,"turns":3},{"damage":17,"enemies":"Snake Plant","floor":24,"turns":4},{"damage":0,"enemies":"Snecko","floor":29,"turns":4},{"damage":1,"enemies":"Shelled Parasite and Fungi","floor":30,"turns":5},{"damage":7,"enemies":"Cultist and Chosen","floor":31,"turns":4},{"damage":0,"enemies":"Collector","floor":33,"turns":7},{"damage":2,"enemies":"Orb Walker","floor":35,"turns":4},{"damage":8,"enemies":"3 Darklings","floor":36,"turns":3},{"damage":19,"enemies":"Reptomancer","floor":40,"turns":4},{"damage":21,"enemies":"Writhing Mass","floor":42,"turns":5},{"damage":9,"enemies":"Jaw Worm Horde","floor":44,"turns":3},{"damage":0,"enemies":"Giant Head","floor":46,"turns":10},{"damage":0,"enemies":"Nemesis","floor":48,"turns":4},{"damage":0,"enemies":"Time Eater","floor":50,"turns":12},{"damage":60,"enemies":"Shield and Spear","floor":54,"turns":5},{"damage":42,"enemies":"The Heart","floor":55,"turns":2}],"seed_played":"6427254415198795097","potions_obtained":[{"floor":4,"key":"Swift Potion"},{"floor":7,"key":"Regen Potion"},{"floor":18,"key":"DistilledChaos"},{"floor":23,"key":"DuplicationPotion"},{"floor":24,"key":"Explosive Potion"},{"floor":30,"key":"Explosive Potion"},{"floor":33,"key":"BlessingOfTheForge"},{"floor":35,"key":"EntropicBrew"},{"floor":36,"key":"SteroidPotion"},{"floor":42,"key":"Dexterity Potion"},{"floor":48,"key":"SteroidPotion"},{"floor":54,"key":"DistilledChaos"}],"is_trial":false,"path_per_floor":["M","?","?","M","M","E","M","?","T","?","R","?","R","E","R","B",null,"M","M","?","$","M","E","M","R","T","?","?","M","M","M","R","B",null,"M","M","$","T","$","E","R","M","T","M","?","E","?","E","R","B",null,"R","$","E","B"],"character_chosen":"DEFECT","items_purchased":["White Noise","Cables","DollysMirror","Heatsinks","Runic Capacitor","EntropicBrew","Stack","Static Discharge","Ball Lightning","Vajra","Bronze Scales"],"campfire_rested":0,"item_purchase_floors":[21,21,21,21,37,37,53,53,53,53,53],"current_hp_per_floor":[67,60,53,47,47,14,6,31,31,31,31,20,20,35,35,24,62,60,56,75,75,62,46,29,29,29,29,22,22,28,28,28,38,66,74,75,75,75,75,66,66,55,55,56,56,75,75,75,75,75,75,75,75,25,0,0],"gold":90,"neow_bonus":"RANDOM_COMMON_RELIC","is_daily":false,"chose_seed":false,"campfire_upgraded":7,"win_rate":0.0,"timestamp":1610946981,"path_taken":["M","?","?","M","M","E","M","?","T","?","R","?","R","E","R","BOSS","M","M","?","$","M","E","M","R","T","?","?","M","M","M","R","BOSS","M","M","$","?","?","E","R","M","T","M","?","E","?","E","R","BOSS","R","$","E","BOSS"],"items_purchased_type":["Card","Relic","Relic","Card","Relic","Potion","Card","Card","Card","Relic","Relic"],"build_version":"2020-12-22","purchased_purges":3,"victory":false,"max_hp_per_floor":[75,75,75,75,75,75,75,75,75,75,75,75,75,75,75,75,75,75,75,75,75,75,75,75,75,75,75,75,75,75,75,75,75,75,75,75,75,75,75,75,75,75,75,75,75,75,75,75,75,75,75,75,75,75,75,75],"relic_stats":{"Happy Flower":[0],"counters":[26,132],"Pen Nib":[2],"PreservedInsect":127,"Juzu Bracelet":2,"Orichalcum":[12],"Smiling Mask":90,"Boot":[10],"Question Card":1,"Cables":[75,59,7,9,0],"Mercury Hourglass":[225],"Bronze Scales":[18],"Kunai":[2],"obtain_stats":[{"Calipers":34,"Vajra":53,"Juzu Bracelet":9,"Runic Capacitor":37,"Smiling Mask":14,"Boot":43,"Matryoshka":2,"HornCleat":26,"DollysMirror":21,"Kunai":34,"Cracked Core":0,"Potion Belt":6,"Happy Flower":54,"The Courier":9,"Pen Nib":40,"PreservedInsect":46,"Orichalcum":34,"Question Card":48,"Cables":21,"Mercury Hourglass":26,"Calling Bell":34,"DataDisk":0,"Bronze Scales":53,"Coffee Dripper":17,"Symbiotic Virus":23},{"Calipers":16,"Vajra":24,"Juzu Bracelet":5,"Runic Capacitor":18,"Smiling Mask":6,"Boot":20,"Matryoshka":1,"HornCleat":12,"DollysMirror":9,"Kunai":16,"Cracked Core":0,"Potion Belt":4,"Happy Flower":25,"The Courier":5,"Pen Nib":19,"PreservedInsect":22,"Orichalcum":16,"Question Card":23,"Cables":9,"Mercury Hourglass":12,"Calling Bell":16,"DataDisk":0,"Bronze Scales":24,"Coffee Dripper":7,"Symbiotic Virus":11},{"Calipers":80,"Vajra":125,"Juzu Bracelet":20,"Runic Capacitor":87,"Smiling Mask":29,"Boot":96,"Matryoshka":4,"HornCleat":60,"DollysMirror":49,"Kunai":80,"Cracked Core":0,"Potion Belt":16,"Happy Flower":130,"The Courier":20,"Pen Nib":91,"PreservedInsect":109,"Orichalcum":80,"Question Card":113,"Cables":49,"Mercury Hourglass":60,"Calling Bell":80,"DataDisk":0,"Bronze Scales":125,"Coffee Dripper":41,"Symbiotic Virus":56}]},"card_choices":[{"not_picked":["Beam Cell","Barrage"],"picked":"Hologram","floor":1},{"not_picked":["Streamline","Steam"],"picked":"Defragment","floor":4},{"not_picked":["Sweeping Beam","Turbo"],"picked":"Cold Snap","floor":5},{"not_picked":["Fusion","Leap"],"picked":"Capacitor","floor":6},{"not_picked":["Sweeping Beam","Rebound"],"picked":"Glacier","floor":7},{"not_picked":["Tempest","Streamline"],"picked":"BootSequence","floor":14},{"not_picked":["Amplify","Meteor Strike"],"picked":"Electrodynamics","floor":16},{"not_picked":["Steam","Melter"],"picked":"FTL+1","floor":18},{"not_picked":["Compile Driver","Coolheaded"],"picked":"Conserve Battery","floor":19},{"not_picked":["Conserve Battery","Stack"],"picked":"Ball Lightning","floor":22},{"not_picked":["Rebound+1","Darkness"],"picked":"Capacitor","floor":23},{"not_picked":["Sweeping Beam","Beam Cell","Redo"],"picked":"SKIP","floor":24},{"not_picked":["Go for the Eyes","BootSequence"],"picked":"Self Repair","floor":29},{"not_picked":["Aggregate","Static Discharge+1"],"picked":"Tempest+1","floor":30},{"not_picked":["Streamline","Sweeping Beam"],"picked":"Undo","floor":31},{"not_picked":["Hyperbeam","Multi-Cast"],"picked":"Core Surge","floor":33},{"not_picked":["Turbo","Sweeping Beam"],"picked":"Force Field","floor":35},{"not_picked":["Skim","Darkness"],"picked":"Undo+1","floor":36},{"not_picked":["Beam Cell+1","BootSequence"],"picked":"Force Field+1","floor":40},{"not_picked":["Streamline","Sweeping Beam"],"picked":"Coolheaded+1","floor":42},{"not_picked":["Turbo+1","Coolheaded+1"],"picked":"Reinforced Body","floor":44},{"not_picked":["Coolheaded","Rip and Tear+1"],"picked":"Buffer","floor":46},{"not_picked":["Darkness","BootSequence","Storm"],"picked":"SKIP","floor":48},{"not_picked":["Redo+1","Rip and Tear+1","Sweeping Beam+1"],"picked":"Coolheaded","floor":54}],"player_experience":767964,"relics_obtained":[{"floor":6,"key":"Potion Belt"},{"floor":9,"key":"The Courier"},{"floor":9,"key":"Juzu Bracelet"},{"floor":14,"key":"Smiling Mask"},{"floor":23,"key":"Symbiotic Virus"},{"floor":26,"key":"Mercury Hourglass"},{"floor":26,"key":"HornCleat"},{"floor":34,"key":"Calipers"},{"floor":34,"key":"Kunai"},{"floor":34,"key":"Orichalcum"},{"floor":40,"key":"Pen Nib"},{"floor":43,"key":"Boot"},{"floor":46,"key":"PreservedInsect"},{"floor":48,"key":"Question Card"},{"floor":54,"key":"Happy Flower"}],"event_choices":[{"damage_healed":0,"gold_gain":0,"player_choice":"Success","damage_taken":7,"relics_obtained":["Matryoshka"],"max_hp_gain":0,"max_hp_loss":0,"event_name":"Scrap Ooze","floor":2,"gold_loss":0},{"cards_removed":["Strike_B"],"damage_healed":0,"gold_gain":0,"player_choice":"Card Removal","damage_taken":7,"max_hp_gain":0,"max_hp_loss":0,"event_name":"Golden Wing","floor":3,"gold_loss":0},{"damage_healed":25,"gold_gain":0,"player_choice":"Banana","damage_taken":0,"max_hp_gain":0,"max_hp_loss":0,"event_name":"Big Fish","floor":8,"gold_loss":0},{"damage_healed":0,"gold_gain":0,"player_choice":"2 cards matched","damage_taken":0,"max_hp_gain":0,"max_hp_loss":0,"event_name":"Match and Keep!","floor":10,"gold_loss":0,"cards_obtained":["Zap","Glacier"]},{"damage_healed":0,"gold_gain":75,"player_choice":"Gather Gold","damage_taken":11,"max_hp_gain":0,"max_hp_loss":0,"event_name":"World of Goop","floor":12,"gold_loss":0},{"damage_healed":25,"gold_gain":0,"player_choice":"Heal","damage_taken":0,"max_hp_gain":0,"max_hp_loss":0,"event_name":"The Library","floor":20,"gold_loss":0},{"damage_healed":0,"gold_gain":0,"player_choice":"Ignored","damage_taken":0,"max_hp_gain":0,"max_hp_loss":0,"event_name":"Ghosts","floor":27,"gold_loss":0},{"damage_healed":0,"gold_gain":0,"player_choice":"Damaged","damage_taken":7,"max_hp_gain":0,"max_hp_loss":0,"event_name":"Wheel of Change","floor":28,"gold_loss":0},{"damage_healed":0,"gold_gain":300,"player_choice":"Gold","damage_taken":0,"max_hp_gain":0,"max_hp_loss":0,"event_name":"Wheel of Change","floor":45,"gold_loss":0},{"cards_removed":["Ball Lightning"],"damage_healed":0,"gold_gain":0,"player_choice":"Removed Attack","damage_taken":0,"max_hp_gain":0,"max_hp_loss":0,"event_name":"Falling","floor":47,"gold_loss":0}],"is_beta":false,"boss_relics":[{"not_picked":["Runic Pyramid","Cursed Key"],"picked":"Coffee Dripper"},{"not_picked":["Runic Dome","Velvet Choker"],"picked":"Calling Bell"}],"items_purged_floors":[21,37,53],"is_endless":false,"potions_floor_spawned":[4,7,18,23,24,30,33,35,36,42,48,54],"killed_by":"The Heart","ascension_level":10}}