{"host":"hfxp6ue4pvwo3fit","time":1610936246,"event":{"mods":["AchievementEnabler","BaseMod","Colored Map","Colored Powertips","Highlight Path","Minty Spire (QoL Compilation)","Relic Stats","StSLib","SuperFastMode"],"gold_per_floor":[118,129,129,54,54,83,83,97,122,153,168,168,184,194,194,268,268,287,287,129,129,142,156,156,169,195,207,229,257,44,94,94,94,94],"floor_reached":33,"language":"ENG","playtime":1125,"items_purged":["Strike_R"],"score":568,"play_id":"2cf4e2b3-6175-4171-966f-ce40607570ac","local_time":"20210117201726","is_ascension_mode":true,"campfire_choices":[{"data":"Carnage","floor":7,"key":"SMITH"},{"data":"Bash","floor":12,"key":"SMITH"},{"data":"Armaments","floor":15,"key":"SMITH"},{"floor":24,"key":"REST"},{"floor":27,"key":"REST"},{"floor":32,"key":"REST"}],"circlet_count":0,"master_deck":["AscendersBane","Strike_R","Strike_R","Strike_R","Defend_R","Defend_R","Defend_R","Defend_R","Bash+1","Pummel","Shrug It Off","Carnage+1","Metallicize","Thunderclap+1","Armaments+1","Pommel Strike+1","Cleave+1","Immolate+1","Dark Embrace+1","Shockwave","Shrug It Off+1","Sever Soul+1","Burning Pact","Inflame+1","Power Through","Feel No Pain","True Grit"],"relics":["Burning Blood","NeowsBlessing","Pen Nib","Pantograph","Nunchaku","Molten Egg 2","Black Star","Medical Kit","Prayer Wheel","MawBank"],"acts_visited":["Exordium","TheCity"],"potions_floor_usage":[16,16,29,33],"damage_taken":[{"damage":0,"enemies":"Small Slimes","floor":1,"turns":1},{"damage":0,"enemies":"2 Louse","floor":2,"turns":1},{"damage":0,"enemies":"Lagavulin","floor":6,"turns":1},{"damage":0,"enemies":"Jaw Worm","floor":8,"turns":2},{"damage":11,"enemies":"3 Sentries","floor":10,"turns":8},{"damage":10,"enemies":"Blue Slaver","floor":11,"turns":4},{"damage":7,"enemies":"Exordium Wildlife","floor":13,"turns":3},{"damage":5,"enemies":"Gremlin Gang","floor":14,"turns":5},{"damage":71,"enemies":"Hexaghost","floor":16,"turns":10},{"damage":22,"enemies":"Spheric Guardian","floor":18,"turns":6},{"damage":0,"enemies":"Chosen","floor":22,"turns":3},{"damage":20,"enemies":"Centurion and Healer","floor":23,"turns":5},{"damage":46,"enemies":"Snecko","floor":25,"turns":9},{"damage":24,"enemies":"Snake Plant","floor":28,"turns":4},{"damage":17,"enemies":"Chosen and Byrds","floor":29,"turns":7},{"damage":94,"enemies":"Champ","floor":33,"turns":19}],"seed_played":"2645526682433922299","potions_obtained":[{"floor":2,"key":"ColorlessPotion"},{"floor":6,"key":"Swift Potion"},{"floor":16,"key":"SpeedPotion"},{"floor":18,"key":"FairyPotion"},{"floor":23,"key":"GamblersBrew"}],"is_trial":false,"path_per_floor":["M","M","?","?","$","E","R","M","T","E","M","R","M","M","R","B",null,"M","?","$","?","M","M","R","M","T","R","M","M","$","?","R","B"],"character_chosen":"IRONCLAD","items_purchased":["Medical Kit","Feel No Pain","True Grit","AttackPotion"],"campfire_rested":3,"item_purchase_floors":[20,30,30,30],"current_hp_per_floor":[74,75,64,64,64,70,70,75,75,70,66,66,65,66,66,10,59,43,43,43,43,49,35,57,17,17,39,21,10,10,10,32,0,0],"gold":94,"neow_bonus":"THREE_ENEMY_KILL","is_daily":false,"chose_seed":false,"campfire_upgraded":3,"win_rate":0.0,"timestamp":1610936246,"path_taken":["M","M","?","?","?","E","R","M","T","E","M","R","M","M","R","BOSS","M","?","$","?","M","M","R","M","T","R","M","?","$","?","R","BOSS"],"items_purchased_type":["Relic","Card","Card","Potion"],"build_version":"2020-12-22","purchased_purges":1,"victory":false,"max_hp_per_floor":[75,75,75,75,75,75,75,75,75,75,75,75,75,75,75,75,75,75,75,75,75,75,75,75,75,75,75,75,75,75,75,75,75,75],"relic_stats":{"Nunchaku":[11],"counters":[16,88],"Pantograph":34,"Prayer Wheel":5,"Pen Nib":[11],"Black Star":0,"Medical Kit":[6],"MawBank":48,"obtain_stats":[{"Nunchaku":9,"NeowsBlessing":0,"Pantograph":6,"Molten Egg 2":10,"Prayer Wheel":21,"Pen Nib":3,"Black Star":17,"Medical Kit":20,"MawBank":26,"Burning Blood":0},{"Nunchaku":4,"NeowsBlessing":0,"Pantograph":3,"Molten Egg 2":5,"Prayer Wheel":10,"Pen Nib":2,"Black Star":9,"Medical Kit":10,"MawBank":13,"Burning Blood":0},{"Nunchaku":5,"NeowsBlessing":0,"Pantograph":3,"Molten Egg 2":13,"Prayer Wheel":41,"Pen Nib":2,"Black Star":35,"Medical Kit":41,"MawBank":58,"Burning Blood":0}],"Burning Blood":84},"card_choices":[{"not_picked":["Body Slam","Ghostly Armor"],"picked":"Pummel","floor":1},{"not_picked":["Warcry","Havoc"],"picked":"Shrug It Off","floor":2},{"not_picked":["Warcry","Perfected Strike"],"picked":"Carnage","floor":6},{"not_picked":["Perfected Strike","Wild Strike"],"picked":"Metallicize","floor":8},{"not_picked":["Feel No Pain","Twin Strike+1"],"picked":"Thunderclap+1","floor":10},{"not_picked":["Flex","Heavy Blade+1"],"picked":"Armaments","floor":11},{"not_picked":["Evolve","Rupture"],"picked":"Pommel Strike+1","floor":13},{"not_picked":["Immolate+1","Wild Strike+1"],"picked":"Cleave+1","floor":14},{"not_picked":["Exhume","Juggernaut"],"picked":"Immolate+1","floor":16},{"not_picked":["Shrug It Off","Clothesline+1"],"picked":"Dark Embrace+1","floor":18},{"not_picked":["Armaments","Inflame"],"picked":"Shockwave","floor":22},{"not_picked":["Whirlwind+1","Ghostly Armor+1"],"picked":"Shrug It Off+1","floor":22},{"not_picked":["Armaments","Rampage+1"],"picked":"Sever Soul+1","floor":23},{"not_picked":["Twin Strike+1","Armaments","Headbutt+1"],"picked":"SKIP","floor":23},{"not_picked":["Entrench","Metallicize","Clash+1"],"picked":"SKIP","floor":25},{"not_picked":["Cleave+1","Wild Strike+1","Iron Wave+1"],"picked":"SKIP","floor":25},{"not_picked":["Sword Boomerang+1","Armaments"],"picked":"Burning Pact","floor":28},{"not_picked":["Whirlwind+1","Reckless Charge+1","Armaments"],"picked":"SKIP","floor":28},{"not_picked":["Shrug It Off","Cleave+1"],"picked":"Inflame+1","floor":29},{"not_picked":["Heavy Blade+1","Cleave+1"],"picked":"Power Through","floor":29}],"player_experience":500646,"relics_obtained":[{"floor":6,"key":"Pantograph"},{"floor":9,"key":"Nunchaku"},{"floor":10,"key":"Molten Egg 2"},{"floor":26,"key":"MawBank"}],"event_choices":[{"damage_healed":0,"gold_gain":0,"player_choice":"Success","damage_taken":11,"relics_obtained":["Pen Nib"],"max_hp_gain":0,"max_hp_loss":0,"event_name":"Scrap Ooze","floor":3,"gold_loss":0},{"cards_removed":["Strike_R"],"damage_healed":0,"gold_gain":0,"player_choice":"Card Removal","damage_taken":0,"max_hp_gain":0,"max_hp_loss":0,"event_name":"The Cleric","floor":4,"gold_loss":75},{"damage_healed":0,"gold_gain":0,"player_choice":"Ignored","damage_taken":0,"max_hp_gain":0,"max_hp_loss":0,"event_name":"The Mausoleum","floor":19,"gold_loss":0},{"damage_healed":0,"gold_gain":0,"player_choice":"Gave Potion","damage_taken":0,"relics_obtained":["Prayer Wheel"],"max_hp_gain":0,"max_hp_loss":0,"event_name":"WeMeetAgain","floor":21,"gold_loss":0},{"damage_healed":0,"gold_gain":50,"player_choice":"Pray","damage_taken":0,"max_hp_gain":0,"max_hp_loss":0,"event_name":"Golden Shrine","floor":31,"gold_loss":0}],"is_beta":false,"boss_relics":[{"not_picked":["SlaversCollar","Black Blood"],"picked":"Black Star"}],"items_purged_floors":[30],"is_endless":false,"potions_floor_spawned":[2,6,16,18,23],"killed_by":"Champ","ascension_level":20}}