{"host":"a8rzj4nfw2w5de5r","time":1610985804,"event":{"mods":["BaseMod","Bestiary","Block Reminder","Colored Map","Downfall","Highlight Path","Minty Spire (QoL Compilation)","Relic Sorter","Relic Stats","StSLib"],"gold_per_floor":[99,99,249,349,404,404,404,203,203,222,250,150,162,172,190,190,190,190],"floor_reached":16,"language":"ENG","playtime":1086,"items_purged":[],"score":98,"play_id":"d489aded-d116-4465-b492-af6565aebc1e","local_time":"20210118213324","is_ascension_mode":false,"campfire_choices":[{"data":"champ:Taunt","floor":1,"key":"SMITH"},{"data":"champ:FancyFootwork","floor":6,"key":"SMITH"},{"data":"champ:TornadoPunch","floor":9,"key":"SMITH"},{"floor":12,"key":"REST"}],"circlet_count":0,"master_deck":["champ:Strike","champ:Strike","champ:Strike","champ:Strike","champ:Defend","champ:Defend","champ:Defend","champ:Defend","champ:Execute","champ:Taunt+1","champ:FancyFootwork+1","downfall:Icky","champ:DefensiveStyle","champ:TornadoPunch+1","champ:Haymaker","champ:PreciseThrust","champ:FlashCut","champ:Circumvent"],"relics":["champ:ChampionCrown","downfall:HeartsMalice","Mango","Gambling Chip","Bag of Preparation","Bag of Marbles","downfall:HeartBlessingGreen"],"acts_visited":["Exordium"],"potions_floor_usage":[],"damage_taken":[{"damage":0,"enemies":"Cultist","floor":2,"turns":1},{"damage":0,"enemies":"Gremlin Nob","floor":5,"turns":1},{"damage":0,"enemies":"downfall:FleeingMerchant","floor":8,"turns":1},{"damage":11,"enemies":"Jaw Worm","floor":10,"turns":3},{"damage":61,"enemies":"Lagavulin","floor":11,"turns":9},{"damage":5,"enemies":"Small Slimes","floor":13,"turns":2},{"damage":0,"enemies":"Exordium Wildlife","floor":14,"turns":1},{"damage":0,"enemies":"Red Slaver","floor":15,"turns":2},{"damage":105,"enemies":"SI_SHIV_ARCHETYPE","floor":16,"turns":11}],"seed_played":"-3647627655123427417","potions_obtained":[{"floor":11,"key":"Guardian:BlockOnCardUsePotion"},{"floor":13,"key":"champ:OpenerPotion"},{"floor":14,"key":"ColorlessPotion"}],"is_trial":false,"path_per_floor":["R","M","?","?","?","R","T","$","R","M","E","R","M","M","M","B"],"character_chosen":"THE_CHAMP","items_purchased":["champ:Haymaker","Bag of Preparation"],"campfire_rested":1,"item_purchase_floors":[8,8],"current_hp_per_floor":[90,90,90,90,104,104,104,104,104,103,57,88,88,88,88,0,0,0],"gold":190,"neow_bonus":"THREE_ENEMY_KILL","is_daily":false,"chose_seed":false,"campfire_upgraded":3,"win_rate":0.0,"timestamp":1610985804,"path_taken":["R","M","?","?","?","R","T","$","R","M","E","R","M","?","M","BOSS"],"items_purchased_type":["Card","Relic"],"build_version":"2020-12-22","purchased_purges":0,"victory":false,"max_hp_per_floor":[90,90,90,90,104,104,104,104,104,104,104,104,104,104,104,104,104,104],"relic_stats":{"counters":[9,28],"Gambling Chip":[22],"Bag of Preparation":[12],"obtain_stats":[{"Gambling Chip":7,"champ:ChampionCrown":0,"downfall:HeartsMalice":0,"Mango":5,"downfall:HeartBlessingGreen":12,"Bag of Preparation":8,"Bag of Marbles":11},{"Gambling Chip":2,"champ:ChampionCrown":0,"downfall:HeartsMalice":0,"Mango":2,"downfall:HeartBlessingGreen":5,"Bag of Preparation":3,"Bag of Marbles":5},{"Gambling Chip":0,"champ:ChampionCrown":0,"downfall:HeartsMalice":0,"Mango":0,"downfall:HeartBlessingGreen":12,"Bag of Preparation":0,"Bag of Marbles":12}]},"card_choices":[{"not_picked":["champ:TornadoPunch","champ:ShieldSigil"],"picked":"champ:FancyFootwork","floor":2},{"not_picked":["champ:Duel","champ:BladeFlurry"],"picked":"champ:DefensiveStyle","floor":5},{"not_picked":["champ:SwordSigil","champ:DefensiveShout"],"picked":"champ:TornadoPunch","floor":8},{"not_picked":["champ:FaceSlap","champ:Haymaker"],"picked":"champ:PreciseThrust","floor":10},{"not_picked":["champ:FocusedDefense","champ:Shatter","champ:PreemptiveStrike"],"picked":"SKIP","floor":11},{"not_picked":["champ:CrownThrow","champ:Shatter"],"picked":"champ:FlashCut","floor":13},{"not_picked":["champ:SkillfulDodge","champ:Haymaker"],"picked":"champ:Circumvent","floor":14},{"not_picked":["champ:EndlessRage","champ:BerserkersShout","champ:TornadoPunch"],"picked":"SKIP","floor":15}],"player_experience":595973,"relics_obtained":[{"floor":5,"key":"Mango"},{"floor":7,"key":"Gambling Chip"},{"floor":11,"key":"Bag of Marbles"}],"event_choices":[],"is_beta":false,"boss_relics":[],"items_purged_floors":[],"is_endless":false,"potions_floor_spawned":[11,13,14],"killed_by":"SI_SHIV_ARCHETYPE","ascension_level":0}}