{"host":"y3h3n3f7seyagppx","time":1610950790,"event":{"mods":["AlwaysNeverKeys","BaseMod","Better Vampires","Colored Powertips","DeckTracker","Emptier Cage","Minty Spire (QoL Compilation)","Permanent Neow","Quick Restart","Rare Cards Sparkle","Relic Sorter","Relic Stats","StSLib","Transform Curses"],"gold_per_floor":[217,517,667,12,28,59,59,88,88,114,114,125,136,11,11,84,84,96,96,96,21,39,64,64,96,120,145,145,160,177,197,197,270,270,285,18,28,28,44,76,94,120,120,145,145,24,50,64,64,64,64,64,64,64,89,89],"floor_reached":57,"language":"ENG","playtime":4794,"items_purged":["Doubt"],"score":3086,"play_id":"e0f74e9d-9597-4f83-b242-bf9d2bd06531","local_time":"20210118011950","is_ascension_mode":true,"campfire_choices":[{"data":"Carnage","floor":7,"key":"SMITH"},{"data":"1","floor":11,"key":"LIFT"},{"data":"2","floor":15,"key":"LIFT"},{"data":"3","floor":24,"key":"LIFT"},{"floor":32,"key":"REST"},{"floor":49,"key":"REST"},{"floor":53,"key":"REST"}],"circlet_count":0,"master_deck":["AscendersBane","Strike_R+1","Strike_R+1","Strike_R+1","Strike_R+1","Defend_R+1","Defend_R+1","Defend_R+1","Defend_R+1","Bash","Carnage+1","Thunderclap","Flame Barrier","Spot Weakness","Immolate","Reaper","Shrug It Off","Ghostly+1","Ghostly","Ghostly","Evolve","Ghostly Armor","Heavy Blade+1","Havoc+1","Limit Break","Body Slam+1","Impervious","Whirlwind+1","Dropkick+1","Body Slam+1","Impervious","Shrug It Off","Ghostly Armor","Feel No Pain","Corruption","Sword Boomerang+1","Power Through","Pummel+1"],"relics":["Burning Blood","Old Coin","TungstenRod","Dead Branch","Centennial Puzzle","Thread and Needle","The Courier","Girya","Fusion Hammer","Bag of Marbles","Turnip","Orichalcum","Molten Egg 2","Sozu","Incense Burner","Omamori","Akabeko","Darkstone Periapt","Calipers","Blood Vial","Pocketwatch"],"acts_visited":["Exordium","TheCity","TheBeyond","TheEnding"],"potions_floor_usage":[8,10],"damage_taken":[{"damage":1.0,"enemies":"Cultist","floor":1.0,"turns":3.0},{"damage":0.0,"enemies":"2 Louse","floor":5.0,"turns":2.0},{"damage":13,"enemies":"Gremlin Nob","floor":6,"turns":3},{"damage":42,"enemies":"Lagavulin","floor":8,"turns":8},{"damage":0,"enemies":"Gremlin Nob","floor":10,"turns":1},{"damage":0,"enemies":"Jaw Worm","floor":12,"turns":2},{"damage":13,"enemies":"Exordium Wildlife","floor":13,"turns":4},{"damage":20,"enemies":"The Guardian","floor":16,"turns":11},{"damage":2,"enemies":"3 Byrds","floor":18,"turns":3},{"damage":3,"enemies":"Shell Parasite","floor":22,"turns":4},{"damage":11,"enemies":"Slavers","floor":23,"turns":3},{"damage":0,"enemies":"Gremlin Leader","floor":25,"turns":5},{"damage":8,"enemies":"Slavers","floor":27,"turns":2},{"damage":3,"enemies":"Shelled Parasite and Fungi","floor":29,"turns":3},{"damage":5,"enemies":"Cultist and Chosen","floor":30,"turns":4},{"damage":0,"enemies":"Snake Plant","floor":31,"turns":3},{"damage":42,"enemies":"Automaton","floor":33,"turns":11},{"damage":3,"enemies":"Orb Walker","floor":35,"turns":2},{"damage":0,"enemies":"3 Darklings","floor":37,"turns":4},{"damage":1,"enemies":"4 Shapes","floor":39,"turns":6},{"damage":0,"enemies":"Nemesis","floor":40,"turns":5},{"damage":9,"enemies":"Spire Growth","floor":41,"turns":7},{"damage":0,"enemies":"Reptomancer","floor":42,"turns":5},{"damage":0,"enemies":"Mind Bloom Boss Battle","floor":44,"turns":5},{"damage":0,"enemies":"Giant Head","floor":47,"turns":4},{"damage":0,"enemies":"Maw","floor":48,"turns":3},{"damage":11,"enemies":"Awakened One","floor":50,"turns":6},{"damage":23,"enemies":"Time Eater","floor":51,"turns":7},{"damage":1,"enemies":"Shield and Spear","floor":55,"turns":6},{"damage":1,"enemies":"The Heart","floor":56,"turns":8}],"seed_played":"3868295010876560793","potions_obtained":[{"floor":5.0,"key":"SpeedPotion"},{"floor":8,"key":"AttackPotion"},{"floor":12,"key":"FairyPotion"},{"floor":18,"key":"SpeedPotion"}],"is_trial":false,"path_per_floor":["M","?","?","$","M","E","R","E","T","E","R","M","M","$","R","B",null,"M","?","?","?","M","E","R","E","T","E","?","M","M","M","R","B",null,"M","$","M","$","M","E","M","E","T","?","?","$","E","M","R","B","B",null,"R","$","E","B",null],"character_chosen":"IRONCLAD","items_purchased":["TungstenRod","Dead Branch","Immolate","Incense Burner","Corruption"],"campfire_rested":3,"item_purchase_floors":[4,4,14,36,46],"current_hp_per_floor":[73,55,55,55,61,54,54,18,18,24,24,30,23,23,23,9,59,72,37,37,37,37,32,32,37,37,35,35,37,37,37,37,13,31,37,37,37,37,37,37,37,37,37,37,37,37,37,37,37,37,37,37,37,37,37,37],"gold":89,"neow_bonus":"HUNDRED_GOLD","is_daily":false,"chose_seed":false,"campfire_upgraded":1,"win_rate":0.0,"timestamp":1610950790,"path_taken":["M","?","?","$","M","E","R","E","T","E","R","M","M","?","R","BOSS","M","?","?","?","M","E","R","E","T","E","?","M","M","M","R","BOSS","M","?","M","$","M","E","?","E","T","?","?","?","E","M","R","BOSS","BOSS","R","$","E","BOSS"],"items_purchased_type":["Relic","Relic","Card","Relic","Card"],"build_version":"2020-12-22","purchased_purges":1,"victory":true,"max_hp_per_floor":[75,75,75,75,75,75,75,75,75,75,75,75,75,75,75,75,75,75,37,37,37,37,37,37,37,37,37,37,37,37,37,37,37,37,37,37,37,37,37,37,37,37,37,37,37,37,37,37,37,37,37,37,37,37,37,37],"relic_stats":{"Sozu":4,"Darkstone Periapt":0,"Blood Vial":0,"Centennial Puzzle":[51],"counters":[30,140],"Dead Branch":[259],"Turnip":[11],"Orichalcum":[180],"obtain_stats":[{"Darkstone Periapt":43,"Girya":10,"Calipers":44,"Dead Branch":4,"Thread and Needle":8,"The Courier":9,"Incense Burner":36,"Omamori":40,"Orichalcum":26,"Burning Blood":0,"Akabeko":42,"Old Coin":2,"Sozu":34,"Blood Vial":47,"Centennial Puzzle":6,"Molten Egg 2":27,"Fusion Hammer":17,"Turnip":25,"Bag of Marbles":23,"TungstenRod":4,"Pocketwatch":55},{"Darkstone Periapt":23,"Girya":5,"Calipers":24,"Dead Branch":1,"Thread and Needle":4,"The Courier":4,"Incense Burner":18,"Omamori":21,"Orichalcum":12,"Burning Blood":0,"Akabeko":23,"Old Coin":1,"Sozu":17,"Blood Vial":25,"Centennial Puzzle":3,"Molten Egg 2":13,"Fusion Hammer":8,"Turnip":12,"Bag of Marbles":11,"TungstenRod":1,"Pocketwatch":29},{"Darkstone Periapt":101,"Girya":17,"Calipers":106,"Dead Branch":3,"Thread and Needle":16,"The Courier":16,"Incense Burner":74,"Omamori":89,"Orichalcum":49,"Burning Blood":0,"Akabeko":101,"Old Coin":3,"Sozu":72,"Blood Vial":110,"Centennial Puzzle":8,"Molten Egg 2":51,"Fusion Hammer":34,"Turnip":49,"Bag of Marbles":44,"TungstenRod":3,"Pocketwatch":132}],"Burning Blood":93,"TungstenRod":42,"Pocketwatch":[3]},"card_choices":[{"not_picked":["Sword Boomerang","Combust"],"picked":"Carnage","floor":1.0},{"not_picked":["Burning Pact","Bloodletting"],"picked":"Thunderclap","floor":5.0},{"not_picked":["Hemokinesis","Sword Boomerang"],"picked":"Flame Barrier","floor":6},{"not_picked":["Perfected Strike","Infernal Blade","Body Slam"],"picked":"SKIP","floor":8},{"not_picked":["Hemokinesis","Twin Strike"],"picked":"Spot Weakness","floor":10},{"not_picked":["Flex","Anger","Iron Wave"],"picked":"SKIP","floor":12},{"not_picked":["Iron Wave","Clothesline","Rampage"],"picked":"SKIP","floor":13},{"not_picked":["Offering","Brutality"],"picked":"Reaper","floor":16},{"not_picked":["Carnage","Warcry"],"picked":"Shrug It Off","floor":18},{"not_picked":["Rampage","Iron Wave"],"picked":"Evolve","floor":22},{"not_picked":["Sever Soul","Ghostly Armor","Perfected Strike"],"picked":"SKIP","floor":23},{"not_picked":["Sever Soul","Perfected Strike"],"picked":"Ghostly Armor","floor":23},{"not_picked":["Clothesline","Rage","Iron Wave"],"picked":"SKIP","floor":25},{"not_picked":["Warcry","Iron Wave+1"],"picked":"Heavy Blade+1","floor":27},{"not_picked":["Burning Pact","Twin Strike+1"],"picked":"Havoc+1","floor":29},{"not_picked":["True Grit","Thunderclap+1"],"picked":"Limit Break","floor":30},{"not_picked":["Shrug It Off","Havoc"],"picked":"Body Slam+1","floor":31},{"not_picked":["Juggernaut","Berserk"],"picked":"Impervious","floor":33},{"not_picked":["Headbutt+1","Perfected Strike+1"],"picked":"Whirlwind+1","floor":35},{"not_picked":["Rupture","Anger+1"],"picked":"Dropkick+1","floor":37},{"not_picked":["Armaments","True Grit"],"picked":"Body Slam+1","floor":39},{"not_picked":["Flex","Iron Wave+1"],"picked":"Impervious","floor":40},{"not_picked":["Anger+1","Combust+1"],"picked":"Shrug It Off","floor":41},{"not_picked":["Juggernaut","Anger+1"],"picked":"Ghostly Armor","floor":42},{"not_picked":["Twin Strike+1","Armaments+1"],"picked":"Feel No Pain","floor":44},{"not_picked":["Twin Strike+1","Anger+1"],"picked":"Sword Boomerang+1","floor":47},{"not_picked":["Perfected Strike+1","Spot Weakness+1"],"picked":"Power Through","floor":48},{"not_picked":["Thunderclap+1","Rage"],"picked":"Pummel+1","floor":55}],"player_experience":21243538,"relics_obtained":[{"floor":6,"key":"Centennial Puzzle"},{"floor":8,"key":"Thread and Needle"},{"floor":9,"key":"The Courier"},{"floor":10,"key":"Girya"},{"floor":23,"key":"Bag of Marbles"},{"floor":25,"key":"Turnip"},{"floor":26,"key":"Orichalcum"},{"floor":27,"key":"Molten Egg 2"},{"floor":40,"key":"Omamori"},{"floor":42,"key":"Akabeko"},{"floor":43,"key":"Darkstone Periapt"},{"floor":44,"key":"Calipers"},{"floor":47,"key":"Blood Vial"},{"floor":55,"key":"Pocketwatch"}],"event_choices":[{"damage_healed":0.0,"max_hp_gain":0.0,"max_hp_loss":0.0,"gold_gain":0.0,"event_name":"Scrap Ooze","player_choice":"Success","floor":2.0,"gold_loss":0.0,"damage_taken":18.0,"relics_obtained":["Old Coin"]},{"damage_healed":0.0,"max_hp_gain":0.0,"max_hp_loss":0.0,"gold_gain":150.0,"event_name":"Liars Game","player_choice":"AGREE","floor":3.0,"gold_loss":0.0,"damage_taken":0.0,"cards_obtained":["Doubt"]},{"damage_healed":0,"gold_gain":0,"player_choice":"Became a Ghost","damage_taken":0,"max_hp_gain":0,"max_hp_loss":38,"event_name":"Ghosts","floor":19,"gold_loss":0,"cards_obtained":["Ghostly","Ghostly","Ghostly"]},{"damage_healed":0,"gold_gain":0,"player_choice":"Simplicity","damage_taken":0,"max_hp_gain":0,"max_hp_loss":0,"event_name":"Back to Basics","floor":20,"gold_loss":0,"cards_upgraded":["Strike_R","Strike_R","Strike_R","Strike_R","Strike_R","Defend_R","Defend_R","Defend_R","Defend_R"]},{"cards_removed":["Strike_R"],"damage_healed":0,"gold_gain":0,"player_choice":"Gave Gold","damage_taken":0,"max_hp_gain":0,"max_hp_loss":0,"event_name":"Beggar","floor":21,"gold_loss":75},{"damage_healed":0,"gold_gain":0,"player_choice":"Upgraded","damage_taken":0,"max_hp_gain":0,"max_hp_loss":0,"event_name":"Upgrade Shrine","floor":28,"gold_loss":0,"cards_upgraded":["Ghostly"]},{"damage_healed":0,"gold_gain":0,"player_choice":"Fight","damage_taken":0,"max_hp_gain":0,"max_hp_loss":0,"event_name":"MindBloom","floor":44,"gold_loss":0},{"damage_healed":0,"gold_gain":0,"player_choice":"Ignored","damage_taken":0,"max_hp_gain":0,"max_hp_loss":0,"event_name":"Tomb of Lord Red Mask","floor":45,"gold_loss":0}],"is_beta":false,"boss_relics":[{"not_picked":["Tiny House","Runic Cube"],"picked":"Fusion Hammer"},{"not_picked":["Black Blood","Black Star"],"picked":"Sozu"}],"items_purged_floors":[14],"is_endless":false,"potions_floor_spawned":[5,8,12,18,30,31,39,40,41,47],"ascension_level":20}}