{"host":"2se5dq1do2gp0x9k","time":1610937174,"event":{"mods":["AchievementEnabler","BaseMod","Block Reminder","Colored Map","Colored Powertips","Minty Spire (QoL Compilation)","Relic Stats","StSLib","SuperFastMode"],"gold_per_floor":[112,112,37,51,62,62,81,81,81,99,99,99,118,144,144,144,144],"floor_reached":16,"language":"ENG","playtime":514,"items_purged":[],"score":204,"play_id":"b186f803-20a7-43aa-a6f3-e278741efa21","local_time":"20210117183254","is_ascension_mode":true,"campfire_choices":[{"data":"Redo","floor":6.0,"key":"SMITH"},{"data":"Consume","floor":8.0,"key":"SMITH"},{"floor":11,"key":"REST"},{"data":"Seek","floor":15,"key":"SMITH"}],"circlet_count":0,"master_deck":["AscendersBane","Strike_B","Strike_B","Strike_B","Defend_B","Defend_B","Defend_B","Defend_B","Zap","Dualcast","Ball Lightning","Redo+1","Rebound","Consume+1","Tempest+1","Double Energy","Seek+1"],"relics":["Cursed Key","Frozen Egg 2","Lantern"],"acts_visited":["Exordium"],"potions_floor_usage":[10,14,16],"damage_taken":[{"damage":6.0,"enemies":"Jaw Worm","floor":1.0,"turns":5.0},{"damage":0.0,"enemies":"2 Louse","floor":4.0,"turns":3.0},{"damage":10.0,"enemies":"Small Slimes","floor":5.0,"turns":3.0},{"damage":16.0,"enemies":"2 Fungi Beasts","floor":7.0,"turns":3.0},{"damage":5,"enemies":"Lots of Slimes","floor":10,"turns":4},{"damage":8,"enemies":"Blue Slaver","floor":13,"turns":2},{"damage":15,"enemies":"Lagavulin","floor":14,"turns":4},{"damage":20,"enemies":"Slime Boss","floor":16,"turns":6}],"seed_played":"2520866906960363749","potions_obtained":[{"floor":4.0,"key":"AttackPotion"},{"floor":7.0,"key":"EssenceOfSteel"},{"floor":10,"key":"ColorlessPotion"}],"is_trial":false,"path_per_floor":["M","?","?","M","M","R","M","R","T","M","R","?","M","E","R","B"],"character_chosen":"DEFECT","items_purchased":[],"campfire_rested":1,"item_purchase_floors":[],"current_hp_per_floor":[58,53,53,53,43,43,27,27,27,22,43,43,35,20,20,0,0],"gold":144,"neow_bonus":"BOSS_RELIC","is_daily":false,"chose_seed":false,"campfire_upgraded":3,"win_rate":0.0,"timestamp":1610937174,"path_taken":["M","?","?","M","M","R","M","R","T","M","R","?","M","E","R","BOSS"],"items_purchased_type":[],"build_version":"2020-12-22","purchased_purges":0,"victory":false,"max_hp_per_floor":[71,71,71,71,71,71,71,71,71,71,71,71,71,71,71,71,71],"relic_stats":{"counters":[8,30],"Cursed Key":0,"obtain_stats":[{"Lantern":14,"Frozen Egg 2":2,"Cracked Core":0,"Cursed Key":0},{"Lantern":7,"Frozen Egg 2":1,"Cracked Core":0,"Cursed Key":0},{"Lantern":24,"Frozen Egg 2":5,"Cracked Core":0,"Cursed Key":0}]},"card_choices":[{"not_picked":["Scrape","Sweeping Beam"],"picked":"Ball Lightning","floor":1.0},{"not_picked":["BootSequence","Steam"],"picked":"Redo","floor":4.0},{"not_picked":["BootSequence","Tempest"],"picked":"Rebound","floor":5.0},{"not_picked":["Double Energy","Reprogram"],"picked":"Consume","floor":7.0},{"not_picked":["Scrape","Streamline"],"picked":"Tempest","floor":10},{"not_picked":["Force Field","Reinforced Body"],"picked":"Double Energy","floor":13},{"not_picked":["Genetic Algorithm","Go for the Eyes"],"picked":"Seek","floor":14}],"player_experience":3907976,"relics_obtained":[{"floor":14,"key":"Lantern"}],"event_choices":[{"damage_healed":0.0,"max_hp_gain":0.0,"max_hp_loss":0.0,"gold_gain":0.0,"event_name":"Scrap Ooze","player_choice":"Success","floor":2.0,"gold_loss":0.0,"damage_taken":5.0,"relics_obtained":["Frozen Egg 2"]},{"cards_removed":["Strike_B"],"damage_healed":0.0,"max_hp_gain":0.0,"max_hp_loss":0.0,"gold_gain":0.0,"event_name":"The Cleric","player_choice":"Card Removal","floor":3.0,"gold_loss":75.0,"damage_taken":0.0},{"damage_healed":0,"gold_gain":0,"player_choice":"Grow","damage_taken":0,"max_hp_gain":0,"max_hp_loss":0,"event_name":"Living Wall","floor":12,"gold_loss":0,"cards_upgraded":["Tempest"]}],"is_beta":false,"boss_relics":[],"items_purged_floors":[],"is_endless":false,"potions_floor_spawned":[4,7,10],"killed_by":"Slime Boss","ascension_level":20}}