{"host":"54jr43vd79817238","time":1610953295,"event":{"mods":["100% Spire Juice","ATMod(°¢èªMod)","Act Like it!","Arknights The Spire","Aspiration","BaseMod","CapriCore","Dota2Spire","Friendly Minions","Gensokyo","Hallownest","Hermit","Jedi Mod","KinomotoSakuraMod(Ä¾Ö®±¾Ó£)","Koishi","Lobotomy","LobotomyExtend","Mari Mod (Legacy)","Mari\u0027s V1 Patch","Marisa£¨ìFÓê¡¡Ä§ÀíÉ³£©","Minty Spire (QoL Compilation)","MostiFishMod","Quarter Circle Forward PUNCH!","Replay The Spire","Robot Space Explorer","RumiaBox-Â¶Ã×æ«µÄÉñÃØºÐ×Ó","Spicy Shops","StSLib","TestMod","The Dragon Tamer","The Marked","WarShipGirlsR/Õ½½¢ÉÙÅ®R mod","Yakumo Yukari mod","Youmu£¨»êÆÇÑýÃÎ£©","vexMod","¡¾ÒÅÎï¿¨ÅÆ¡¿REMEMod"],"gold_per_floor":[109,109,129,129,148,178,249,260,283,309,309,309,322,324,324,332,332],"floor_reached":16,"language":"ZHS","playtime":968,"items_purged":[],"score":102,"play_id":"c5dfd037-6175-44a8-adae-34cc6e02519a","local_time":"20210118150135","is_ascension_mode":false,"campfire_choices":[{"floor":11,"key":"RECALL"},{"floor":15,"key":"REST"}],"circlet_count":0,"master_deck":["hermit:Strike_Hermit","hermit:Strike_Hermit","hermit:Strike_Hermit","hermit:Strike_Hermit","hermit:Defend_Hermit","hermit:Defend_Hermit+1","hermit:Defend_Hermit","hermit:Defend_Hermit","hermit:Snapshot","hermit:Covet+1","AT_FamilyPortrait","hermit:GoldenBullet","hermit:Roulette","hermit:FullyLoaded","hermit:Roughhouse","hermit:Combo","hermit:ItchyTrigger","hermit:Glare","hermit:Shortfuse"],"relics":["hermit:Momento","testmod-TestBox","DaveBox","REME_ComplimentaryCards","AT_ATBox","War Paint","The Courier","testmod-IWantAll","Hallownest:SalubrasBlessingRelic","AT_SpeedBoots","testmod-Acrobat","LetterFromLob"],"acts_visited":["Hallownest:Greenpath"],"potions_floor_usage":[6,16],"damage_taken":[{"damage":0,"enemies":"Hallownest:monsterHuskWarrior","floor":1,"turns":1},{"damage":7,"enemies":"Hallownest:2_Tiktiks_and_1_Crawlid","floor":3,"turns":4},{"damage":2,"enemies":"Hallownest:monsterHuskGuard","floor":5,"turns":5},{"damage":15,"enemies":"Hallownest:eliteMossKnight","floor":6,"turns":7},{"damage":5,"enemies":"Hallownest:MossCreep_and_Mosskin","floor":8,"turns":4},{"damage":22,"enemies":"Hallownest:1_Ooma_and_2_Uuma","floor":10,"turns":6},{"damage":0,"enemies":"Hallownest:monsterMossCharger","floor":13,"turns":1},{"damage":0,"enemies":"Hallownest:monsterAspidMother","floor":14,"turns":2},{"damage":64,"enemies":"Hallownest:BossBrokenVessel","floor":16,"turns":13}],"seed_played":"-1300306403936801812","potions_obtained":[{"floor":3,"key":"jedi:StrikingPotion"},{"floor":6,"key":"Strength Potion"}],"is_trial":false,"path_per_floor":["M","$","M","?","M","E","T","M","T","M","R","?","M","M","R","B"],"character_chosen":"HERMIT","items_purchased":[],"campfire_rested":1,"item_purchase_floors":[],"current_hp_per_floor":[75,75,68,68,66,51,51,46,46,24,24,32,32,32,56,0,0],"gold":332,"neow_bonus":"RANDOM_COMMON_RELIC","is_daily":false,"chose_seed":false,"campfire_upgraded":0,"win_rate":0.0,"timestamp":1610953295,"path_taken":["M","$","M","?","M","E","?","M","T","M","R","?","M","?","R","BOSS"],"items_purchased_type":[],"build_version":"2020-12-22","purchased_purges":0,"victory":false,"max_hp_per_floor":[75,75,75,75,75,75,75,75,75,75,75,75,75,75,77,77,77],"card_choices":[{"not_picked":["hermit:Gestalt","hermit:WideOpen"],"picked":"hermit:GoldenBullet","floor":1},{"not_picked":["hermit:Brawl","hermit:Glare"],"picked":"hermit:Roulette","floor":3},{"not_picked":["hermit:Manifest","hermit:TrackingShot"],"picked":"hermit:FullyLoaded","floor":5},{"not_picked":["hermit:PistolWhip","hermit:NoHoldsBarred"],"picked":"hermit:Roughhouse","floor":6},{"not_picked":["hermit:Cheat","hermit:TrackingShot"],"picked":"hermit:Combo","floor":8},{"not_picked":["hermit:WideOpen","hermit:LowProfile"],"picked":"hermit:ItchyTrigger","floor":10},{"not_picked":["hermit:Vantage","hermit:LowProfile"],"picked":"hermit:Glare","floor":13},{"not_picked":["hermit:WideOpen","hermit:Feint"],"picked":"hermit:Shortfuse","floor":14}],"player_experience":241603,"relics_obtained":[{"floor":6,"key":"AT_SpeedBoots"},{"floor":9,"key":"testmod-Acrobat"},{"floor":14,"key":"LetterFromLob"}],"event_choices":[],"is_beta":false,"boss_relics":[],"items_purged_floors":[],"is_endless":false,"potions_floor_spawned":[3,6],"killed_by":"Hallownest:BossBrokenVessel","ascension_level":0}}