{"host":"w3q5ijqu8eoknil3","time":1610968698,"event":{"mods":["AchievementEnabler","BaseMod","Block Reminder","Colored Map","Colored Powertips","Curses Come First","Dark Map","Minty Spire (QoL Compilation)","Quick Restart","Relic Stats","StSLib","ojb\u0027s Better Paths Mod","ojb\u0027s Info Mod","slay the spire mod where everything is the same but ironclad has a cowboy hat"],"gold_per_floor":[117,117,117,127,138,138,163,163,163,163,177,197,197,197,197],"floor_reached":14,"language":"ENG","playtime":263,"items_purged":[],"score":171,"play_id":"5573f8b0-02fa-4e47-acf1-0188a2b785b8","local_time":"20210118111818","is_ascension_mode":true,"campfire_choices":[{"data":"Catalyst","floor":6.0,"key":"SMITH"},{"floor":13,"key":"REST"}],"circlet_count":0,"master_deck":["AscendersBane","Strike_G","Strike_G","Strike_G","Strike_G","Defend_G","Defend_G","Defend_G","Defend_G","Defend_G","Survivor","Neutralize","Skewer","Corpse Explosion","Poisoned Stab","Catalyst+1","Dagger Spray","Deadly Poison","Envenom+1"],"relics":["Ring of the Snake","NeowsBlessing","Kunai","Frozen Egg 2"],"acts_visited":["Exordium"],"potions_floor_usage":[12],"damage_taken":[{"damage":0.0,"enemies":"Small Slimes","floor":1.0,"turns":1.0},{"damage":0.0,"enemies":"2 Louse","floor":4.0,"turns":1.0},{"damage":0.0,"enemies":"Cultist","floor":5.0,"turns":1.0},{"damage":22.0,"enemies":"Lagavulin","floor":7.0,"turns":4.0},{"damage":8,"enemies":"Looter","floor":11,"turns":3},{"damage":0,"enemies":"Large Slime","floor":12,"turns":4},{"damage":36,"enemies":"Gremlin Nob","floor":14,"turns":3}],"seed_played":"6210947263029120144","potions_obtained":[{"floor":1.0,"key":"AttackPotion"}],"is_trial":false,"path_per_floor":["M","?","?","M","M","R","E","?","T","?","M","M","R","E"],"character_chosen":"THE_SILENT","items_purchased":[],"campfire_rested":1,"item_purchase_floors":[],"current_hp_per_floor":[59,52,52,52,52,52,30,30,30,19,11,11,30,0,0],"gold":197,"neow_bonus":"THREE_ENEMY_KILL","is_daily":false,"chose_seed":false,"campfire_upgraded":1,"win_rate":0.0,"timestamp":1610968698,"path_taken":["M","?","?","?","M","R","E","?","T","?","M","M","R","E"],"items_purchased_type":[],"build_version":"2020-12-22","purchased_purges":0,"victory":false,"max_hp_per_floor":[66,66,66,66,66,66,66,66,66,66,66,66,66,66,66],"relic_stats":{"counters":[7,17],"Kunai":[2],"obtain_stats":[{"NeowsBlessing":0,"Kunai":9,"Frozen Egg 2":10,"Ring of the Snake":0},{"NeowsBlessing":0,"Kunai":4,"Frozen Egg 2":4,"Ring of the Snake":0},{"NeowsBlessing":0,"Kunai":7,"Frozen Egg 2":7,"Ring of the Snake":0}],"Ring of the Snake":[14]},"card_choices":[{"not_picked":["Outmaneuver","Slice"],"picked":"Skewer","floor":1.0},{"not_picked":["Dagger Spray","Flechettes"],"picked":"Poisoned Stab","floor":4.0},{"not_picked":["Terror","Heel Hook"],"picked":"Catalyst","floor":5.0},{"not_picked":["Quick Slash","Outmaneuver"],"picked":"Dagger Spray","floor":7},{"not_picked":["Underhanded Strike","Quick Slash"],"picked":"Deadly Poison","floor":11},{"not_picked":["Leg Sweep","Bane"],"picked":"Envenom+1","floor":12}],"player_experience":990380,"relics_obtained":[{"floor":9,"key":"Kunai"}],"event_choices":[{"cards_removed":["Strike_G"],"damage_healed":0.0,"max_hp_gain":0.0,"max_hp_loss":0.0,"gold_gain":0.0,"event_name":"Golden Wing","player_choice":"Card Removal","floor":2.0,"gold_loss":0.0,"damage_taken":7.0},{"damage_healed":0.0,"max_hp_gain":0.0,"max_hp_loss":0.0,"gold_gain":0.0,"event_name":"Match and Keep!","player_choice":"1 cards matched","floor":3.0,"gold_loss":0.0,"damage_taken":0.0,"cards_obtained":["Corpse Explosion"]},{"damage_healed":0,"gold_gain":0,"player_choice":"Ignored","damage_taken":0,"max_hp_gain":0,"max_hp_loss":0,"event_name":"Liars Game","floor":8,"gold_loss":0},{"damage_healed":0,"gold_gain":0,"player_choice":"Success","damage_taken":11,"relics_obtained":["Frozen Egg 2"],"max_hp_gain":0,"max_hp_loss":0,"event_name":"Scrap Ooze","floor":10,"gold_loss":0}],"is_beta":false,"boss_relics":[],"items_purged_floors":[],"is_endless":false,"potions_floor_spawned":[1],"killed_by":"Gremlin Nob","ascension_level":18}}