{"host":"x5q8uzeox1qwonhv","time":1610945785,"event":{"mods":["ATMod(阿瑾Mod)","Act Like it!","BaseMod","Better Skull","Better Third Choice","Decade(王小明)","Hallownest","Luminous","Minty Spire (QoL Compilation)","Quick Restart","Spicy Shops","StSLib","The Alterego","The IronCluck","The Marked","【遗物卡牌】REMEMod"],"gold_per_floor":[116,126,51,63,63,63,63],"floor_reached":6,"language":"ZHS","playtime":741,"items_purged":["theMarked:Strike"],"score":61,"play_id":"62171720-377b-43fe-b267-b7e896342171","local_time":"20210118125625","is_ascension_mode":false,"campfire_choices":[],"circlet_count":0,"master_deck":["theMarked:Strike","theMarked:Strike","theMarked:Strike","theMarked:Strike","theMarked:SoldierOfQuellstein","Adrenaline","AT_FamilyPortrait","theMarked:Improvise","theMarked:EnhanceMovement","Hallownest:skillLeafShield","Hallownest:skillLeafShield","Hallownest:skillLeafShield","Hallownest:skillLeafShield","Hallownest:skillLeafShield"],"relics":["theMarked:ArtifactOfAir","AT_ATBox","REME_ComplimentaryCards","AT_BellDemon","AT_EbonyIvory","Dream Catcher","Centennial Puzzle"],"acts_visited":["Hallownest:Greenpath"],"potions_floor_usage":[],"damage_taken":[{"damage":4,"enemies":"Hallownest:monsterHuskGuard","floor":1,"turns":3},{"damage":8,"enemies":"Hallownest:2_Baldur","floor":2,"turns":2},{"damage":4,"enemies":"Hallownest:2_Tiktiks_and_1_Crawlid","floor":4,"turns":3},{"damage":21,"enemies":"Hallownest:eliteMossKnight","floor":6,"turns":8}],"seed_played":"-7191803418045905748","potions_obtained":[{"floor":2,"key":"SmokeBomb"},{"floor":4,"key":"FairyPotion"}],"is_trial":false,"path_per_floor":["M","M","$","M","?","E"],"character_chosen":"THE_DEFAULT","items_purchased":[],"campfire_rested":0,"item_purchase_floors":[],"current_hp_per_floor":[69,61,61,57,57,36,36],"gold":63,"neow_bonus":"RANDOM_COMMON_RELIC","is_daily":false,"chose_seed":false,"campfire_upgraded":0,"win_rate":0.0,"timestamp":1610945785,"path_taken":["M","M","$","M","?","E"],"items_purchased_type":[],"build_version":"2020-12-22","purchased_purges":1,"victory":false,"max_hp_per_floor":[73,73,73,73,73,73,73],"card_choices":[{"not_picked":["theMarked:TakeCover","theMarked:HeightenedSenses"],"picked":"theMarked:Improvise","floor":1},{"not_picked":["theMarked:Reabsorb","theMarked:BanishingStrike"],"picked":"theMarked:EnhanceMovement","floor":2},{"not_picked":["theMarked:GodGivenPower","theMarked:WastefulAttack","theMarked:TakeCover"],"picked":"SKIP","floor":4}],"player_experience":238451,"relics_obtained":[{"floor":1,"key":"AT_EbonyIvory"},{"floor":2,"key":"Dream Catcher"},{"floor":4,"key":"Centennial Puzzle"}],"event_choices":[],"is_beta":false,"boss_relics":[],"items_purged_floors":[3],"is_endless":false,"potions_floor_spawned":[2,4],"killed_by":"Hallownest:eliteMossKnight","ascension_level":0}}