{"host":"9cyo9hnjhojz9htx","time":1610978534,"event":{"mods":["BaseMod","Colored Powertips","Downfall","Hermit","Lobotomy","LobotomyExtend","Minty Spire (QoL Compilation)","Spicy Shops","StSLib","The Bug Knight","The Cursed"],"gold_per_floor":[99,112,112,112,130,130,130,122,22,22,22,22,22],"floor_reached":11,"language":"ZHS","playtime":659,"items_purged":[],"score":59,"play_id":"052d72c1-755c-4617-ba20-cc0e4f8fd91f","local_time":"20210118220214","daily_mods":["Heirloom","Time Dilation","Flight","downfall:Jewelcrafting","Elite Swarm"],"is_ascension_mode":false,"campfire_choices":[{"floor":1,"key":"RECALL"}],"circlet_count":0,"master_deck":["hexamod:Strike","hexamod:Strike","hexamod:Strike","hexamod:Strike","hexamod:Defend","hexamod:Defend","hexamod:Defend","hexamod:Defend","hexamod:Sear","hexamod:Float","Guardian:ExploitGems","Guardian:ExploitGems","hexamod:PhantomFireball","hexamod:StepThrough","hexamod:FirstSeal","hexamod:SecondSeal","hexamod:FourthSeal","Guardian:Gem_Crimson","Guardian:Gem_Synthetic"],"relics":["hexamod:SpiritBrand","Guardian:PickAxe","hexamod:SoulConsumer","LetterFromLob","downfall:BrokenWingStatue","Blood Vial","downfall:HeartBlessingRed","MagicBullet_r"],"acts_visited":["Exordium"],"potions_floor_usage":[],"damage_taken":[{"damage":3,"enemies":"Jaw Worm","floor":2,"turns":4},{"damage":0,"enemies":"2 Louse","floor":5,"turns":3},{"damage":27,"enemies":"HollowMod:MossKnight","floor":11,"turns":5}],"seed_played":"-371105624443669028","potions_obtained":[{"floor":2,"key":"Ancient Potion"}],"is_trial":true,"path_per_floor":["R","M","?","?","M","?","T","?","R","E","E"],"character_chosen":"THE_SPIRIT","items_purchased":[],"campfire_rested":0,"item_purchase_floors":[],"current_hp_per_floor":[70,70,70,70,70,70,70,63,63,20,0,0,0],"gold":22,"neow_bonus":"","is_daily":false,"chose_seed":false,"campfire_upgraded":0,"win_rate":0.0,"timestamp":1610978534,"path_taken":["R","M","?","?","?","?","T","?","R","E","E"],"items_purchased_type":[],"build_version":"2020-12-22","purchased_purges":0,"victory":false,"max_hp_per_floor":[70,70,70,70,70,70,70,70,70,67,67,67,67],"card_choices":[{"not_picked":["hexamod:ExtraCrispy","hexamod:AdvancingGuard"],"picked":"hexamod:PhantomFireball","floor":2},{"not_picked":["hexamod:RecurringNightmare","hexamod:GhostLash"],"picked":"hexamod:StepThrough","floor":5}],"player_experience":131827,"relics_obtained":[{"floor":2,"key":"LetterFromLob"},{"floor":7,"key":"Blood Vial"}],"event_choices":[],"is_beta":false,"boss_relics":[],"items_purged_floors":[],"is_endless":true,"potions_floor_spawned":[2],"killed_by":"HollowMod:MossKnight","ascension_level":0}}