{"host":"c2zlmc1hlq0427cl","time":1610998966,"event":{"mods":["BaseMod","Hermit","Minty Spire (QoL Compilation)","Replay The Spire","StSLib","The Hayseed","The Senshi","The Servant 0.9.4"],"gold_per_floor":[369,380,396,45,45,77,87,112,112,112,139,139,139,149,149,252,252,268,293,293,51,129,129,143,143,143,143,143,168,182,214,214,310,310,326,326,344,363,363,363,389,400,455,486,486,110,129,158,158,158],"floor_reached":51,"language":"ENG","playtime":7346,"items_purged":["TheSimpletonMod:Defend_TheSimpleton"],"score":1171,"play_id":"73a4a891-618b-459b-bb81-1c2114d80236","local_time":"20210118134246","is_ascension_mode":true,"campfire_choices":[{"floor":12,"key":"REST"},{"floor":15,"key":"REST"},{"floor":23,"key":"REST"},{"data":"TheSimpletonMod:Rake","floor":25,"key":"SMITH"},{"data":"TheSimpletonMod:OnionBloom","floor":27,"key":"SMITH"},{"floor":32,"key":"REST"},{"data":"TheSimpletonMod:BirdFeeder","floor":40,"key":"SMITH"},{"data":"TheSimpletonMod:VolatileFumes","floor":45,"key":"SMITH"},{"data":"TheSimpletonMod:Biorefinement","floor":49,"key":"SMITH"}],"circlet_count":0,"master_deck":["TheSimpletonMod:Strike_TheSimpleton","TheSimpletonMod:Defend_TheSimpleton+1","TheSimpletonMod:Defend_TheSimpleton+1","TheSimpletonMod:Haymaker","TheSimpletonMod:ReapAndSow","TheSimpletonMod:Rake+1","TheSimpletonMod:BumperCrop","TheSimpletonMod:OnionBloom+1","TheSimpletonMod:Squash+1","TheSimpletonMod:ResearchGrant+1","TheSimpletonMod:Pruning+1","TheSimpletonMod:Fertilaser","TheSimpletonMod:ResearchGrant+1","TheSimpletonMod:Rototilling+1","TheSimpletonMod:Surplus+1","TheSimpletonMod:Fertilaser+1","TheSimpletonMod:VineRipen+1","TheSimpletonMod:BumperCrop+1","TheSimpletonMod:Artichokes","TheSimpletonMod:Pruning+1","TheSimpletonMod:Biorefinement+1","TheSimpletonMod:BirdFeeder+1","TheSimpletonMod:Pruning+1","TheSimpletonMod:Artichokes","TheSimpletonMod:CloseScrape+1","TheSimpletonMod:VolatileFumes+1","Apotheosis+1","TheSimpletonMod:Sunseed+1"],"relics":["TheSimpletonMod:SpudOfTheInnocent","TheSimpletonMod:NightSoil","TheSimpletonMod:TheHarvester","Pocketwatch","Toxic Egg 2","Durian","Molten Egg 2","Replay:WaspNest","Replay:Drink Me","Replay:Baseball","Quantum Egg","War Paint","HornCleat","Meat on the Bone","Ice Cream","Replay:Bronze Core","Centennial Puzzle","Omamori","Regal Pillow","Nunchaku","Membership Card","Strawberry","Juzu Bracelet"],"acts_visited":["Exordium","TheCity","TheBeyond"],"potions_floor_usage":[7,16,31,33,33,41,50],"damage_taken":[{"damage":1,"enemies":"2 Louse","floor":1,"turns":3},{"damage":0,"enemies":"Cultist","floor":2,"turns":4},{"damage":4,"enemies":"Jaw Worm","floor":3,"turns":5},{"damage":26,"enemies":"3 Sentries","floor":6,"turns":8},{"damage":9,"enemies":"3 Louse","floor":7,"turns":4},{"damage":18,"enemies":"Gremlin Nob","floor":8,"turns":5},{"damage":16,"enemies":"Lagavulin","floor":11,"turns":7},{"damage":0,"enemies":"Red Slaver","floor":14,"turns":4},{"damage":8,"enemies":"Fading Forest","floor":16,"turns":11},{"damage":15,"enemies":"Spheric Guardian","floor":18,"turns":8},{"damage":0,"enemies":"Chosen","floor":24,"turns":7},{"damage":7,"enemies":"Slavers","floor":29,"turns":6},{"damage":0,"enemies":"Shelled Parasite and Fungi","floor":30,"turns":4},{"damage":1,"enemies":"Book of Stabbing","floor":31,"turns":5},{"damage":0,"enemies":"Pondfish","floor":33,"turns":8},{"damage":16,"enemies":"Orb Walker","floor":35,"turns":4},{"damage":0,"enemies":"3 Darklings","floor":37,"turns":6},{"damage":0,"enemies":"Spire Growth","floor":38,"turns":5},{"damage":0,"enemies":"Nemesis","floor":41,"turns":9},{"damage":0,"enemies":"Sphere and 2 Shapes","floor":42,"turns":6},{"damage":0,"enemies":"Giant Head","floor":44,"turns":9},{"damage":0,"enemies":"Writhing Mass","floor":47,"turns":6},{"damage":12,"enemies":"Nemesis","floor":48,"turns":7},{"damage":29,"enemies":"Awakened One","floor":50,"turns":9}],"seed_played":"-5454901900676156601","potions_obtained":[{"floor":2,"key":"Energy Potion"},{"floor":8,"key":"Explosive Potion"},{"floor":16,"key":"SpeedPotion"},{"floor":24,"key":"DistilledChaos"},{"floor":30,"key":"CultistPotion"},{"floor":31,"key":"Block Potion"},{"floor":35,"key":"Block Potion"},{"floor":38,"key":"AttackPotion"},{"floor":42,"key":"BlessingOfTheForge"},{"floor":44,"key":"Adrenaline Potion"}],"is_trial":false,"path_per_floor":["M","M","M","$","?","E","M","E","T","?","E","R","?","M","R","B",null,"M","T","?","$","?","R","M","R","T","R","?","E","M","E","R","B",null,"M","?","M","M","?","R","E","M","T","E","R","$","M","E","R","B",null],"character_chosen":"THE_SIMPLETON","items_purchased":["TheSimpletonMod:Squash","Pocketwatch","Quantum Egg","Membership Card","Apotheosis+1","Strawberry","TheSimpletonMod:Sunseed+1"],"campfire_rested":4,"item_purchase_floors":[4,4,21,46,46,46,46],"current_hp_per_floor":[53,57,53,53,53,31,26,17,17,17,1,25,25,25,49,55,60,45,45,45,45,30,48,52,52,52,52,42,39,39,42,61,65,65,53,53,65,65,65,65,65,65,65,65,65,72,72,60,60,51],"gold":158,"neow_bonus":"TWO_FIFTY_GOLD","is_daily":false,"chose_seed":false,"campfire_upgraded":5,"win_rate":0.0,"timestamp":1610998966,"path_taken":["M","M","M","$","?","E","?","E","T","?","E","R","?","M","R","BOSS","M","?","?","$","?","R","M","R","T","R","?","E","M","E","R","BOSS","M","?","M","M","?","R","E","M","T","E","R","$","M","E","R","BOSS"],"items_purchased_type":["Card","Relic","Relic","Relic","Card","Relic","Card"],"build_version":"2020-12-22","purchased_purges":1,"victory":true,"max_hp_per_floor":[75,75,75,75,75,75,75,80,80,80,80,80,80,80,80,80,60,60,60,60,60,60,60,60,60,60,60,65,65,65,65,65,65,65,65,65,65,65,65,65,65,65,65,65,65,72,72,72,72,72],"card_choices":[{"not_picked":["TheSimpletonMod:SeedCoat","TheSimpletonMod:DoubleBarrel"],"picked":"TheSimpletonMod:Rake","floor":1},{"not_picked":["TheSimpletonMod:Fertilaser","TheSimpletonMod:BirdFeeder"],"picked":"TheSimpletonMod:BumperCrop","floor":2},{"not_picked":["TheSimpletonMod:Aerate","TheSimpletonMod:Rototilling"],"picked":"TheSimpletonMod:OnionBloom","floor":3},{"not_picked":["TheSimpletonMod:StockTheCellar+1","TheSimpletonMod:OnionBloom+1"],"picked":"TheSimpletonMod:ResearchGrant+1","floor":6},{"not_picked":["TheSimpletonMod:Innovate+1","TheSimpletonMod:ControlledBurn+1"],"picked":"TheSimpletonMod:Pruning+1","floor":7},{"not_picked":["TheSimpletonMod:Thresh","TheSimpletonMod:Mulch+1"],"picked":"TheSimpletonMod:Fertilaser","floor":8},{"not_picked":["TheSimpletonMod:OnionBloom+1","TheSimpletonMod:Ferment+1"],"picked":"TheSimpletonMod:ResearchGrant+1","floor":11},{"not_picked":["TheSimpletonMod:Rototilling+1","TheSimpletonMod:OnionBloom+1","TheSimpletonMod:SoilSample+1"],"picked":"SKIP","floor":14},{"not_picked":["TheSimpletonMod:CrackOfDawn","TheSimpletonMod:FlashPasteurize+1"],"picked":"TheSimpletonMod:Surplus+1","floor":16},{"not_picked":["TheSimpletonMod:RootDown+1","TheSimpletonMod:Innovate+1"],"picked":"TheSimpletonMod:Fertilaser+1","floor":18},{"not_picked":["TheSimpletonMod:Swelter+1","TheSimpletonMod:SpiceUp+1"],"picked":"TheSimpletonMod:VineRipen+1","floor":22},{"not_picked":["TheSimpletonMod:SpiceUp+1","TheSimpletonMod:RootDown+1"],"picked":"TheSimpletonMod:BumperCrop+1","floor":22},{"not_picked":["TheSimpletonMod:ControlledBurn+1","TheSimpletonMod:Innovate+1"],"picked":"TheSimpletonMod:Artichokes","floor":24},{"not_picked":["TheSimpletonMod:KeenEdge+1","TheSimpletonMod:ControlledBurn+1","TheSimpletonMod:Swelter+1"],"picked":"SKIP","floor":29},{"not_picked":["TheSimpletonMod:RootDown+1","TheSimpletonMod:Fertilaser+1"],"picked":"TheSimpletonMod:Pruning+1","floor":30},{"not_picked":["TheSimpletonMod:Swelter+1","TheSimpletonMod:OnionBloom+1"],"picked":"TheSimpletonMod:Biorefinement","floor":31},{"not_picked":["TheSimpletonMod:FanTheFlames+1","TheSimpletonMod:CrackOfDawn"],"picked":"TheSimpletonMod:BirdFeeder","floor":33},{"not_picked":["TheSimpletonMod:Squash","TheSimpletonMod:Thresh+1","TheSimpletonMod:Innovate+1"],"picked":"SKIP","floor":35},{"not_picked":["TheSimpletonMod:KeenEdge+1","TheSimpletonMod:Rototilling+1","TheSimpletonMod:DigIn+1"],"picked":"SKIP","floor":37},{"not_picked":["TheSimpletonMod:ToughenUp+1","TheSimpletonMod:CloseScrape+1"],"picked":"TheSimpletonMod:Pruning+1","floor":38},{"not_picked":["TheSimpletonMod:SaladShooter+1","TheSimpletonMod:GoToMarket+1"],"picked":"TheSimpletonMod:Artichokes","floor":41},{"not_picked":["TheSimpletonMod:Swelter+1","TheSimpletonMod:Aerate+1"],"picked":"TheSimpletonMod:CloseScrape+1","floor":42},{"not_picked":["TheSimpletonMod:CullingStrike+1","TheSimpletonMod:Aerate+1"],"picked":"TheSimpletonMod:VolatileFumes","floor":44},{"not_picked":["TheSimpletonMod:CullingStrike+1","TheSimpletonMod:DigIn+1","TheSimpletonMod:SlashAndBurn+1"],"picked":"SKIP","floor":47},{"not_picked":["TheSimpletonMod:BirdFeeder","TheSimpletonMod:SaladShooter+1","TheSimpletonMod:Rototilling+1"],"picked":"SKIP","floor":48}],"player_experience":85834,"relics_obtained":[{"floor":6,"key":"Toxic Egg 2"},{"floor":8,"key":"Durian"},{"floor":9,"key":"Molten Egg 2"},{"floor":11,"key":"Replay:WaspNest"},{"floor":19,"key":"Replay:Baseball"},{"floor":22,"key":"War Paint"},{"floor":26,"key":"HornCleat"},{"floor":29,"key":"Meat on the Bone"},{"floor":31,"key":"Ice Cream"},{"floor":41,"key":"Omamori"},{"floor":43,"key":"Regal Pillow"},{"floor":44,"key":"Nunchaku"},{"floor":48,"key":"Juzu Bracelet"}],"event_choices":[{"damage_healed":0,"gold_gain":0,"player_choice":"Forge","damage_taken":0,"max_hp_gain":0,"max_hp_loss":0,"event_name":"Accursed Blacksmith","floor":5,"gold_loss":0,"cards_upgraded":["TheSimpletonMod:Squash"]},{"damage_healed":0,"gold_gain":0,"player_choice":"Ignored","damage_taken":0,"max_hp_gain":0,"max_hp_loss":0,"event_name":"Golden Idol","floor":10,"gold_loss":0},{"damage_healed":0,"gold_gain":0,"player_choice":"1 cards matched","damage_taken":0,"max_hp_gain":0,"max_hp_loss":0,"event_name":"Match and Keep!","floor":13,"gold_loss":0,"cards_obtained":["TheSimpletonMod:Rototilling"]},{"damage_healed":0,"gold_gain":0,"player_choice":"Shed Blood","damage_taken":15,"max_hp_gain":5,"max_hp_loss":0,"event_name":"Forgotten Altar","floor":28,"gold_loss":0},{"cards_removed":["TheSimpletonMod:Defend_TheSimpleton"],"damage_healed":0,"gold_gain":0,"player_choice":"Removed Skill","damage_taken":0,"max_hp_gain":0,"max_hp_loss":0,"event_name":"Falling","floor":36,"gold_loss":0},{"damage_healed":0,"gold_gain":0,"player_choice":"Gave Potion","damage_taken":0,"relics_obtained":["Centennial Puzzle"],"max_hp_gain":0,"max_hp_loss":0,"event_name":"WeMeetAgain","floor":39,"gold_loss":0}],"is_beta":false,"boss_relics":[{"not_picked":["Runic Pyramid","Sozu"],"picked":"Replay:Drink Me"},{"not_picked":["Honey Jar","TheSimpletonMod:OnionBelt"],"picked":"Replay:Bronze Core"}],"items_purged_floors":[46],"is_endless":false,"potions_floor_spawned":[2,8,16,24,30,31,35,38,42,44],"ascension_level":1}}