{"host":"s41rn2jhghpwfrvz","time":1610987291,"event":{"mods":["BaseMod","Minty Spire (QoL Compilation)","Quick Restart","Relic Stats","SuperFastMode"],"gold_per_floor":[115,126,126,126,141,177,177,252,305,338,338,352,396,422,434,540,552,587,599,611,412,437,481,481,522,522,558,558,483,519,469,469,562,562,587,612,612,357,382,418,443,487,487,523,856,873,887,915,915,915,915,915,915,534,568,568],"floor_reached":57,"language":"ENG","playtime":1178,"items_purged":["Intimidate","Disarm+1"],"score":3957,"play_id":"a5e3d8c4-6fcb-47e7-9606-ad096481b835","local_time":"20210118182811","daily_mods":["SealedDeck","Vintage","DeadlyEvents"],"is_ascension_mode":true,"campfire_choices":[{"data":"Body Slam","floor":7,"key":"SMITH"},{"data":"Pommel Strike","floor":11,"key":"SMITH"},{"data":"Rage","floor":15,"key":"SMITH"},{"data":"Offering","floor":24,"key":"SMITH"},{"data":"Pommel Strike","floor":28,"key":"SMITH"},{"floor":32,"key":"RECALL"},{"data":"Shrug It Off","floor":49,"key":"SMITH"},{"data":"Evolve","floor":53,"key":"SMITH"}],"circlet_count":0,"master_deck":["AscendersBane","Pommel Strike+1","Pommel Strike+1","Rage+1","Shrug It Off+1","Shrug It Off+1","Body Slam+1","Evolve+1","Offering+1"],"relics":["Burning Blood","Art of War","Nunchaku","Smiling Mask","Pen Nib","Omamori","Girya","Pocketwatch","MawBank","Question Card","Coffee Dripper","Happy Flower","War Paint","Lantern","StrikeDummy","Toxic Egg 2","Gremlin Horn","Dream Catcher","Sundial","Runic Pyramid","Red Skull","Blood Vial","Membership Card","Bag of Preparation","Potion Belt","Bronze Scales","Toy Ornithopter","Bottled Lightning","Kunai","Eternal Feather","Boot","Anchor","Medical Kit","Mummified Hand","Ornamental Fan","Orichalcum"],"acts_visited":["Exordium","TheCity","TheBeyond","TheEnding"],"potions_floor_usage":[56,56,56,56],"damage_taken":[{"damage":6,"enemies":"Jaw Worm","floor":1,"turns":4},{"damage":1,"enemies":"Small Slimes","floor":2,"turns":4},{"damage":0,"enemies":"2 Louse","floor":5,"turns":2},{"damage":15,"enemies":"3 Sentries","floor":6,"turns":4},{"damage":0,"enemies":"Lagavulin","floor":10,"turns":5},{"damage":0,"enemies":"2 Fungi Beasts","floor":12,"turns":3},{"damage":12,"enemies":"Gremlin Nob","floor":13,"turns":4},{"damage":5,"enemies":"3 Louse","floor":14,"turns":4},{"damage":0,"enemies":"Slime Boss","floor":16,"turns":5},{"damage":6,"enemies":"3 Byrds","floor":18,"turns":4},{"damage":6,"enemies":"Spheric Guardian","floor":22,"turns":2},{"damage":6,"enemies":"Gremlin Leader","floor":23,"turns":3},{"damage":6,"enemies":"Slavers","floor":25,"turns":1},{"damage":6,"enemies":"Gremlin Leader","floor":27,"turns":1},{"damage":6,"enemies":"Book of Stabbing","floor":30,"turns":1},{"damage":6,"enemies":"Collector","floor":33,"turns":1},{"damage":0,"enemies":"3 Shapes","floor":35,"turns":1},{"damage":6,"enemies":"Orb Walker","floor":36,"turns":1},{"damage":0,"enemies":"Spire Growth","floor":39,"turns":1},{"damage":0,"enemies":"Reptomancer","floor":40,"turns":1},{"damage":0,"enemies":"3 Darklings","floor":41,"turns":1},{"damage":0,"enemies":"Nemesis","floor":42,"turns":1},{"damage":0,"enemies":"Reptomancer","floor":44,"turns":1},{"damage":0,"enemies":"Sphere and 2 Shapes","floor":46,"turns":1},{"damage":0,"enemies":"Transient","floor":47,"turns":1},{"damage":0,"enemies":"Giant Head","floor":48,"turns":1},{"damage":0,"enemies":"Time Eater","floor":50,"turns":3},{"damage":0,"enemies":"Awakened One","floor":51,"turns":2},{"damage":0,"enemies":"Shield and Spear","floor":55,"turns":1},{"damage":6,"enemies":"The Heart","floor":56,"turns":4}],"seed_played":"-4300286358900937833","potions_obtained":[{"floor":1,"key":"SteroidPotion"},{"floor":2,"key":"Strength Potion"},{"floor":10,"key":"Dexterity Potion"},{"floor":23,"key":"PowerPotion"},{"floor":40,"key":"Explosive Potion"},{"floor":41,"key":"Explosive Potion"},{"floor":47,"key":"PowerPotion"},{"floor":55,"key":"PowerPotion"}],"is_trial":true,"path_per_floor":["M","M","?","?","M","E","R","?","T","E","R","M","E","M","R","B",null,"M","?","?","$","M","E","R","E","T","E","R","?","E","$","R","B",null,"M","M","?","$","M","E","M","E","T","E","?","M","M","E","R","B","B",null,"R","$","E","B",null],"character_chosen":"IRONCLAD","items_purchased":["War Paint","Membership Card","Bag of Preparation","Medical Kit","Mummified Hand","Ornamental Fan","ColorlessPotion"],"campfire_rested":0,"item_purchase_floors":[21,38,38,54,54,54,54],"current_hp_per_floor":[68,73,47,47,53,44,44,33,33,39,39,45,39,40,40,46,68,68,68,75,75,75,75,75,75,75,75,75,75,75,75,75,75,75,75,75,71,71,71,71,71,71,71,71,71,71,71,71,71,71,71,71,71,71,71,71],"gold":568,"neow_bonus":"","is_daily":false,"chose_seed":false,"campfire_upgraded":7,"win_rate":0.0,"timestamp":1610987291,"path_taken":["M","M","?","?","M","E","R","?","T","E","R","M","E","M","R","BOSS","M","?","?","$","M","E","R","E","T","E","R","?","E","$","R","BOSS","M","M","?","$","M","E","M","E","T","E","?","M","M","E","R","BOSS","BOSS","R","$","E","BOSS"],"items_purchased_type":["Relic","Relic","Relic","Relic","Relic","Relic","Potion"],"build_version":"2020-12-22","purchased_purges":2,"victory":true,"max_hp_per_floor":[75,75,75,75,75,75,75,75,75,75,75,75,75,75,75,75,75,75,75,75,75,75,75,75,75,75,75,75,75,75,75,75,75,75,75,75,71,71,71,71,71,71,71,71,71,71,71,71,71,71,71,71,71,71,71,71],"relic_stats":{"Gremlin Horn":[16,16],"Bag of Preparation":[24],"Smiling Mask":75,"Boot":[0],"Burning Blood":108,"Blood Vial":0,"Nunchaku":[28],"Dream Catcher":0,"Sundial":[142],"Mummified Hand":[4],"Kunai":[33],"Happy Flower":[9],"counters":[30,68],"Eternal Feather":0,"Pen Nib":[27],"War Paint":["Disarm","Shrug It Off"],"Orichalcum":[0],"MawBank":96,"Question Card":11,"Medical Kit":[4],"Ornamental Fan":[36],"Bronze Scales":[60],"Art of War":[2],"obtain_stats":[{"Lantern":22,"Gremlin Horn":26,"Bag of Preparation":38,"Smiling Mask":5,"Boot":47,"Burning Blood":0,"Blood Vial":36,"Nunchaku":2,"Dream Catcher":27,"Sundial":30,"Mummified Hand":54,"Kunai":44,"Toxic Egg 2":25,"Red Skull":35,"Runic Pyramid":34,"Potion Belt":39,"Girya":10,"Happy Flower":18,"Golden Idol":3,"Eternal Feather":46,"Pen Nib":6,"Omamori":9,"War Paint":21,"Orichalcum":55,"MawBank":13,"Question Card":14,"Medical Kit":54,"Anchor":48,"Ornamental Fan":54,"Bronze Scales":40,"Art of War":1,"Coffee Dripper":17,"Membership Card":38,"Bottled Lightning":42,"StrikeDummy":23,"Toy Ornithopter":41,"Pocketwatch":12},{"Lantern":11,"Gremlin Horn":13,"Bag of Preparation":18,"Smiling Mask":3,"Boot":25,"Burning Blood":0,"Blood Vial":18,"Nunchaku":2,"Dream Catcher":14,"Sundial":15,"Mummified Hand":28,"Kunai":23,"Toxic Egg 2":13,"Red Skull":17,"Runic Pyramid":16,"Potion Belt":19,"Girya":5,"Happy Flower":10,"Golden Idol":2,"Eternal Feather":24,"Pen Nib":4,"Omamori":4,"War Paint":10,"Orichalcum":29,"MawBank":7,"Question Card":8,"Medical Kit":28,"Anchor":26,"Ornamental Fan":28,"Bronze Scales":20,"Art of War":1,"Coffee Dripper":9,"Membership Card":18,"Bottled Lightning":22,"StrikeDummy":12,"Toy Ornithopter":21,"Pocketwatch":6},{"Lantern":41,"Gremlin Horn":45,"Bag of Preparation":50,"Smiling Mask":10,"Boot":57,"Burning Blood":0,"Blood Vial":50,"Nunchaku":8,"Dream Catcher":46,"Sundial":47,"Mummified Hand":63,"Kunai":55,"Toxic Egg 2":45,"Red Skull":49,"Runic Pyramid":48,"Potion Belt":51,"Girya":19,"Happy Flower":39,"Golden Idol":8,"Eternal Feather":56,"Pen Nib":14,"Omamori":14,"War Paint":39,"Orichalcum":64,"MawBank":26,"Question Card":30,"Medical Kit":63,"Anchor":58,"Ornamental Fan":63,"Bronze Scales":52,"Art of War":4,"Coffee Dripper":35,"Membership Card":50,"Bottled Lightning":54,"StrikeDummy":44,"Toy Ornithopter":53,"Pocketwatch":22}],"Toy Ornithopter":0,"Pocketwatch":[6]},"card_choices":[{"not_picked":["Entrench","Shrug It Off","Metallicize"],"picked":"SKIP","floor":6},{"not_picked":["Reckless Charge","Spot Weakness","Pummel"],"picked":"SKIP","floor":10},{"not_picked":["Reckless Charge","Armaments"],"picked":"Evolve","floor":13},{"not_picked":["Corruption","Reaper","Demon Form"],"picked":"Offering","floor":16},{"not_picked":["Warcry","Flex","Shrug It Off","True Grit"],"picked":"SKIP","floor":23},{"not_picked":["Infernal Blade+1","Hemokinesis","Shrug It Off+1","Disarm+1"],"picked":"SKIP","floor":25},{"not_picked":["True Grit+1","Cleave","Headbutt","Clothesline"],"picked":"SKIP","floor":27},{"not_picked":["Perfected Strike","Metallicize+1","Clothesline","Disarm+1"],"picked":"SKIP","floor":30},{"not_picked":["Perfected Strike","Inflame","Body Slam+1","Corruption"],"picked":"SKIP","floor":40},{"not_picked":["Flex+1","Feel No Pain","Blood for Blood","Carnage+1"],"picked":"SKIP","floor":42},{"not_picked":["Reaper","Body Slam","Combust","Disarm+1"],"picked":"SKIP","floor":44},{"not_picked":["Clothesline","Reaper","Intimidate+1","Pommel Strike+1"],"picked":"SKIP","floor":48},{"not_picked":["Pommel Strike","Seeing Red+1","Perfected Strike","Battle Trance+1"],"picked":"SKIP","floor":55}],"player_experience":1791759,"relics_obtained":[{"floor":1,"key":"Art of War"},{"floor":2,"key":"Nunchaku"},{"floor":5,"key":"Smiling Mask"},{"floor":6,"key":"Pen Nib"},{"floor":9,"key":"Omamori"},{"floor":10,"key":"Girya"},{"floor":12,"key":"Pocketwatch"},{"floor":13,"key":"MawBank"},{"floor":14,"key":"Question Card"},{"floor":18,"key":"Happy Flower"},{"floor":22,"key":"Lantern"},{"floor":23,"key":"StrikeDummy"},{"floor":25,"key":"Toxic Egg 2"},{"floor":26,"key":"Gremlin Horn"},{"floor":27,"key":"Dream Catcher"},{"floor":30,"key":"Sundial"},{"floor":35,"key":"Red Skull"},{"floor":36,"key":"Blood Vial"},{"floor":39,"key":"Potion Belt"},{"floor":40,"key":"Bronze Scales"},{"floor":41,"key":"Toy Ornithopter"},{"floor":42,"key":"Bottled Lightning"},{"floor":44,"key":"Kunai"},{"floor":46,"key":"Eternal Feather"},{"floor":47,"key":"Boot"},{"floor":48,"key":"Anchor"},{"floor":55,"key":"Orichalcum"}],"event_choices":[{"damage_healed":0,"gold_gain":0,"player_choice":"Take Damage","damage_taken":26,"relics_obtained":["Golden Idol"],"max_hp_gain":0,"max_hp_loss":0,"event_name":"Golden Idol","floor":3,"gold_loss":0},{"damage_healed":0,"gold_gain":0,"player_choice":"Ignored","damage_taken":0,"max_hp_gain":0,"max_hp_loss":0,"event_name":"Liars Game","floor":4,"gold_loss":0},{"damage_healed":0,"gold_gain":75,"player_choice":"Gather Gold","damage_taken":11,"max_hp_gain":0,"max_hp_loss":0,"event_name":"World of Goop","floor":8,"gold_loss":0},{"cards_removed":["Armaments"],"damage_healed":0,"gold_gain":0,"player_choice":"Elegance","damage_taken":0,"max_hp_gain":0,"max_hp_loss":0,"event_name":"Back to Basics","floor":19,"gold_loss":0},{"damage_healed":15,"gold_gain":0,"player_choice":"Heal","damage_taken":0,"max_hp_gain":0,"max_hp_loss":0,"event_name":"The Library","floor":20,"gold_loss":0},{"cards_removed":["Fire Breathing"],"damage_healed":0,"gold_gain":0,"player_choice":"Gave Gold","damage_taken":0,"max_hp_gain":0,"max_hp_loss":0,"event_name":"Beggar","floor":29,"gold_loss":75},{"damage_healed":0,"gold_gain":0,"player_choice":"Max HP","damage_taken":0,"max_hp_gain":0,"max_hp_loss":4,"event_name":"Winding Halls","floor":37,"gold_loss":0},{"damage_healed":0,"gold_gain":333,"player_choice":"Gave Idol","damage_taken":0,"max_hp_gain":0,"max_hp_loss":0,"event_name":"The Moai Head","floor":45,"relics_lost":["Golden Idol"],"gold_loss":0}],"is_beta":false,"boss_relics":[{"not_picked":["SlaversCollar","Fusion Hammer"],"picked":"Coffee Dripper"},{"not_picked":["Runic Dome","Cursed Key"],"picked":"Runic Pyramid"}],"items_purged_floors":[21,31],"is_endless":false,"potions_floor_spawned":[1,2,10,12,23,30,35,40,41,44,47,48,55],"ascension_level":20}}