{"host":"hwui1o2d2vvxl1xp","time":1610952612,"event":{"mods":["ATMod(阿瑾Mod)","AchievementEnabler","Act Like it!","Alarm Clock","BaseMod","CapriCore","Colored Map","Colored Powertips","Dota2Spire","Gensokyo","LagranYue(拉格朗・月)","Lobotomy","LobotomyExtend","Minty Spire (QoL Compilation)","MostiFishMod","Pale of the Ancients","Quick Restart","RumiaBox-露米娅的神秘盒子","Shop Mod","StSLib","TestMod","Waifu the Spire","[功能]功能增强和修复MOD","simple","【功能Mod】混沌之环修复补丁","【功能Mod】聪明的最终Boss","【遗物卡牌】REMEMod","篝火指南"],"gold_per_floor":[118,134,80,80,180,113,146,114,114,100,100,78,113,124,59,164,164,176,176,176,79,99,30,55,20,20,47,24,51,69,69,69,170,170,189,189,133,152,170,200,110,57,108,108,108],"floor_reached":44,"language":"ZHS","playtime":2970,"items_purged":["Strike_G","Strike_G","Strike_G","Defend_G","Strike_G","Strike_G","Defend_G"],"score":904,"play_id":"668b935d-2363-4801-943d-d3d13d44db1d","local_time":"20210118145012","is_ascension_mode":true,"campfire_choices":[{"floor":32.0,"key":"RECALL"}],"circlet_count":0,"master_deck":["Survivor","After Image","AT_FamilyPortrait","BigBird","AT_Desolate","Sucker Punch","AT_FamilyPortrait","AT_KneejerkReflex","Trip","Blade Dance","Sucker Punch","Dagger Spray","AT_WindFlip","Cloak And Dagger+1","GreedKing","BlackSwan","Blade Dance","REME_ProfessionalPlagiarism","Woodsman","MostiFishMod:FrostNova+1","LittlePrince","Backstab","WallGazer","After Image","CherryBlossoms","Blade Dance","MostiFishMod:JungleRules","Well Laid Plans","Dash","Porccubus","MostiFishMod:PerfectParry","Acrobatics+1","MeltingLove","SingingMachine","Acrobatics+1","Gensokyo:CustomPotion","Apotheosis","AT_WindFlip","Infinite Blades"],"relics":["Ring of the Snake","DaveBox","testmod-TestBox","REME_ComplimentaryCards","AT_ATBox","Civilization","testmod-CardMagician","LagranYue:RandomDrawCardRelic","CogitoBucket","SynthV:TestCard","LetterFromLob","Akabeko","MagicDraw4","MerchantsRug","Orichalcum","LastBattle","testmod-ArcanaOfDestiny","Dodecahedron","REME_PuzzleBoxRelic","Centennial Puzzle","Snake Skull","HandDrill","Dota2Spire:ArcaneBoots","Bag of Marbles","AT_TimeSand","REME_PoisonedDagger","Yang_Lob","Amita_r","Bottled Flame","MealTicket","Sling","Ancient Tea Set","Astrolabe","HellTrain","Gensokyo:MosesMiracle","Shuriken","GodSword7","TimeFreeze","Pantograph","Dota2Spire:ArmletOfMordiggian","Strange Spoon","Dota2Spire:LotusOrb","Bronze Scales","TwistedFunnel","Ninja Scroll","Mummified Hand","Gremlin Horn","Lantern","Happy Flower","testmod-CasingShield","AT_TrinityForce","Gensokyo:DualWield","Nunchaku","Dota2Spire:EtherealBlade","Lee\u0027s Waffle","AT_SunfireAegis","Potion Belt","GodSword3","MostiFishMod:AdaptiveDefenses","CeramicFish"],"acts_visited":["Gensokyo:Gensokyo","Gensokyo:Gensokyoer","Gensokyo:Gensokyoest"],"potions_floor_usage":[],"damage_taken":[{"damage":0.0,"enemies":"Gensokyo:Python","floor":1.0,"turns":4.0},{"damage":3.0,"enemies":"Gensokyo:Gryphon","floor":2.0,"turns":4.0},{"damage":1.0,"enemies":"Gensokyo:Aya","floor":7.0,"turns":6.0},{"damage":2.0,"enemies":"Gensokyo:Cirno","floor":13.0,"turns":4.0},{"damage":0.0,"enemies":"Gensokyo:2_Kodama","floor":14.0,"turns":1.0},{"damage":0.0,"enemies":"Gensokyo:Reimu","floor":16.0,"turns":1.0},{"damage":0.0,"enemies":"Gensokyo:CosmicMonolith","floor":18.0,"turns":2.0},{"damage":0.0,"enemies":"Gensokyo:AngelMirror","floor":22.0,"turns":1.0},{"damage":4.0,"enemies":"Gensokyo:Tenshi","floor":24.0,"turns":1.0},{"damage":0.0,"enemies":"Gensokyo:Reisen","floor":27.0,"turns":1.0},{"damage":0.0,"enemies":"Gensokyo:Koishi","floor":29.0,"turns":1.0},{"damage":25.0,"enemies":"Gensokyo:Slime_Group","floor":30.0,"turns":1.0},{"damage":3.0,"enemies":"Gensokyo:Eternal_Rivals","floor":33.0,"turns":1.0},{"damage":2.0,"enemies":"Gensokyo:3_Bats","floor":35.0,"turns":1.0},{"damage":2.0,"enemies":"Gensokyo:AncientGuardian","floor":38.0,"turns":1.0},{"damage":2.0,"enemies":"Gensokyo:AtlasGolem","floor":39.0,"turns":1.0},{"damage":0.0,"enemies":"Gensokyo:Marisa","floor":40.0,"turns":1.0},{"damage":0,"enemies":"Gensokyo:Doremy","floor":44,"turns":1}],"seed_played":"2294619472645392794","potions_obtained":[{"floor":1.0,"key":"Dota2Spire:Clarity"},{"floor":1.0,"key":"SneckoOil"},{"floor":2.0,"key":"Regen Potion"},{"floor":13.0,"key":"Swift Potion"},{"floor":18.0,"key":"DistilledChaos"},{"floor":24.0,"key":"Poison Potion"},{"floor":40.0,"key":"CunningPotion"}],"is_trial":false,"path_per_floor":["M","M","$","?","?","R","E","R","T","R","M","$","E","M","R","B",null,"M","?","?","$","M","R","E","R","T","E","$","E","M","?","R","B",null,"M","?","$","M","M","E","?","$","T","E"],"character_chosen":"THE_SILENT","items_purchased":["Akabeko","MagicDraw4","MerchantsRug","PowerPotion","SkillPotion","AttackPotion","Poisoned Stab","AT_Desolate","LastBattle","testmod-ArcanaOfDestiny","Dodecahedron","SkillPotion","SpeedPotion","Energy Potion","Sucker Punch","REME_GreenPollution","AT_FamilyPortrait","Centennial Puzzle","Snake Skull","HandDrill","AT_KneejerkReflex","Trip","Blade Dance","Dota2Spire:Clarity","AttackPotion","BlessingOfTheForge","Dota2Spire:ArcaneBoots","Bag of Marbles","Dexterity Potion","REME_GoldPotion","GhostInAJar","Sucker Punch","Accuracy","AT_TimeSand","REME_PoisonedDagger","REME_GoldPotion","Explosive Potion","LiquidBronze","Cloak And Dagger","MealTicket","Sling","Ancient Tea Set","Dash","MostiFishMod:PerfectParry","AT_ArcaneSupremacy","testmod-SpacePotion","Poison Potion","EssenceOfSteel","Shuriken","GodSword7","AT_KneejerkReflex","testmod-WeaknessCounterattack","TimeFreeze","Quick Slash","testmod-SpacePotion","BlessingOfTheForge","PowerPotion","Pantograph","Dota2Spire:ArmletOfMordiggian","Strange Spoon","REME_ProfessionalPlagiarism","REME_MagicPocketWatch","Bane","Bronze Scales","Regen Potion","Dexterity Potion","Energy Potion","TwistedFunnel","Ninja Scroll","REME_EyeOfCthun","Fruit Juice","AttackPotion","Explosive Potion","Lantern","Happy Flower","Nunchaku","Dota2Spire:EtherealBlade","Lee\u0027s Waffle","MostiFishMod:JungleRules","Well Laid Plans","Dash","REME_GoldPotion","Dota2Spire:HealingSalve","SkillPotion","Block Potion","Energy Potion","LiquidBronze","Potion Belt","GodSword3","MostiFishMod:AdaptiveDefenses","Apotheosis","AT_WindFlip","Infinite Blades"],"campfire_rested":0,"item_purchase_floors":[3,3,3,3,3,3,3,3,6,6,6,6,6,6,6,6,6,8,8,8,8,8,8,8,8,8,10,10,10,10,10,10,10,12,12,12,12,12,12,15,15,15,15,15,15,21,21,21,21,21,21,21,21,21,23,23,23,23,23,23,23,23,23,25,25,25,25,25,25,25,28,28,28,28,28,37,37,37,37,37,37,37,37,37,42,42,42,42,42,42,42,42,42],"current_hp_per_floor":[71,70,70,70,70,70,74,74,74,74,74,74,82,87,87,92,95,100,100,100,102,107,107,108,108,108,120,125,131,140,140,140,146,147,155,155,162,168,174,180,180,180,180,180,180],"gold":108,"neow_bonus":"","is_daily":false,"chose_seed":false,"campfire_upgraded":0,"win_rate":0.0,"timestamp":1610952612,"path_taken":["M","M","$","?","?","R","E","R","T","R","M","$","E","?","R","BOSS","M","?","?","$","M","R","E","R","T","E","$","E","?","?","R","BOSS","M","?","$","M","?","E","?","$","T","E"],"items_purchased_type":["Relic","Relic","Relic","Potion","Potion","Potion","Card","Card","Relic","Relic","Relic","Potion","Potion","Potion","Card","Card","Card","Relic","Relic","Relic","Card","Card","Card","Potion","Potion","Potion","Relic","Relic","Potion","Potion","Potion","Card","Card","Relic","Relic","Potion","Potion","Potion","Card","Relic","Relic","Relic","Card","Card","Card","Potion","Potion","Potion","Relic","Relic","Card","Card","Relic","Card","Potion","Potion","Potion","Relic","Relic","Relic","Card","Card","Card","Relic","Potion","Potion","Potion","Relic","Relic","Card","Potion","Potion","Potion","Card","Relic","Relic","Relic","Relic","Card","Card","Card","Potion","Potion","Potion","Potion","Potion","Potion","Relic","Relic","Relic","Card","Card","Card"],"build_version":"2020-12-22","purchased_purges":7,"victory":false,"max_hp_per_floor":[71,73,73,73,73,73,76,76,76,76,76,76,82,89,89,95,95,102,102,102,102,108,108,114,114,114,120,125,131,140,140,140,147,147,155,155,162,168,174,180,180,180,180,180,180],"card_choices":[{"not_picked":["Wellcheers","BeautyBeast"],"picked":"BigBird","floor":1.0},{"not_picked":["Setup","Outmaneuver"],"picked":"Dagger Spray","floor":1.0},{"not_picked":["WallGazer","OldLady"],"picked":"Yin","floor":2.0},{"not_picked":["Calculated Gamble","Blur","Acrobatics","Deadly Poison"],"picked":"MostiFishMod:AdrenalineArouse","floor":2.0},{"not_picked":["Bane","Poisoned Stab","REME_ShadowStrike","AT_ShadowStep"],"picked":"Well Laid Plans","floor":7.0},{"not_picked":["Riddle With Holes","Leg Sweep","After Image","Deflect"],"picked":"Dagger Spray","floor":13.0},{"not_picked":["UniverseFragment","BeautyBeast"],"picked":"Funeral","floor":13.0},{"not_picked":["BeautyBeast","BlackSwan"],"picked":"Wellcheers","floor":14.0},{"not_picked":["Backflip","Underhanded Strike","Slice","Deflect"],"picked":"AT_WindFlip","floor":14.0},{"not_picked":["MostiFishMod:Confrontation","AT_KingSlayer","A Thousand Cuts","REME_GrazeFinale"],"picked":"MostiFishMod:WinterMarkForm","floor":16.0},{"not_picked":["Freischutz","OSAHOGD"],"picked":"GreedKing","floor":18.0},{"not_picked":["REME_GreenPollution","Acrobatics+1","Tactician","AT_ThistleTea+1"],"picked":"Choke","floor":18.0},{"not_picked":["BlueStar","LaLuna"],"picked":"BlackSwan","floor":22.0},{"not_picked":["Dodge and Roll","AT_TwilightShroud+1","Predator","MostiFishMod:SpreadingSpore"],"picked":"Blade Dance","floor":22.0},{"not_picked":["MHz","OSAHOGD"],"picked":"Woodsman","floor":24.0},{"not_picked":["Tactician+1","Quick Slash","Backstab","Deflect"],"picked":"MostiFishMod:FrostNova+1","floor":24.0},{"not_picked":["Rudolta","Variant"],"picked":"LittlePrince","floor":27.0},{"not_picked":["Quick Slash","Footwork","Reflex","REME_GrazeFinale"],"picked":"Blur","floor":27.0},{"not_picked":["OldLady","UniverseFragment"],"picked":"FieryBird","floor":29.0},{"not_picked":["Bouncing Flask","AT_ArcaneSupremacy","Blade Dance","Sucker Punch"],"picked":"Malaise","floor":29.0},{"not_picked":["Poisoned Stab","Bane","PiercingWail","Crippling Poison"],"picked":"Backstab","floor":30.0},{"not_picked":["FairyFestival","Scorched"],"picked":"Mercenary","floor":30.0},{"not_picked":["Variant","SilentOrchestra"],"picked":"WallGazer","floor":33.0},{"not_picked":["Corpse Explosion","Night Terror","REME_SpectralBlade","REME_LeechingPoison"],"picked":"After Image","floor":33.0},{"not_picked":["GalaxyChild","Funeral"],"picked":"CherryBlossoms","floor":35.0},{"not_picked":["MostiFishMod:PoisonShield+1","Dagger Spray","Dagger Throw+1","Outmaneuver"],"picked":"Blade Dance","floor":35.0},{"not_picked":["LongBird","DespairKnight"],"picked":"Porccubus","floor":38.0},{"not_picked":["Predator","Flying Knee","Sucker Punch+1","REME_SpectralBlade"],"picked":"MostiFishMod:PerfectParry","floor":38.0},{"not_picked":["Footwork","AT_ArcaneSupremacy","Sucker Punch","AT_WindRun+1"],"picked":"Acrobatics+1","floor":39.0},{"not_picked":["Murderer","Mercenary"],"picked":"MeltingLove","floor":39.0},{"not_picked":["Scarecrow","Scorched"],"picked":"SingingMachine","floor":40.0},{"not_picked":["MostiFishMod:GrandStart","Finisher+1","Dash","Dagger Spray+1"],"picked":"Acrobatics+1","floor":40.0}],"player_experience":29019,"relics_obtained":[{"floor":1.0,"key":"SynthV:TestCard"},{"floor":1.0,"key":"LetterFromLob"},{"floor":7.0,"key":"REME_PuzzleBoxRelic"},{"floor":13.0,"key":"Bottled Flame"},{"floor":24.0,"key":"Dota2Spire:LotusOrb"},{"floor":26.0,"key":"Mummified Hand"},{"floor":27.0,"key":"Gensokyo:MosesMiracle"},{"floor":27.0,"key":"Gremlin Horn"},{"floor":29.0,"key":"testmod-CasingShield"},{"floor":40.0,"key":"AT_SunfireAegis"},{"floor":43.0,"key":"CeramicFish"}],"event_choices":[],"is_beta":false,"boss_relics":[{"not_picked":["HoveringKite","REME_DuelDisc"],"picked":"Astrolabe"},{"not_picked":["Fusion Hammer","ExusiaiGun"],"picked":"AT_TrinityForce"}],"items_purged_floors":[3,6,10,12,21,23,28],"is_endless":false,"potions_floor_spawned":[1,1,2,7,13,13,14,14,18,18,22,24,27,29,30,30,33,33,35,38,39,40],"killed_by":"Gensokyo:Doremy","ascension_level":1}}