{"host":"c3lc60y5x60jlt1y","time":1610998207,"event":{"mods":["AchievementEnabler","BaseMod","Bestiary","Colored Map","Minty Spire (QoL Compilation)","Quick Restart","StSLib","ojb\u0027s Info Mod"],"gold_per_floor":[117,117,117,135,15,15,53,132,155,171,204,222,222,241,241,362,362,383,406,234,234,259,294,294,330,330,30,51,84,102,51,51,171,171,196,196,221,240,240,240,279,294,294,334,30,63,82,98,98,98],"floor_reached":51,"language":"ENG","playtime":4612,"items_purged":["Strike_B","Defend_B"],"score":1365,"play_id":"626e2d69-8b48-4986-8877-b79cc90899f5","local_time":"20210118213007","is_ascension_mode":true,"campfire_choices":[{"data":"Static Discharge","floor":6,"key":"SMITH"},{"floor":13,"key":"DIG"},{"floor":15,"key":"DIG"},{"floor":24,"key":"REST"},{"floor":32,"key":"DIG"},{"floor":40,"key":"DIG"},{"floor":49,"key":"DIG"}],"circlet_count":0,"master_deck":["AscendersBane","Strike_B+1","Strike_B+1","Strike_B+1","Defend_B+1","Defend_B+1","Defend_B+1","Zap+1","Dualcast+1","Static Discharge+1","BootSequence+1","Leap+1","Self Repair+1","FTL+1","Coolheaded+1","Sunder+1","Auto Shields+1","Turbo+1","Multi-Cast+1","Go for the Eyes+1","Buffer+1","Tempest+1","Glacier+1","Beam Cell+1","Static Discharge+1","White Noise+1","Force Field+1","Storm+1","Thunder Strike+1","Steam+1","Compile Driver+1","Skim","Buffer+1","Fusion+1","Buffer","Go for the Eyes+1","Echo Form","Force Field+1"],"relics":["Cracked Core","NeowsBlessing","Golden Idol","PreservedInsect","Akabeko","Bag of Marbles","Shovel","Oddly Smooth Stone","Thread and Needle","Fusion Hammer","Boot","Orichalcum","Sundial","Gambling Chip","Bottled Tornado","Bottled Lightning","Black Star","Mark of the Bloom","Molten Egg 2","TungstenRod","Pear","Toxic Egg 2","Vajra","Toy Ornithopter","FossilizedHelix","Calipers","Lantern","White Beast Statue"],"acts_visited":["Exordium","TheCity","TheBeyond"],"potions_floor_usage":[8,8,16,22,23,23,25,33,47],"damage_taken":[{"damage":0,"enemies":"Jaw Worm","floor":1,"turns":1},{"damage":0,"enemies":"2 Louse","floor":4,"turns":1},{"damage":0,"enemies":"Lagavulin","floor":7,"turns":1},{"damage":20,"enemies":"Lagavulin Event","floor":8,"turns":5},{"damage":0,"enemies":"Cultist","floor":10,"turns":3},{"damage":30,"enemies":"Gremlin Nob","floor":11,"turns":4},{"damage":5,"enemies":"3 Louse","floor":12,"turns":3},{"damage":9,"enemies":"Lots of Slimes","floor":14,"turns":3},{"damage":27,"enemies":"Hexaghost","floor":16,"turns":15},{"damage":8,"enemies":"3 Byrds","floor":18,"turns":4},{"damage":0,"enemies":"Spheric Guardian","floor":19,"turns":3},{"damage":10,"enemies":"Cultist and Chosen","floor":22,"turns":5},{"damage":39,"enemies":"Gremlin Leader","floor":23,"turns":10},{"damage":26,"enemies":"Slavers","floor":25,"turns":6},{"damage":2,"enemies":"Shelled Parasite and Fungi","floor":28,"turns":8},{"damage":6,"enemies":"Book of Stabbing","floor":29,"turns":5},{"damage":15,"enemies":"Chosen and Byrds","floor":30,"turns":6},{"damage":22,"enemies":"Collector","floor":33,"turns":11},{"damage":4,"enemies":"Orb Walker","floor":35,"turns":5},{"damage":0,"enemies":"3 Shapes","floor":37,"turns":5},{"damage":0,"enemies":"Writhing Mass","floor":38,"turns":7},{"damage":19,"enemies":"Nemesis","floor":41,"turns":7},{"damage":0,"enemies":"Maw","floor":42,"turns":7},{"damage":0,"enemies":"Giant Head","floor":44,"turns":7},{"damage":0,"enemies":"Nemesis","floor":46,"turns":5},{"damage":0,"enemies":"Transient","floor":47,"turns":5},{"damage":10,"enemies":"Sphere and 2 Shapes","floor":48,"turns":8},{"damage":28,"enemies":"Time Eater","floor":50,"turns":17}],"seed_played":"-8299387032162704198","potions_obtained":[{"floor":3,"key":"DuplicationPotion"},{"floor":3,"key":"Energy Potion"},{"floor":4,"key":"PowerPotion"},{"floor":10,"key":"Dexterity Potion"},{"floor":11,"key":"DuplicationPotion"},{"floor":12,"key":"Fruit Juice"},{"floor":19,"key":"Explosive Potion"},{"floor":22,"key":"DistilledChaos"},{"floor":23,"key":"AttackPotion"},{"floor":41,"key":"Explosive Potion"},{"floor":42,"key":"Strength Potion"},{"floor":44,"key":"PowerPotion"}],"is_trial":false,"path_per_floor":["M","?","?","M","$","R","E","?","T","M","E","M","R","M","R","B",null,"M","M","$","?","M","E","R","E","T","$","M","E","M","$","R","B",null,"M","?","M","M","?","R","E","M","T","E","$","E","M","M","R","B",null],"character_chosen":"DEFECT","items_purchased":["Leap","Tempest","Gambling Chip","PowerPotion","FossilizedHelix"],"campfire_rested":1,"item_purchase_floors":[5,20,27,31,45],"current_hp_per_floor":[68,68,68,68,68,68,68,48,48,55,32,34,34,32,32,12,55,54,61,61,61,63,31,53,34,34,34,39,40,32,32,32,17,60,63,63,63,63,63,63,44,44,44,44,44,44,44,34,34,6],"gold":98,"neow_bonus":"THREE_ENEMY_KILL","is_daily":false,"chose_seed":false,"campfire_upgraded":1,"win_rate":0.0,"timestamp":1610998207,"path_taken":["M","?","?","?","$","R","E","?","T","M","E","M","R","M","R","BOSS","M","M","$","?","?","E","R","E","T","?","M","E","M","$","R","BOSS","M","?","M","M","?","R","E","M","T","E","$","E","M","M","R","BOSS"],"items_purchased_type":["Card","Card","Relic","Potion","Relic"],"build_version":"2020-12-22","purchased_purges":2,"victory":true,"max_hp_per_floor":[75,69,69,69,69,69,69,69,69,69,69,69,69,69,69,69,69,69,69,69,69,74,74,74,74,74,74,74,74,74,74,74,74,74,74,74,74,74,74,74,84,84,84,84,84,84,84,84,84,84],"card_choices":[{"not_picked":["Turbo","Leap"],"picked":"Static Discharge","floor":1},{"not_picked":["Ball Lightning","Turbo"],"picked":"BootSequence","floor":4},{"not_picked":["Loop","Gash"],"picked":"Self Repair","floor":7},{"not_picked":["Machine Learning","Darkness"],"picked":"FTL","floor":8},{"not_picked":["Reinforced Body","Lockon"],"picked":"Coolheaded","floor":10},{"not_picked":["Sweeping Beam","Genetic Algorithm"],"picked":"Sunder","floor":11},{"not_picked":["Rebound","Streamline"],"picked":"Auto Shields","floor":12},{"not_picked":["BootSequence","Gash"],"picked":"Turbo","floor":14},{"not_picked":["Amplify","Fission"],"picked":"Multi-Cast","floor":16},{"not_picked":["Stack","Turbo"],"picked":"Go for the Eyes","floor":18},{"not_picked":["Loop","Leap"],"picked":"Buffer","floor":19},{"not_picked":["Scrape","Ball Lightning"],"picked":"Glacier+1","floor":22},{"not_picked":["Gash","Turbo+1"],"picked":"Beam Cell","floor":23},{"not_picked":["Heatsinks","Storm+1"],"picked":"Static Discharge+1","floor":25},{"not_picked":["Cold Snap","Compile Driver"],"picked":"White Noise+1","floor":28},{"not_picked":["Aggregate+1","Chill"],"picked":"Force Field","floor":29},{"not_picked":["White Noise","Steam+1"],"picked":"Storm","floor":30},{"not_picked":["Meteor Strike","Rainbow"],"picked":"Thunder Strike","floor":33},{"not_picked":["Coolheaded","Compile Driver+1"],"picked":"Steam+1","floor":35},{"not_picked":["Barrage+1","Double Energy"],"picked":"Compile Driver+1","floor":37},{"not_picked":["Cold Snap+1","Stack+1"],"picked":"Skim","floor":38},{"not_picked":["Coolheaded+1","Static Discharge+1"],"picked":"Fusion+1","floor":41},{"not_picked":["Aggregate","Compile Driver+1"],"picked":"Buffer","floor":42},{"not_picked":["Hologram+1","Conserve Battery+1"],"picked":"Go for the Eyes+1","floor":44},{"not_picked":["Conserve Battery+1","Melter+1"],"picked":"Echo Form","floor":46},{"not_picked":["Rip and Tear+1","Cold Snap+1","Beam Cell+1"],"picked":"SKIP","floor":47},{"not_picked":["FTL+1","Rebound+1"],"picked":"Force Field+1","floor":48}],"player_experience":8167512,"relics_obtained":[{"floor":7,"key":"PreservedInsect"},{"floor":8,"key":"Akabeko"},{"floor":9,"key":"Bag of Marbles"},{"floor":11,"key":"Shovel"},{"floor":13,"key":"Oddly Smooth Stone"},{"floor":15,"key":"Thread and Needle"},{"floor":23,"key":"Boot"},{"floor":25,"key":"Orichalcum"},{"floor":26,"key":"Sundial"},{"floor":29,"key":"Bottled Tornado"},{"floor":32,"key":"Bottled Lightning"},{"floor":40,"key":"Molten Egg 2"},{"floor":41,"key":"TungstenRod"},{"floor":41,"key":"Pear"},{"floor":43,"key":"Toxic Egg 2"},{"floor":44,"key":"Vajra"},{"floor":44,"key":"Toy Ornithopter"},{"floor":46,"key":"Calipers"},{"floor":46,"key":"Lantern"},{"floor":49,"key":"White Beast Statue"}],"event_choices":[{"damage_healed":0,"gold_gain":0,"player_choice":"Lose Max HP","damage_taken":0,"relics_obtained":["Golden Idol"],"max_hp_gain":0,"max_hp_loss":6,"event_name":"Golden Idol","floor":2,"gold_loss":0},{"damage_healed":0,"gold_gain":0,"player_choice":"Got Potions","damage_taken":0,"max_hp_gain":0,"max_hp_loss":0,"event_name":"Lab","floor":3,"gold_loss":0},{"damage_healed":0,"gold_gain":0,"player_choice":"Searched \u00271\u0027 times","damage_taken":0,"max_hp_gain":0,"max_hp_loss":0,"event_name":"Dead Adventurer","floor":8,"gold_loss":0},{"damage_healed":0,"gold_gain":0,"player_choice":"0 cards matched","damage_taken":0,"max_hp_gain":0,"max_hp_loss":0,"event_name":"Match and Keep!","floor":21,"gold_loss":0,"cards_obtained":[]},{"damage_healed":0,"gold_gain":0,"player_choice":"Upgrade","damage_taken":0,"relics_obtained":["Mark of the Bloom"],"max_hp_gain":0,"max_hp_loss":0,"event_name":"MindBloom","floor":36,"gold_loss":0,"cards_upgraded":["Strike_B","Strike_B","Strike_B","Defend_B","Defend_B","Defend_B","Zap","Dualcast","BootSequence","Leap","Self Repair","FTL","Coolheaded","Sunder","Auto Shields","Turbo","Multi-Cast","Go for the Eyes","Buffer","Tempest","Beam Cell","Force Field","Storm","Thunder Strike"]},{"damage_healed":0,"gold_gain":0,"player_choice":"Copied","damage_taken":0,"max_hp_gain":0,"max_hp_loss":0,"event_name":"Duplicator","floor":39,"gold_loss":0,"cards_obtained":["Buffer"]}],"is_beta":false,"boss_relics":[{"not_picked":["Velvet Choker","Tiny House"],"picked":"Fusion Hammer"},{"not_picked":["Runic Dome","Empty Cage"],"picked":"Black Star"}],"items_purged_floors":[5,20],"is_endless":false,"potions_floor_spawned":[4,10,11,12,19,22,23,41,42,44],"ascension_level":11}}