{"host":"x7xd4wkamhrqrrvw","time":1610938965,"event":{"mods":["BaseMod","Minty Spire (QoL Compilation)","StSLib"],"gold_per_floor":[109,109,125,145,145,175,175,200,200,213,229,248,277,294,294,396,396,409,439,456,330,245,245,258,287,310,310,290,324,341,354,354,456,456,472,122,142,152,172,203,203,47,98,320,320,370,81,116,116,116,116,116,16,50,50],"floor_reached":56,"language":"ENG","playtime":3115,"items_purged":["Strike_R","Dual Wield","Strike_R","Strike_R+1"],"score":1788,"play_id":"8d8408f6-5480-450a-8cd7-2c5b4cf7729a","local_time":"20210118010245","is_ascension_mode":true,"campfire_choices":[{"data":"Shrug It Off","floor":7,"key":"SMITH"},{"data":"Clothesline","floor":15,"key":"SMITH"},{"data":"Bludgeon","floor":23,"key":"SMITH"},{"data":"Rage","floor":27,"key":"SMITH"},{"data":"Whirlwind","floor":32,"key":"SMITH"},{"floor":41,"key":"RECALL"},{"floor":45,"key":"REST"},{"floor":49,"key":"REST"},{"floor":52,"key":"REST"}],"circlet_count":0,"master_deck":["AscendersBane","Strike_R+1","Defend_R","Defend_R","Defend_R","Defend_R","Bash+1","Shrug It Off+1","Clothesline+1","Spot Weakness","Dropkick","Rage+1","Impervious","Battle Trance","Bludgeon+1","Armaments+1","Ghostly Armor+1","Whirlwind+1","Corruption","Inflame+1","Pommel Strike+1","Shrug It Off","Limit Break"],"relics":["Burning Blood","PreservedInsect","Turnip","Darkstone Periapt","Charon\u0027s Ashes","Torii","Velvet Choker","Red Mask","Du-Vu Doll","Meat on the Bone","Nunchaku","Fusion Hammer","Membership Card","Gambling Chip","Bag of Preparation","TungstenRod","Whetstone","Dead Branch","ClockworkSouvenir","HornCleat","Boot","Pear"],"acts_visited":["Exordium","TheCity","TheBeyond","TheEnding"],"potions_floor_usage":[8,12,13,16,19,29,30,33,33,38,39,40,55,55],"damage_taken":[{"damage":7,"enemies":"2 Louse","floor":1,"turns":4},{"damage":7,"enemies":"Jaw Worm","floor":3,"turns":7},{"damage":6,"enemies":"Cultist","floor":4,"turns":4},{"damage":12,"enemies":"Gremlin Nob","floor":6,"turns":4},{"damage":14,"enemies":"3 Sentries","floor":8,"turns":8},{"damage":10,"enemies":"2 Fungi Beasts","floor":10,"turns":5},{"damage":3,"enemies":"Looter","floor":11,"turns":3},{"damage":6,"enemies":"Red Slaver","floor":12,"turns":4},{"damage":4,"enemies":"Gremlin Nob","floor":13,"turns":4},{"damage":2,"enemies":"Gremlin Gang","floor":14,"turns":6},{"damage":29,"enemies":"Hexaghost","floor":16,"turns":13},{"damage":16,"enemies":"3 Byrds","floor":18,"turns":8},{"damage":36,"enemies":"Masked Bandits","floor":19,"turns":5},{"damage":1,"enemies":"Chosen","floor":20,"turns":4},{"damage":1,"enemies":"Snecko","floor":24,"turns":5},{"damage":22,"enemies":"Book of Stabbing","floor":25,"turns":6},{"damage":1,"enemies":"Slavers","floor":29,"turns":5},{"damage":13,"enemies":"Sentry and Sphere","floor":30,"turns":5},{"damage":1,"enemies":"Chosen and Byrds","floor":31,"turns":4},{"damage":20,"enemies":"Automaton","floor":33,"turns":9},{"damage":1,"enemies":"3 Darklings","floor":35,"turns":4},{"damage":0,"enemies":"3 Shapes","floor":37,"turns":3},{"damage":11,"enemies":"Sphere and 2 Shapes","floor":38,"turns":5},{"damage":10,"enemies":"Spire Growth","floor":39,"turns":5},{"damage":33,"enemies":"Reptomancer","floor":40,"turns":6},{"damage":0,"enemies":"Mind Bloom Boss Battle","floor":46,"turns":6},{"damage":0,"enemies":"Nemesis","floor":48,"turns":4},{"damage":8,"enemies":"Donu and Deca","floor":50,"turns":7},{"damage":0,"enemies":"Shield and Spear","floor":54,"turns":4},{"damage":67,"enemies":"The Heart","floor":55,"turns":8}],"seed_played":"2212757959804186446","potions_obtained":[{"floor":1,"key":"HeartOfIron"},{"floor":10,"key":"Fire Potion"},{"floor":12,"key":"Fire Potion"},{"floor":13,"key":"Block Potion"},{"floor":16,"key":"LiquidBronze"},{"floor":25,"key":"Weak Potion"},{"floor":28,"key":"EssenceOfSteel"},{"floor":29,"key":"DuplicationPotion"},{"floor":30,"key":"SkillPotion"},{"floor":33,"key":"DuplicationPotion"},{"floor":35,"key":"SpeedPotion"},{"floor":38,"key":"AttackPotion"},{"floor":40,"key":"ColorlessPotion"},{"floor":46,"key":"FearPotion"}],"is_trial":false,"path_per_floor":["M","?","M","M","T","E","R","E","T","M","M","M","E","M","R","B",null,"M","?","M","$","?","R","M","E","T","R","?","E","M","M","R","B",null,"M","$","M","M","M","E","R","$","T","?","R","?","$","E","R","B",null,"R","$","E","B",null],"character_chosen":"IRONCLAD","items_purchased":["SteroidPotion","Membership Card","Gambling Chip","TungstenRod","ClockworkSouvenir","Shrug It Off","HornCleat","SteroidPotion"],"campfire_rested":3,"item_purchase_floors":[21,36,36,42,47,47,47,53],"current_hp_per_floor":[71,71,70,70,70,64,64,56,56,52,55,55,57,61,61,38,70,60,30,35,35,35,35,40,24,24,24,24,41,46,51,51,49,72,77,77,80,75,71,56,56,56,56,56,80,80,80,80,80,78,80,80,80,90,41],"gold":50,"neow_bonus":"UPGRADE_CARD","is_daily":false,"chose_seed":false,"campfire_upgraded":5,"win_rate":0.0,"timestamp":1610938965,"path_taken":["M","?","M","M","?","E","R","E","T","M","M","?","E","M","R","BOSS","M","?","M","$","?","R","M","E","T","R","?","E","?","M","R","BOSS","M","$","M","M","?","E","R","$","T","?","R","?","?","E","R","BOSS","R","$","E","BOSS"],"items_purchased_type":["Potion","Relic","Relic","Relic","Relic","Card","Relic","Potion"],"build_version":"2020-12-22","purchased_purges":4,"victory":true,"max_hp_per_floor":[80,80,80,80,80,80,80,80,80,80,80,80,80,80,80,80,80,80,80,80,80,80,80,80,80,80,80,80,80,80,80,80,80,80,80,80,80,80,80,80,80,80,80,80,80,80,80,80,80,80,80,80,80,90,90],"card_choices":[{"not_picked":["Power Through","Thunderclap"],"picked":"Shrug It Off","floor":1},{"not_picked":["Warcry","Power Through"],"picked":"Clothesline","floor":3},{"not_picked":["Cleave","Dual Wield"],"picked":"Spot Weakness","floor":4},{"not_picked":["Iron Wave","Twin Strike"],"picked":"Dropkick","floor":6},{"not_picked":["Twin Strike","Clothesline"],"picked":"Rage","floor":8},{"not_picked":["Shrug It Off","True Grit","Flex"],"picked":"SKIP","floor":10},{"not_picked":["Blood for Blood","Thunderclap","Body Slam"],"picked":"SKIP","floor":11},{"not_picked":["Metallicize","Pommel Strike"],"picked":"Impervious","floor":12},{"not_picked":["Dropkick","Dual Wield"],"picked":"Battle Trance","floor":13},{"not_picked":["Shrug It Off","Hemokinesis","Twin Strike"],"picked":"SKIP","floor":14},{"not_picked":["Juggernaut","Demon Form"],"picked":"Bludgeon","floor":16},{"not_picked":["Cleave+1","Power Through"],"picked":"Armaments+1","floor":18},{"not_picked":["Shockwave+1","Clothesline"],"picked":"Ghostly Armor+1","floor":19},{"not_picked":["Perfected Strike","Shrug It Off","Twin Strike"],"picked":"SKIP","floor":20},{"not_picked":["Rage+1","Pommel Strike","Armaments"],"picked":"SKIP","floor":24},{"not_picked":["Cleave","Pommel Strike","Flex+1"],"picked":"SKIP","floor":25},{"not_picked":["Twin Strike","Exhume","Havoc+1"],"picked":"SKIP","floor":29},{"not_picked":["Pommel Strike","Armaments","Perfected Strike"],"picked":"SKIP","floor":30},{"not_picked":["Blood for Blood","Wild Strike+1"],"picked":"Whirlwind","floor":31},{"not_picked":["Reaper","Berserk"],"picked":"Corruption","floor":33},{"not_picked":["Evolve+1","Reckless Charge+1"],"picked":"Inflame+1","floor":35},{"not_picked":["Warcry","Ghostly Armor+1","Headbutt+1"],"picked":"SKIP","floor":37},{"not_picked":["Twin Strike+1","Flex+1","Wild Strike"],"picked":"SKIP","floor":38},{"not_picked":["Evolve+1","Dropkick+1","Flex"],"picked":"SKIP","floor":39},{"not_picked":["Blood for Blood+1","Clash+1"],"picked":"Pommel Strike+1","floor":40},{"not_picked":["Havoc+1","Anger+1"],"picked":"Limit Break","floor":48},{"not_picked":["Thunderclap+1","Armaments+1","Sword Boomerang"],"picked":"SKIP","floor":54}],"player_experience":327867,"relics_obtained":[{"floor":5,"key":"PreservedInsect"},{"floor":6,"key":"Turnip"},{"floor":8,"key":"Darkstone Periapt"},{"floor":9,"key":"Charon\u0027s Ashes"},{"floor":13,"key":"Torii"},{"floor":19,"key":"Red Mask"},{"floor":25,"key":"Meat on the Bone"},{"floor":29,"key":"Nunchaku"},{"floor":40,"key":"Bag of Preparation"},{"floor":43,"key":"Whetstone"},{"floor":46,"key":"Dead Branch"},{"floor":48,"key":"Boot"},{"floor":54,"key":"Pear"}],"event_choices":[{"damage_healed":0,"gold_gain":0,"cards_transformed":["Strike_R"],"player_choice":"Change","damage_taken":0,"max_hp_gain":0,"max_hp_loss":0,"event_name":"Living Wall","floor":2,"gold_loss":0,"cards_obtained":["Dual Wield"]},{"damage_healed":0,"gold_gain":0,"player_choice":"Fought Bandits","damage_taken":0,"max_hp_gain":0,"max_hp_loss":0,"event_name":"Masked Bandits","floor":19,"gold_loss":0},{"damage_healed":0,"gold_gain":0,"player_choice":"Obtained Relic","damage_taken":0,"relics_obtained":["Du-Vu Doll"],"max_hp_gain":0,"max_hp_loss":0,"event_name":"Addict","floor":22,"gold_loss":85},{"damage_healed":0,"gold_gain":0,"player_choice":"Bought 1 Potion","damage_taken":0,"max_hp_gain":0,"max_hp_loss":0,"event_name":"The Woman in Blue","floor":28,"gold_loss":0},{"damage_healed":0,"gold_gain":222,"player_choice":"Wore Mask","damage_taken":0,"max_hp_gain":0,"max_hp_loss":0,"event_name":"Tomb of Lord Red Mask","floor":44,"gold_loss":0},{"damage_healed":0,"gold_gain":0,"player_choice":"Fight","damage_taken":0,"max_hp_gain":0,"max_hp_loss":0,"event_name":"MindBloom","floor":46,"gold_loss":0}],"is_beta":false,"boss_relics":[{"not_picked":["Black Star","Pandora\u0027s Box"],"picked":"Velvet Choker"},{"not_picked":["Empty Cage","Calling Bell"],"picked":"Fusion Hammer"}],"items_purged_floors":[21,36,47,53],"is_endless":false,"potions_floor_spawned":[1,10,12,13,16,25,29,30,33,35,38,40,46],"ascension_level":10}}