{"host":"t6r1isv2bex5ovch","time":1610955526,"event":{"mods":["AchievementEnabler","Act Like it!","Aspiration","BaseMod","Better Altar","Better Match","Better Note","Better Sensory Stone","Better Skull","Better Third Choice","Better Vampires","Colored Powertips","Displayed Cursed Tome","Evolution","Fox Events","Hubris","Minty Spire (QoL Compilation)","StSLib","The Jungle"],"gold_per_floor":[115,150,227,227,152,152,170,70,147,167,187,222,222,255,255,255,255],"floor_reached":16,"language":"ENG","playtime":1692,"items_purged":["Strike_P","Defend_P"],"score":124,"play_id":"5ee5e690-d15f-4205-bc7b-6166b64aabef","local_time":"20210118173846","is_ascension_mode":true,"campfire_choices":[{"floor":6.0,"key":"RECALL"},{"data":"Nirvana","floor":13.0,"key":"SMITH"},{"data":"LikeWater","floor":15,"key":"SMITH"}],"circlet_count":0,"master_deck":["Strike_P","Strike_P","Strike_P","Defend_P","Defend_P","Defend_P","Eruption","Vigilance","Wireheading","Nirvana+1","Consecrate","LikeWater+1"],"relics":["PureWater","EVO:Axolotl","aspiration:DSix","foxEvents:LuckyCharm","hubris:Towel","Gambling Chip","Oddly Smooth Stone","Singing Bowl"],"acts_visited":["Exordium"],"potions_floor_usage":[],"damage_taken":[{"damage":0.0,"enemies":"Cultist","floor":1.0,"turns":2.0},{"damage":19.0,"enemies":"Colosseum Slavers","floor":2.0,"turns":4.0},{"damage":0.0,"enemies":"Jaw Worm","floor":7.0,"turns":4.0},{"damage":0.0,"enemies":"2 Louse","floor":10.0,"turns":1.0},{"damage":5.0,"enemies":"2 Fungi Beasts","floor":11.0,"turns":6.0},{"damage":30.0,"enemies":"Gremlin Nob","floor":12.0,"turns":4.0},{"damage":15,"enemies":"3 Sentries","floor":14,"turns":14},{"damage":19,"enemies":"The Guardian","floor":16,"turns":2}],"seed_played":"2417939299185345543","potions_obtained":[{"floor":2.0,"key":"Block Potion"},{"floor":7.0,"key":"Explosive Potion"},{"floor":11.0,"key":"PowerPotion"}],"is_trial":false,"path_per_floor":["M","?","T","?","$","R","M","$","T","M","M","E","R","E","R","B"],"character_chosen":"WATCHER","items_purchased":[],"campfire_rested":0,"item_purchase_floors":[],"current_hp_per_floor":[72,53,53,53,53,53,53,53,53,53,48,18,18,5,5,0,0],"gold":255,"neow_bonus":"DSIX","is_daily":false,"chose_seed":false,"campfire_upgraded":2,"win_rate":0.0,"timestamp":1610955526,"path_taken":["M","?","?","?","$","R","M","$","T","M","M","E","R","E","R","BOSS"],"items_purchased_type":[],"build_version":"2020-12-22","purchased_purges":2,"victory":false,"max_hp_per_floor":[72,72,72,72,72,72,72,72,72,72,72,72,72,74,74,74,74],"card_choices":[{"not_picked":["FlurryOfBlows","Collect","JustLucky"],"picked":"SKIP","floor":1.0},{"not_picked":["FlurryOfBlows","Fasting2"],"picked":"Wireheading","floor":2.0},{"not_picked":["PathToVictory","Sanctity"],"picked":"Nirvana","floor":7.0},{"not_picked":["CarveReality","Sanctity","Brilliance"],"picked":"SKIP","floor":10.0},{"not_picked":["PathToVictory","ThirdEye"],"picked":"Consecrate","floor":11.0},{"not_picked":["WreathOfFlame","Conclude"],"picked":"LikeWater","floor":12.0},{"not_picked":["Protect","Indignation","EmptyBody"],"picked":"Singing Bowl","floor":14}],"player_experience":334655,"relics_obtained":[{"floor":2.0,"key":"foxEvents:LuckyCharm"},{"floor":9.0,"key":"Gambling Chip"},{"floor":12.0,"key":"Oddly Smooth Stone"},{"floor":14,"key":"Singing Bowl"}],"event_choices":[],"is_beta":false,"boss_relics":[],"items_purged_floors":[5,8],"is_endless":false,"potions_floor_spawned":[2,7,11],"killed_by":"The Guardian","ascension_level":3}}