{"host":"2i0myh7fqij2ti1z","time":1610984106,"event":{"mods":["Aspiration","BaseMod","Better Third Choice","Colored Powertips","Conspire","Evolution","FoggyMod","GifTheSpireLib","Highlight Path","Hubris","Minty Spire (QoL Compilation)","Permanent Neow","Quick Restart","Random Character Button","Random Character Mod","Replay The Spire","Shop Mod","Spicy Shops","StSLib","Stuff the Spire","Transform Curses","Wandering Minibosses","vexMod","óô»ðÖ¸ÄÏ"],"gold_per_floor":[112,307,132,132,145,171,221,267,306,318,330,342,354,385,397,512,524,524,524,524,524,524,524,524,524,524],"floor_reached":25,"language":"ENG","playtime":2078,"items_purged":["Defend_R","Bash"],"score":394,"play_id":"79eabed1-bb8e-4b5d-8453-5a003131a5c8","local_time":"20210118233506","is_ascension_mode":true,"campfire_choices":[{"data":"ReplayReversal","floor":13,"key":"SMITH"},{"data":"ReplayReversal+1","floor":15,"key":"SMITH"}],"circlet_count":0,"master_deck":["Strike_R","Defend_R","Defend_R","StuffTheSpire:Slingshot+1","ReplayReversal+2","Twin Strike+1","Rampage+1","Berserk+2","Armaments+1"],"relics":["Burning Blood","EVO:Axolotl","hubris:Backtick","StuffTheSpire:DarkSteelAnvil","hubris:Backtick","conspire:InfiniteJournal","hubris:Backtick","hubris:DisguiseKit","StuffTheSpire:SapphireSignet","Membership Card","MawBank","Art of War","hubris:Backtick","vexMod:RedPlottingStone","Molten Egg 2","Ectoplasm","Replay:Bronze Core","aspiration:RitualDagger","wanderingMiniBosses:AbyssPearl","Pet Ghost","Pondfish Scales"],"acts_visited":["Exordium","TheCity"],"potions_floor_usage":[8,16,21,23],"damage_taken":[{"damage":11,"enemies":"2 Louse","floor":1,"turns":3},{"damage":12,"enemies":"Jaw Worm","floor":5,"turns":2},{"damage":5,"enemies":"3 Sentries","floor":6,"turns":2},{"damage":28,"enemies":"Gremlin Nob","floor":8,"turns":4},{"damage":1,"enemies":"Cultist","floor":14,"turns":3},{"damage":23,"enemies":"Hexaghost","floor":16,"turns":9},{"damage":50,"enemies":"Spheric Guardian","floor":18,"turns":4},{"damage":46,"enemies":"Chosen","floor":21,"turns":5},{"damage":87,"enemies":"Slavers","floor":23,"turns":8},{"damage":18,"enemies":"Centurion and Healer","floor":24,"turns":6},{"damage":43,"enemies":"Gremlin Leader","floor":25,"turns":6}],"seed_played":"-8914864736321241723","potions_obtained":[{"floor":1,"key":"FearPotion"},{"floor":8,"key":"Swift Potion"},{"floor":14,"key":"Ancient Potion"},{"floor":21,"key":"Regen Potion"},{"floor":23,"key":"BlessingOfTheForge"},{"floor":24,"key":"ColorlessPotion"}],"is_trial":false,"path_per_floor":["M","?","$","?","M","E","?","E","T","E","?","?","R","M","R","B",null,"M","?","?","M","?","E","M","E"],"character_chosen":"IRONCLAD","items_purchased":[],"campfire_rested":0,"item_purchase_floors":[],"current_hp_per_floor":[67,49,49,49,43,44,44,22,22,22,22,22,22,27,27,10,57,72,59,59,19,19,48,68,72,72],"gold":524,"neow_bonus":"REMOVE_TWO","is_daily":false,"chose_seed":false,"campfire_upgraded":2,"win_rate":0.0,"timestamp":1610984106,"path_taken":["M","?","$","?","?","E","?","E","T","E","?","?","R","?","R","BOSS","M","?","?","?","?","E","?","E"],"items_purchased_type":[],"build_version":"2020-12-22","purchased_purges":2,"victory":false,"max_hp_per_floor":[72,72,72,72,72,72,72,72,72,72,72,72,72,72,72,72,72,72,77,77,77,77,77,77,77,77],"card_choices":[{"not_picked":["Replay:Undeath\u0027s Touch","StuffTheSpire:RockThrow","StuffTheSpire:Resist","EmptyMind"],"picked":"SKIP","floor":1},{"not_picked":["Massacre","Heavy Blade","Replay:ManipulateFuture"],"picked":"StuffTheSpire:Slingshot","floor":2},{"not_picked":["Iron Wave","Carnage","Replay:ManipulateFuture"],"picked":"ReplayReversal","floor":5},{"not_picked":["Spot Weakness","Feel No Pain","Whirlwind","Sanctity"],"picked":"SKIP","floor":6},{"not_picked":["Bloodletting","Sever Soul","Clash"],"picked":"SandsOfTime","floor":8},{"not_picked":["True Grit","Dark Embrace","Nirvana"],"picked":"Twin Strike+1","floor":14},{"not_picked":["Demon Form","Hemogenesis+1","DeusExMachina"],"picked":"Berserk","floor":16},{"not_picked":["Shrug It Off","Anger+1","Pray"],"picked":"Rampage+1","floor":18},{"not_picked":["Clash+1","ReplayTheSpireMod:Limb From Limb+1","FollowUp"],"picked":"Armaments+1","floor":21},{"not_picked":["conspire:Charge+1","Whirlwind+1","conspire:ExplosiveBarrier","CrushJoints"],"picked":"SKIP","floor":23},{"not_picked":["Shockwave","Havoc+1","Flex","CutThroughFate"],"picked":"SKIP","floor":24}],"player_experience":246000,"relics_obtained":[{"floor":6,"key":"StuffTheSpire:SapphireSignet"},{"floor":7,"key":"Ring of Greed"},{"floor":7,"key":"Membership Card"},{"floor":7,"key":"MawBank"},{"floor":8,"key":"Art of War"},{"floor":21,"key":"wanderingMiniBosses:AbyssPearl"},{"floor":23,"key":"Pet Ghost"},{"floor":25,"key":"Pondfish Scales"}],"event_choices":[{"damage_healed":0,"gold_gain":0,"player_choice":"Upgraded","damage_taken":0,"max_hp_gain":0,"max_hp_loss":0,"event_name":"Upgrade Shrine","floor":4,"gold_loss":0,"cards_upgraded":["StuffTheSpire:Slingshot"]},{"cards_removed":["Injury"],"damage_healed":0,"gold_gain":0,"player_choice":"Removed Curses","damage_taken":0,"max_hp_gain":0,"max_hp_loss":0,"event_name":"Fountain of Cleansing","floor":12,"gold_loss":0},{"damage_healed":0,"gold_gain":0,"player_choice":"Shed Blood","damage_taken":18,"max_hp_gain":5,"max_hp_loss":0,"event_name":"Forgotten Altar","floor":19,"gold_loss":0},{"damage_healed":0,"gold_gain":100,"player_choice":"Pray","damage_taken":0,"max_hp_gain":0,"max_hp_loss":0,"event_name":"Golden Shrine","floor":22,"gold_loss":0}],"is_beta":false,"boss_relics":[{"not_picked":["conspire:RoyalGoblet","Coffee Dripper"],"picked":"Replay:Grab Bag"},{"not_picked":["aspiration:FutureDiary","vexMod:CursedCompass"],"picked":"Ectoplasm"},{"not_picked":["vexMod:FluxCapacitor","ReplayTheSpireMod:DimensionalGlitch"],"picked":"Replay:Bronze Core"},{"not_picked":["aspiration:PoetsPen_weak","Snecko Eye"],"picked":"aspiration:RitualDagger"}],"items_purged_floors":[3,3],"is_endless":false,"potions_floor_spawned":[1,8,14,21,23,24],"killed_by":"Gremlin Leader","ascension_level":9}}