{"host":"ux1e5jwgl66eze79","time":1610931416,"event":{"mods":["2.2 Compatiblity","Act Like it!","Aspiration","BaseMod","Conspire","Downfall","Duelist Mod","GifTheSpireLib","Hermit","Hubris","Minty Spire (QoL Compilation)","StSLib","The Cursed","Wandering Minibosses"],"gold_per_floor":[99,115,115,25,40,72,72,125,125,151,167,167,184,184,196,196,196,196],"floor_reached":16,"language":"ENG","playtime":1332,"items_purged":["Guardian:Defend_Guardian"],"score":152,"play_id":"13dfd239-81f8-4d8d-b692-e5e2b18bf322","local_time":"20210118015656","is_ascension_mode":true,"campfire_choices":[{"data":"Magnetism","floor":1,"key":"SMITH"},{"floor":12,"key":"REST"}],"circlet_count":0,"master_deck":["Guardian:Strike_Guardian","Guardian:Strike_Guardian","Guardian:Strike_Guardian","Guardian:Strike_Guardian","Guardian:Defend_Guardian","Guardian:Defend_Guardian","Guardian:Defend_Guardian","Guardian:CurlUp","Guardian:TwinSlam","Regret","Magnetism+1","Guardian:Reroute","Guardian:BronzeOrb","Guardian:MultiBeam+1","Guardian:ShieldCharger","Guardian:Emergency","Guardian:TimeCapacitor","Guardian:Planning"],"relics":["Guardian:ModeShifter","hubris:Icosahedron","PreservedInsect","Mummified Hand","Blue Candle","conspire:BottledYoYo"],"acts_visited":["Exordium"],"potions_floor_usage":[8,10,16,16],"damage_taken":[{"damage":8,"enemies":"Jaw Worm","floor":2,"turns":5},{"damage":2,"enemies":"downfall:FleeingMerchant","floor":4,"turns":6},{"damage":6,"enemies":"2 Louse","floor":5,"turns":3},{"damage":54,"enemies":"Gremlin Nob","floor":6,"turns":6},{"damage":5,"enemies":"3 Sentries","floor":8,"turns":3},{"damage":1,"enemies":"Lagavulin","floor":10,"turns":7},{"damage":2,"enemies":"Small Slimes","floor":11,"turns":3},{"damage":7,"enemies":"3 Louse","floor":13,"turns":3},{"damage":0,"enemies":"Gremlin Gang","floor":15,"turns":1},{"damage":20,"enemies":"SI_SHIV_ARCHETYPE","floor":16,"turns":4}],"seed_played":"6477882422588896569","potions_obtained":[{"floor":5,"key":"ColorlessPotion"},{"floor":8,"key":"SteroidPotion"},{"floor":11,"key":"Weak Potion"},{"floor":13,"key":"Slimebound:ThreeZeroPotion"},{"floor":15,"key":"Block Potion"}],"is_trial":false,"path_per_floor":["R","M","?","$","M","E","T","E","?","E","M","R","M","?","M","B"],"character_chosen":"GUARDIAN","items_purchased":[],"campfire_rested":1,"item_purchase_floors":[],"current_hp_per_floor":[80,72,72,70,64,10,10,5,5,4,2,26,19,19,19,0,0,0],"gold":196,"neow_bonus":"RANDOM_COLORLESS_2","is_daily":false,"chose_seed":false,"campfire_upgraded":1,"win_rate":0.0,"timestamp":1610931416,"path_taken":["R","M","?","$","M","E","T","E","?","E","M","R","M","?","M","BOSS"],"items_purchased_type":[],"build_version":"2020-12-22","purchased_purges":1,"victory":false,"max_hp_per_floor":[80,80,80,80,80,80,80,80,80,80,80,80,80,80,80,80,80,80],"card_choices":[{"not_picked":["Metamorphosis","Secret Weapon"],"picked":"Magnetism","floor":0},{"not_picked":["Guardian:TemporalShield","Guardian:Recover"],"picked":"Guardian:Reroute","floor":2},{"not_picked":["Guardian:PrismaticBarrier","Guardian:TimeCapacitor"],"picked":"Guardian:Gem_Red","floor":4},{"not_picked":["Guardian:Incinerate","Guardian:Reroute"],"picked":"Guardian:BronzeOrb","floor":5},{"not_picked":["Guardian:EvasiveProtocol","Guardian:Orbwalk"],"picked":"Guardian:MultiBeam","floor":6},{"not_picked":["Guardian:Gem_Crimson","Guardian:Reroute"],"picked":"Guardian:ShieldCharger","floor":8},{"not_picked":["Guardian:Gem_Crimson","Guardian:FierceBash"],"picked":"Guardian:Emergency","floor":10},{"not_picked":["Guardian:ArmoredProtocol","Guardian:PiercingHide","Guardian:ShieldCharger"],"picked":"SKIP","floor":11},{"not_picked":["Guardian:Gem_Green","Guardian:Gem_Fragmented"],"picked":"Guardian:TimeCapacitor","floor":13},{"not_picked":["Guardian:Reroute","Guardian:ChargeCore"],"picked":"Guardian:Planning","floor":15}],"player_experience":130074,"relics_obtained":[{"floor":6,"key":"PreservedInsect"},{"floor":7,"key":"Mummified Hand"},{"floor":8,"key":"Blue Candle"},{"floor":10,"key":"conspire:BottledYoYo"}],"event_choices":[],"is_beta":false,"boss_relics":[],"items_purged_floors":[4],"is_endless":false,"potions_floor_spawned":[5,8,11,13,15],"killed_by":"SI_SHIV_ARCHETYPE","ascension_level":1}}