{"host":"jx3f6ezc0g3s9edc","time":1610931142,"event":{"mods":["AchievementEnabler","BaseMod","Bestiary","Colored Map","Highlight Path","Minty Spire (QoL Compilation)","StSLib"],"gold_per_floor":[116,131,56,56,131,131,131,131,156,180,199,232,256,280,280,405,405,430,113,113,113,136,136,179,179,247,247,247],"floor_reached":27,"language":"ENG","playtime":1611,"items_purged":["Strike_R","Strike_R"],"score":395,"play_id":"56e9bd71-3715-4246-a9f8-ba3de4986723","local_time":"20210117195222","is_ascension_mode":true,"campfire_choices":[{"data":"Feed","floor":6.0,"key":"SMITH"},{"data":"Bash","floor":8.0,"key":"SMITH"},{"floor":15.0,"key":"REST"},{"data":"Armaments","floor":23,"key":"SMITH"},{"data":"Shockwave","floor":25,"key":"SMITH"}],"circlet_count":0,"master_deck":["AscendersBane","Strike_R+1","Defend_R+1","Defend_R+1","Defend_R+1","Defend_R+1","Bash+1","Feed+1","Headbutt","Clothesline","Shockwave+1","Rampage","Cleave","Corruption","Warcry+1","Armaments+1","Anger","Hemokinesis","Feel No Pain+1"],"relics":["Burning Blood","Golden Idol","Bag of Preparation","The Courier","Sozu","Eternal Feather","Frozen Egg 2","White Beast Statue"],"acts_visited":["Exordium","TheCity"],"potions_floor_usage":[16],"damage_taken":[{"damage":3.0,"enemies":"Small Slimes","floor":1.0,"turns":5.0},{"damage":2.0,"enemies":"Jaw Worm","floor":2.0,"turns":3.0},{"damage":1.0,"enemies":"2 Louse","floor":10.0,"turns":2.0},{"damage":32.0,"enemies":"Exordium Wildlife","floor":11.0,"turns":7.0},{"damage":12.0,"enemies":"Gremlin Nob","floor":12.0,"turns":3.0},{"damage":16.0,"enemies":"Looter","floor":13.0,"turns":3.0},{"damage":11.0,"enemies":"3 Louse","floor":14.0,"turns":4.0},{"damage":59,"enemies":"The Guardian","floor":16,"turns":15},{"damage":30,"enemies":"Spheric Guardian","floor":18,"turns":4},{"damage":15,"enemies":"Shell Parasite","floor":22,"turns":5},{"damage":24,"enemies":"Gremlin Leader","floor":24,"turns":7},{"damage":52,"enemies":"Book of Stabbing","floor":27,"turns":6}],"seed_played":"4944824871803976551","potions_obtained":[{"floor":2.0,"key":"SteroidPotion"},{"floor":12.0,"key":"Regen Potion"}],"is_trial":false,"path_per_floor":["M","M","$","?","?","R","?","R","T","M","M","E","M","M","R","B",null,"M","$","?","?","M","R","E","R","T","E"],"character_chosen":"IRONCLAD","items_purchased":["Armaments","Eternal Feather"],"campfire_rested":1,"item_purchase_floors":[19,19],"current_hp_per_floor":[75,78,78,72,61,61,66,66,66,75,53,51,45,44,73,35,82,58,58,58,58,49,58,40,49,49,0,0],"gold":247,"neow_bonus":"THREE_RARE_CARDS","is_daily":false,"chose_seed":false,"campfire_upgraded":4,"win_rate":0.0,"timestamp":1610931142,"path_taken":["M","M","$","?","?","R","?","R","T","M","M","E","?","M","R","BOSS","M","$","?","?","M","R","E","R","T","E"],"items_purchased_type":["Card","Relic"],"build_version":"2020-12-22","purchased_purges":2,"victory":false,"max_hp_per_floor":[75,78,78,72,72,72,77,77,77,81,85,89,93,97,97,97,97,97,97,97,97,97,97,97,97,97,97,97],"card_choices":[{"not_picked":["Corruption","Double Tap"],"picked":"Feed","floor":0.0},{"not_picked":["Clash","Sever Soul"],"picked":"Headbutt","floor":1.0},{"not_picked":["Seeing Red","Warcry"],"picked":"Clothesline","floor":2.0},{"not_picked":["Iron Wave","Seeing Red"],"picked":"Shockwave","floor":10.0},{"not_picked":["Rage","Warcry","Anger"],"picked":"SKIP","floor":11.0},{"not_picked":["Pummel","Cleave"],"picked":"Rampage","floor":12.0},{"not_picked":["Twin Strike","Sentinel","Headbutt"],"picked":"SKIP","floor":13.0},{"not_picked":["Rupture","Exhume"],"picked":"Cleave","floor":14.0},{"not_picked":["Impervious","Juggernaut"],"picked":"Corruption","floor":16},{"not_picked":["Iron Wave","Pommel Strike"],"picked":"Warcry+1","floor":18},{"not_picked":["Rampage","Pummel","Sword Boomerang"],"picked":"SKIP","floor":22},{"not_picked":["Perfected Strike","Infernal Blade"],"picked":"Feel No Pain+1","floor":24}],"player_experience":759411,"relics_obtained":[{"floor":9.0,"key":"Bag of Preparation"},{"floor":12.0,"key":"The Courier"},{"floor":24,"key":"Frozen Egg 2"},{"floor":26,"key":"White Beast Statue"}],"event_choices":[{"damage_healed":0.0,"max_hp_gain":0.0,"max_hp_loss":6.0,"gold_gain":0.0,"event_name":"Golden Idol","player_choice":"Lose Max HP","floor":4.0,"gold_loss":0.0,"damage_taken":0.0,"relics_obtained":["Golden Idol"]},{"damage_healed":0.0,"max_hp_gain":0.0,"max_hp_loss":0.0,"gold_gain":75.0,"event_name":"World of Goop","player_choice":"Gather Gold","floor":5.0,"gold_loss":0.0,"damage_taken":11.0},{"damage_healed":0.0,"max_hp_gain":5.0,"max_hp_loss":0.0,"gold_gain":0.0,"event_name":"Big Fish","player_choice":"Donut","floor":7.0,"gold_loss":0.0,"damage_taken":0.0},{"damage_healed":0,"gold_gain":0,"cards_transformed":["Strike_R","Strike_R"],"player_choice":"Became Test Subject","damage_taken":0,"max_hp_gain":0,"max_hp_loss":0,"event_name":"Drug Dealer","floor":20,"gold_loss":0,"cards_obtained":["Anger","Hemokinesis"]},{"damage_healed":0,"gold_gain":0,"player_choice":"Simplicity","damage_taken":0,"max_hp_gain":0,"max_hp_loss":0,"event_name":"Back to Basics","floor":21,"gold_loss":0,"cards_upgraded":["Strike_R","Defend_R","Defend_R","Defend_R","Defend_R"]}],"is_beta":false,"boss_relics":[{"not_picked":["SlaversCollar","Velvet Choker"],"picked":"Sozu"}],"items_purged_floors":[3,19],"is_endless":false,"potions_floor_spawned":[2,12],"killed_by":"Book of Stabbing","ascension_level":12}}