{"host":"1zjc08c6hob33401","time":1610982149,"event":{"mods":["AchievementEnabler","Act Like it!","Aspiration","BaseMod","Downfall","Energized Spire","Evolution","Friendly Minions","Gensokyo","GifTheSpireLib","Hubris","Infinite Spire","Jedi Mod","Minty Spire (QoL Compilation)","Pale of the Ancients","Quick Restart","Retaliation","Shop Mod","StS++","StSLib","Stuff the Spire","The Blue Laboratory","Wandering Minibosses","vexMod","??????REMEMod"],"gold_per_floor":[109,109,9,28,41,41,60,75,125,145,145,145,155,175,175,309,309,327,327,29,129,129,129,129,129,197,251,251,269,285,305,305,305,305],"floor_reached":33,"language":"RUS","playtime":1422,"items_purged":["bronze:Defend"],"score":264,"play_id":"888db9fe-c44a-4b11-8968-2f40a6f6e692","local_time":"20210118170229","is_ascension_mode":false,"campfire_choices":[{"data":"Violence","floor":6,"key":"SMITH"},{"data":"bronze:GetLatest","floor":11,"key":"SMITH"},{"data":"bronze:Flail","floor":15,"key":"SMITH"},{"data":"infinitespire:Neurotoxin","floor":23,"key":"SMITH"},{"data":"bronze:HardenedForm","floor":25,"key":"SMITH"},{"data":"bronze:ClassDefault","floor":28,"key":"SMITH"},{"data":"bronze:CloningBeam","floor":32,"key":"SMITH"}],"circlet_count":0,"master_deck":["bronze:WhirlingStrike","bronze:WhirlingStrike","bronze:Strike","bronze:Strike","bronze:Defend","bronze:Defend","bronze:Defend","bronze:Replicate","bronze:Goto","Violence+1","bronze:Mutator","bronze:Backtrace","bronze:DelayedSlice","Deflect","bronze:ClassDefault+1","bronze:Flail+1","bronze:CloningBeam+1","infinitespire:Neurotoxin+1","bronze:Fortify+1","bronze:HardenedForm+1","hubris:InfiniteBlow+172","bronze:ItsAFeature+1","bronze:Repulsor+1"],"relics":["bronze:BronzeCore","EVO:Axolotl","REME_ComplimentaryCards","hubris:DisguiseKit","Nunchaku","Snecko Eye","hubris:Towel","jedi:purplefairy","Unceasing Top","aspiration:AnachronicSnailShell","Pocketwatch","hubris:MobiusCoin","Blood Vial"],"acts_visited":["Gensokyo:Gensokyo","Gensokyo:Gensokyoer"],"potions_floor_usage":[16,21,21,31,33],"damage_taken":[{"damage":2,"enemies":"Gensokyo:Gryphon","floor":1,"turns":3},{"damage":0,"enemies":"Gensokyo:Python","floor":4,"turns":1},{"damage":0,"enemies":"Gensokyo:2_Kodama","floor":5,"turns":1},{"damage":3,"enemies":"Gensokyo:Kitsune","floor":7,"turns":2},{"damage":12,"enemies":"Gensokyo:CorruptedTreant","floor":8,"turns":2},{"damage":0,"enemies":"Gensokyo:LivingMonolith","floor":10,"turns":2},{"damage":7,"enemies":"Gensokyo:Kitsune","floor":13,"turns":2},{"damage":0,"enemies":"Gensokyo:3_Kodama","floor":14,"turns":1},{"damage":36,"enemies":"Gensokyo:Yukari","floor":16,"turns":9},{"damage":10,"enemies":"Gensokyo:CosmicMonolith","floor":18,"turns":3},{"damage":21,"enemies":"Gensokyo:CosmicMonolith","floor":21,"turns":8},{"damage":0,"enemies":"Gensokyo:AngelMirror","floor":29,"turns":1},{"damage":11,"enemies":"Gensokyo:Slime_Group","floor":30,"turns":2},{"damage":15,"enemies":"Gensokyo:Monolith_and_Dog","floor":31,"turns":3},{"damage":23119,"enemies":"Gensokyo:Eternal_Rivals","floor":33,"turns":4}],"seed_played":"-189792648294549269","potions_obtained":[{"floor":8,"key":"Guardian:BlockOnCardUsePotion"},{"floor":10,"key":"REME_GoldPotion"},{"floor":14,"key":"blueLaboratory:AbyssPotion"},{"floor":21,"key":"Swift Potion"},{"floor":30,"key":"blueLaboratory:BubblePotion"},{"floor":31,"key":"Guardian:BlockOnCardUsePotion"}],"is_trial":false,"path_per_floor":["M","?","?","M","M","R","M","M","T","M","R","?","M","M","R","B",null,"M","?","$","?","?","R","AVR","R","T","T","R","M","M","M","R","B"],"character_chosen":"THE_AUTOMATON","items_purchased":["jedi:purplefairy"],"campfire_rested":0,"item_purchase_floors":[20],"current_hp_per_floor":[68,75,75,75,75,75,72,60,60,60,60,60,53,53,53,17,77,67,67,67,46,46,47,47,48,48,48,53,55,46,33,38,0,0],"gold":305,"neow_bonus":"ONE_RANDOM_RARE_CARD","is_daily":false,"chose_seed":false,"campfire_upgraded":7,"win_rate":0.0,"timestamp":1610982149,"path_taken":["M","?","?","M","M","R","M","M","T","?","R","?","M","M","R","BOSS","M","?","?","?","?","R","AVR","R","T","?","R","?","M","M","R","BOSS"],"items_purchased_type":["Relic"],"build_version":"2020-12-22","purchased_purges":1,"victory":false,"max_hp_per_floor":[70,77,77,77,77,77,77,77,77,77,77,77,77,77,77,77,77,77,77,77,77,77,77,77,77,77,77,77,77,77,77,77,77,77],"card_choices":[{"not_picked":["bronze:Turbo","bronze:Overload"],"picked":"bronze:Backtrace","floor":1},{"not_picked":["bronze:DelayedGuard","bronze:WhirlingStrike","Blur"],"picked":"bronze:DelayedSlice","floor":4},{"not_picked":["bronze:FineTuning","bronze:Constructor","bronze:Invalidate"],"picked":"Deflect","floor":5},{"not_picked":["bronze:NullPointer","bronze:BuggyMess","StuffTheSpire:BumpUp"],"picked":"bronze:GetLatest","floor":7},{"not_picked":["bronze:OilSpill","bronze:ChildClass","Slice"],"picked":"bronze:ClassDefault","floor":8},{"not_picked":["bronze:Separator","bronze:Terminator","bronze:Deprecate","StuffTheSpire:ClusterCrunch"],"picked":"SKIP","floor":10},{"not_picked":["bronze:Philosophize","bronze:WildBeam","Prepared"],"picked":"bronze:Flail","floor":13},{"not_picked":["bronze:Terminator","bronze:ForLoop","Bane"],"picked":"bronze:CloningBeam","floor":14},{"not_picked":["bronze:FindAndReplace","bronze:ShipIt","bronze:Virus"],"picked":"infinitespire:Neurotoxin","floor":16},{"not_picked":["bronze:Branch","bronze:DelayedSlice","StuffTheSpire:ClusterCrunch"],"picked":"bronze:Fortify+1","floor":18},{"not_picked":["bronze:Safeguard","bronze:Allocate","StuffTheSpire:ClusterCrunch"],"picked":"bronze:ItsAFeature+1","floor":29},{"not_picked":["bronze:Invalidate","bronze:ForLoop","Footwork"],"picked":"bronze:Repulsor+1","floor":30},{"not_picked":["bronze:Branch","bronze:WhirlingStrike","bronze:CutThrough","Sucker Punch"],"picked":"SKIP","floor":31}],"player_experience":607754,"relics_obtained":[{"floor":9,"key":"Nunchaku"},{"floor":21,"key":"Unceasing Top"},{"floor":21,"key":"aspiration:AnachronicSnailShell"},{"floor":26,"key":"hubris:MobiusCoin"},{"floor":27,"key":"Blood Vial"}],"event_choices":[],"is_beta":false,"boss_relics":[{"not_picked":["vexMod:MegatonBomb","energizedSpire:StickyHand"],"picked":"Snecko Eye"}],"items_purged_floors":[24],"is_endless":false,"potions_floor_spawned":[8,10,14,21,30,31],"killed_by":"Gensokyo:Eternal_Rivals","ascension_level":0}}