{"host":"1i8zkjbir2oea10k","time":1610996291,"event":{"mods":["Act Like it!","Aspiration","BaseMod","Challenge The Spire","ChefMod","Colored Map","Conspire","Dota2Spire","Ekko","Elementarium","Energized Spire","GifTheSpireLib","Googly Eyes","Halation","Hermit","Hubris","Hyrulean Relics","Infinite Spire","JesterMod","Mari Mod (Legacy)","Mari\u0027s V1 Patch","Marisa????????","Minty Spire (QoL Compilation)","Pale of the Ancients","Replay The Spire","Shade Mod","Shop Mod","Small Relic Pack","Spikes Relics","StSLib","Stuff the Spire","The Alterego","The Animator","The Blue Laboratory","The Jungle","The Mystic","The Poker Player","The Servant 0.9.4","Trackpad","Waifu the Spire","Wandering Minibosses","WarShipGirlsR/????R mod","everything is the same but u backflip on backflip"],"gold_per_floor":[116,116,132,146,146,172,184,214,287,300,300,319,347,3,3,102,52,64,64,64,74,74,74,109,109,109,109,120,131,131,146,146,247,247,263,308,308,325,325,325,353,353,353,386,486,503,523,542,542,542,542,542,542],"floor_reached":52,"language":"ENG","playtime":6104,"items_purged":[],"score":1017,"play_id":"09963af7-1afa-48b1-94aa-8bf4cbdaacb9","local_time":"20210118195811","is_ascension_mode":false,"campfire_choices":[{"data":"KidneyShot","floor":11,"key":"SMITH"},{"data":"Barrier","floor":15,"key":"SMITH"},{"data":"infinitespire:Collect","floor":23,"key":"SMITH"},{"data":"FanOfKnives","floor":25,"key":"SMITH"},{"data":"FloweringNight","floor":27,"key":"SMITH"},{"data":"Replace","floor":32,"key":"SMITH"},{"data":"Initiator","floor":40,"key":"SMITH"},{"data":"Solidify","floor":42,"key":"SMITH"}],"circlet_count":0,"master_deck":["Strike_S","Strike_S","Strike_S","Defend_S","Defend_S","Defend_S","Defend_S","Exchange","TimeWarp","ShatteredReality","BottledTime","InstantArmor","Barrier+1","GearUp","FloweringNight+1","DualDimension","Solidify+1","PendulumOfEternity","Strike_S","FanOfKnives+1","TrueSight","Replace+1","infinitespire:Collect+1","KidneyShot+1","Rearm+1","ShiftingGears","Replace+1","Initiator+1","BottledTime","TimeWarp","Thinking Ahead","Barrier+1","BottledTime","BottledTime","ShatteredReality+1"],"relics":["Uniform","NeowsBlessing","StuffTheSpire:PointBlank","Bottled Flame","StuffTheSpire:Barrel","Dota2Spire:ShivaGuard","energizedSpire:HugeHouse","MutagenicStrength","halation:Thesaurus","infinitespire:EmpoweringShard","hubris:VirtuousBlindfold","StuffTheSpire:Mouthbags","Matryoshka","Coffee Dripper","CatCart","conspire:DeflatedDodgeball","Bag of Marbles","infinitespire:Bottled Soul","halation:WeightlessCrab","paleoftheancients:Timepiece","paleoftheancients:KeyRelic","Letter Opener","CultistMask"],"acts_visited":["Exordium","TheCity","TheBeyond","paleoftheancients:PaleOfTheAncients"],"potions_floor_usage":[6,50,50,50],"damage_taken":[{"damage":0,"enemies":"Small Slimes","floor":1,"turns":1},{"damage":0,"enemies":"Cultist","floor":3,"turns":1},{"damage":0,"enemies":"2 Louse","floor":4,"turns":1},{"damage":29,"enemies":"Gremlin Nob","floor":6,"turns":5},{"damage":0,"enemies":"Large Slime","floor":7,"turns":6},{"damage":1,"enemies":"Lagavulin","floor":8,"turns":9},{"damage":0,"enemies":"2 Fungi Beasts","floor":10,"turns":4},{"damage":0,"enemies":"Red Slaver","floor":12,"turns":4},{"damage":0,"enemies":"Gremlin Nob","floor":13,"turns":4},{"damage":0,"enemies":"Slime Boss","floor":16,"turns":12},{"damage":0,"enemies":"3 Byrds","floor":18,"turns":6},{"damage":0,"enemies":"2 Thieves","floor":21,"turns":4},{"damage":0,"enemies":"Book of Stabbing","floor":24,"turns":7},{"damage":0,"enemies":"3 Cultists","floor":28,"turns":4},{"damage":0,"enemies":"Shelled Parasite and Fungi","floor":29,"turns":1},{"damage":0,"enemies":"Centurion and Healer","floor":31,"turns":5},{"damage":0,"enemies":"Automaton","floor":33,"turns":5},{"damage":11,"enemies":"3 Darklings","floor":35,"turns":3},{"damage":0,"enemies":"Orin","floor":36,"turns":5},{"damage":8,"enemies":"Orb Walker","floor":38,"turns":3},{"damage":0,"enemies":"Nemesis","floor":41,"turns":5},{"damage":0,"enemies":"R_Hoarder","floor":44,"turns":8},{"damage":0,"enemies":"4 Shapes","floor":46,"turns":2},{"damage":0,"enemies":"Sphere and 2 Shapes","floor":47,"turns":2},{"damage":0,"enemies":"Maw","floor":48,"turns":5},{"damage":1,"enemies":"Donu and Deca","floor":50,"turns":6},{"damage":156,"enemies":"Donu and Deca","floor":51,"turns":6},{"damage":0,"enemies":"Donu and Deca","floor":52,"turns":1}],"seed_played":"-6379827765901922839","potions_obtained":[{"floor":3,"key":"Regen Potion"},{"floor":6,"key":"blueLaboratory:PyrophylliteBrew"},{"floor":8,"key":"blueLaboratory:FrostheartPotion"},{"floor":16,"key":"blueLaboratory:ExaltedPotion"},{"floor":18,"key":"Weak Potion"},{"floor":41,"key":"FearPotion"}],"is_trial":false,"path_per_floor":["M","?","M","M","?","E","M","E","T","M","R","M","E","$","R","B",null,"M","?","?","M","AVR","R","E","R","T","R","M","M","?","M","R","B",null,"M","?","?","M","?","R","E","R","T","E","?","M","M","M","R_BF","B","M","M"],"character_chosen":"THE_SERVANT","items_purchased":["Luminosity","Dota2Spire:ShivaGuard"],"campfire_rested":0,"item_purchase_floors":[14,14],"current_hp_per_floor":[65,65,65,65,65,45,45,44,44,44,44,44,44,44,44,52,60,60,60,60,60,60,60,60,60,60,60,60,60,60,60,60,60,60,49,49,49,41,41,41,41,41,41,41,41,41,41,41,41,60,60,60,60],"gold":542,"neow_bonus":"THREE_ENEMY_KILL","is_daily":false,"chose_seed":false,"campfire_upgraded":8,"win_rate":0.0,"timestamp":1610996291,"path_taken":["M","?","M","?","?","E","M","E","T","M","R","M","E","?","R","BOSS","M","?","?","M","AVR","R","E","R","T","R","M","?","?","M","R","BOSS","M","?","?","M","?","R","E","R","T","E","?","M","M","?","R_BF","BOSS","M","M"],"items_purchased_type":["Card","Relic"],"build_version":"2020-12-22","purchased_purges":0,"victory":false,"max_hp_per_floor":[65,65,65,65,65,65,65,65,65,65,65,65,65,65,65,65,60,60,60,60,60,60,60,60,60,60,60,60,60,60,60,60,60,60,60,60,60,60,60,60,60,60,60,60,60,60,60,60,60,60,60,60,60],"card_choices":[{"not_picked":["Alleviate","Rearm"],"picked":"TimeWarp","floor":1},{"not_picked":["Replace","Ricochet"],"picked":"ShatteredReality","floor":3},{"not_picked":["DoubleEdge","StarChef"],"picked":"BottledTime","floor":4},{"not_picked":["TimeWarp","TrueSight"],"picked":"InstantArmor","floor":6},{"not_picked":["FastForward","Defy"],"picked":"Barrier","floor":7},{"not_picked":["Shuttle","Alleviate"],"picked":"GearUp","floor":8},{"not_picked":["Hightail","FastForward"],"picked":"FloweringNight","floor":10},{"not_picked":["Sabotage","Gouge"],"picked":"DualDimension","floor":12},{"not_picked":["Rewind","Replace"],"picked":"Solidify","floor":13},{"not_picked":["ForgedInTime","MurderousAura"],"picked":"PendulumOfEternity","floor":16},{"not_picked":["Spin+1","DoubleEdge"],"picked":"FanOfKnives","floor":18},{"not_picked":["Manipulate","Collapse"],"picked":"Replace","floor":21},{"not_picked":["FanOfKnives","Moonlight"],"picked":"Rearm+1","floor":24},{"not_picked":["Hightail+1","Alleviate+1"],"picked":"ShiftingGears","floor":28},{"not_picked":["Snipe","Potential","SurpressingFire"],"picked":"SKIP","floor":29},{"not_picked":["TimeWarp","RealityMarble+1"],"picked":"Replace","floor":31},{"not_picked":["FlawlessForm","Sunlight"],"picked":"Initiator","floor":33},{"not_picked":["SpecialFormula","Revamp+1"],"picked":"BottledTime","floor":35},{"not_picked":["TimeTheft","Starlight+1"],"picked":"TimeWarp","floor":36},{"not_picked":["Jack Of All Trades","Blind"],"picked":"Thinking Ahead","floor":37},{"not_picked":["Defy+1","RealityMarble"],"picked":"Barrier+1","floor":38},{"not_picked":["FastForward+1","Rewind","Spin"],"picked":"SKIP","floor":41},{"not_picked":["Spin+1","Reset"],"picked":"BottledTime","floor":44},{"not_picked":["Alleviate","Potential"],"picked":"BottledTime","floor":46},{"not_picked":["LightFlow","Reset","Ricochet+1"],"picked":"SKIP","floor":47},{"not_picked":["DualDimension","InstantArmor"],"picked":"ShatteredReality+1","floor":48}],"player_experience":580646,"relics_obtained":[{"floor":6,"key":"Dota2Spire:EtherealBlade"},{"floor":8,"key":"StuffTheSpire:PointBlank"},{"floor":9,"key":"Bottled Flame"},{"floor":13,"key":"StuffTheSpire:Barrel"},{"floor":24,"key":"StuffTheSpire:Mouthbags"},{"floor":26,"key":"Matryoshka"},{"floor":36,"key":"CatCart"},{"floor":41,"key":"conspire:DeflatedDodgeball"},{"floor":43,"key":"Bag of Marbles"},{"floor":43,"key":"infinitespire:Bottled Soul"},{"floor":44,"key":"halation:WeightlessCrab"}],"event_choices":[{"cards_removed":["Strike_S"],"damage_healed":0,"gold_gain":0,"player_choice":"Purged","damage_taken":0,"max_hp_gain":0,"max_hp_loss":0,"event_name":"Purifier","floor":2,"gold_loss":0},{"damage_healed":0,"gold_gain":0,"player_choice":"Inject Mutagens","damage_taken":0,"relics_obtained":["MutagenicStrength"],"max_hp_gain":0,"max_hp_loss":0,"event_name":"Drug Dealer","floor":19,"gold_loss":0},{"damage_healed":0,"gold_gain":0,"cards_transformed":["FastForward"],"player_choice":"Transformed","damage_taken":0,"max_hp_gain":0,"max_hp_loss":0,"event_name":"Transmorgrifier","floor":20,"gold_loss":0,"cards_obtained":["TrueSight"]},{"damage_healed":0,"gold_gain":0,"player_choice":"Fight","damage_taken":0,"max_hp_gain":0,"max_hp_loss":0,"event_name":"OrinTheCat","floor":36,"gold_loss":0},{"damage_healed":0,"gold_gain":0,"player_choice":"Memory 1","damage_taken":0,"max_hp_gain":0,"max_hp_loss":0,"event_name":"SensoryStone","floor":37,"gold_loss":0},{"damage_healed":0,"gold_gain":100,"player_choice":"Pray","damage_taken":0,"max_hp_gain":0,"max_hp_loss":0,"event_name":"Golden Shrine","floor":45,"gold_loss":0}],"is_beta":false,"boss_relics":[{"not_picked":["hubris:Stopwatch","hubris:HollowSoul"],"picked":"energizedSpire:HugeHouse"},{"not_picked":["Abe\u0027s Treasure","aspiration:FutureDiary"],"picked":"Coffee Dripper"}],"items_purged_floors":[],"is_endless":false,"potions_floor_spawned":[3,6,8,16,18,29,41,44,46],"killed_by":"Donu and Deca","ascension_level":0}}