{"host":"kvq1t47bkvtg8ho9","time":1610935710,"event":{"mods":["Aspiration","Bard","BaseMod","Beaked The Cultist","Better Sensory Stone","Better Third Choice","BetterRewards","Clockwork Mod","Colored Map","Conspire","Downfall","Energized Spire","Friendly Minions","Hermit","HexUI Lib","Highlight Path","Hubris","Infinite Spire","Minty Spire (QoL Compilation)","READ ME - Guardian Mod","Relic Stats","Somnambulant","StSLib","The Bladedancer","The Bug Knight","The Cursed","The Disciple","The Forsaken","The Jungle","The Marked","The Necromancer","The Runesmith"],"gold_per_floor":[99,119,137,137,137,153,153,19,19,54,154,154,169,188,207,207,207],"floor_reached":16,"language":"ENG","playtime":1075,"items_purged":[],"score":102,"play_id":"af9f2c4d-6bac-4cd3-bb00-29d4cb0fb86e","local_time":"20210117210830","is_ascension_mode":false,"campfire_choices":[{"data":"bronze:Replicate","floor":1,"key":"SMITH"},{"data":"bronze:Format","floor":9,"key":"SMITH"},{"floor":12,"key":"REST"}],"circlet_count":0,"master_deck":["bronze:Strike","bronze:Strike","bronze:Strike","bronze:Defend","bronze:Defend","bronze:Defend","bronze:Defend","bronze:Replicate+1","bronze:Goto","Panacea","bronze:DelayedSlice","bronze:BuggyMess","bronze:Fortify","bronze:Shield","bronze:WildBeam","bronze:Format+1","bronze:DelayedSlice","bronze:Flail","bronze:Branch","bronze:Deprecate","bronze:GetLatest"],"relics":["bronze:BronzeCore","Kunai","Pear"],"acts_visited":["Exordium"],"potions_floor_usage":[10,16],"damage_taken":[{"damage":2,"enemies":"2 Louse","floor":2,"turns":4},{"damage":1,"enemies":"Jaw Worm","floor":3,"turns":3},{"damage":8,"enemies":"Small Slimes","floor":6,"turns":3},{"damage":2,"enemies":"downfall:FleeingMerchant","floor":8,"turns":4},{"damage":10,"enemies":"Lagavulin","floor":10,"turns":4},{"damage":0,"enemies":"Exordium Thugs","floor":13,"turns":2},{"damage":1,"enemies":"Blue Slaver","floor":14,"turns":3},{"damage":0,"enemies":"Gremlin Gang","floor":15,"turns":2},{"damage":79,"enemies":"SI_SHIV_ARCHETYPE","floor":16,"turns":14}],"seed_played":"-7113311328065086152","potions_obtained":[{"floor":3,"key":"hexamod:SoulburnPotion"},{"floor":10,"key":"bronze:BuildAFunctionPotion"}],"is_trial":false,"path_per_floor":["R","M","M","?","?","M","T","$","R","E","?","R","M","M","M","B"],"character_chosen":"THE_AUTOMATON","items_purchased":["bronze:Format","bronze:DelayedSlice"],"campfire_rested":1,"item_purchase_floors":[8,8],"current_hp_per_floor":[70,68,67,67,67,59,59,57,57,57,57,80,80,79,79,0,0],"gold":207,"neow_bonus":"RANDOM_COLORLESS","is_daily":false,"chose_seed":false,"campfire_upgraded":2,"win_rate":0.0,"timestamp":1610935710,"path_taken":["R","M","M","?","?","M","T","$","R","E","?","R","M","M","M","BOSS"],"items_purchased_type":["Card","Card"],"build_version":"2020-12-22","purchased_purges":0,"victory":false,"max_hp_per_floor":[70,70,70,70,70,70,70,70,70,80,80,80,80,80,80,80,80],"relic_stats":{"counters":[9,39],"Kunai":[10],"obtain_stats":[{"bronze:BronzeCore":0,"Pear":10,"Kunai":7},{"bronze:BronzeCore":0,"Pear":5,"Kunai":3},{"bronze:BronzeCore":0,"Pear":18,"Kunai":10}]},"card_choices":[{"not_picked":["Blind","Flash of Steel"],"picked":"Panacea","floor":0},{"not_picked":["bronze:Flail","bronze:FineTuning"],"picked":"bronze:DelayedSlice","floor":2},{"not_picked":["bronze:Frontload","bronze:FineTuning"],"picked":"bronze:BuggyMess","floor":3},{"not_picked":["bronze:Overheat","bronze:DigitalCarnage"],"picked":"bronze:Shield","floor":6},{"not_picked":["bronze:BitShift","bronze:Philosophize"],"picked":"bronze:WildBeam","floor":8},{"not_picked":["bronze:WildBeam","bronze:Turbo"],"picked":"bronze:Flail","floor":10},{"not_picked":["bronze:BuggyMess","bronze:Invalidate"],"picked":"bronze:Branch","floor":13},{"not_picked":["bronze:Backtrace","bronze:OilSpill"],"picked":"bronze:Deprecate","floor":14},{"not_picked":["bronze:WhirlingStrike","bronze:Assembly"],"picked":"bronze:GetLatest","floor":15}],"player_experience":787234,"relics_obtained":[{"floor":7,"key":"Kunai"},{"floor":10,"key":"Pear"}],"event_choices":[{"damage_healed":0,"gold_gain":100,"player_choice":"Gold","damage_taken":0,"max_hp_gain":0,"max_hp_loss":0,"event_name":"Wheel of Change","floor":11,"gold_loss":0}],"is_beta":false,"boss_relics":[],"items_purged_floors":[],"is_endless":false,"potions_floor_spawned":[3,10],"killed_by":"SI_SHIV_ARCHETYPE","ascension_level":0}}