{"host":"aqym1xxr3lb31d9m","time":1610944476,"event":{"mods":["BaseMod","Block Reminder","Colored Map","Colored Powertips","DeckTracker","Highlight Path","Minty Spire (QoL Compilation)","Quick Restart","Random Character Button","StSLib","SuperFastMode","UnlockEverythingMod"],"gold_per_floor":[15,15,15,15,39,39,62,93,93,37,37,37,37,78,78,78,78],"floor_reached":16,"language":"JPN","playtime":1918,"items_purged":[],"score":212,"play_id":"63ca5bcf-9eaa-4403-924d-c67014ebc18c","local_time":"20210118133436","is_ascension_mode":true,"campfire_choices":[{"data":"Mayhem","floor":6,"key":"SMITH"},{"data":"Neutralize","floor":12,"key":"SMITH"},{"data":"Survivor","floor":15,"key":"SMITH"}],"circlet_count":0,"master_deck":["AscendersBane","Strike_G","Strike_G","Strike_G","Strike_G","Strike_G","Defend_G+1","Defend_G","Defend_G+1","Defend_G","Defend_G","Survivor+1","Neutralize+1","Mayhem+1","Underhanded Strike","Sucker Punch+1","Dagger Spray","Dagger Throw","Underhanded Strike"],"relics":["Ring of the Snake","Golden Idol","Vajra","Mummified Hand","War Paint"],"acts_visited":["Exordium"],"potions_floor_usage":[8,8,16],"damage_taken":[{"damage":0,"enemies":"Jaw Worm","floor":1,"turns":5},{"damage":3,"enemies":"Small Slimes","floor":5,"turns":5},{"damage":0,"enemies":"Cultist","floor":7,"turns":4},{"damage":8,"enemies":"Gremlin Nob","floor":8,"turns":3},{"damage":15,"enemies":"Lagavulin","floor":14,"turns":6},{"damage":33,"enemies":"The Guardian","floor":16,"turns":7}],"seed_played":"4637260881486805976","potions_obtained":[{"floor":1,"key":"Poison Potion"},{"floor":7,"key":"Fire Potion"}],"is_trial":false,"path_per_floor":["M","?","?","$","M","R","M","E","T","$","?","R","$","E","R","B"],"character_chosen":"THE_SILENT","items_purchased":["Fire Potion"],"campfire_rested":0,"item_purchase_floors":[10],"current_hp_per_floor":[59,59,59,59,56,56,56,48,48,48,48,48,48,33,33,0,0],"gold":78,"neow_bonus":"RANDOM_COLORLESS_2","is_daily":false,"chose_seed":false,"campfire_upgraded":3,"win_rate":0.0,"timestamp":1610944476,"path_taken":["M","?","?","$","?","R","M","E","T","?","?","R","$","E","R","BOSS"],"items_purchased_type":["Potion"],"build_version":"2020-12-22","purchased_purges":0,"victory":false,"max_hp_per_floor":[66,60,60,60,60,60,60,60,60,60,60,60,60,60,60,60,60],"card_choices":[{"not_picked":["Transmutation","Secret Technique"],"picked":"Mayhem","floor":0},{"not_picked":["Acrobatics","Caltrops"],"picked":"Underhanded Strike","floor":1},{"not_picked":["Prepared","Flying Knee"],"picked":"Sucker Punch","floor":5},{"not_picked":["Outmaneuver","Tactician"],"picked":"Dagger Spray","floor":7},{"not_picked":["Expertise","Deflect"],"picked":"Dagger Throw","floor":8},{"not_picked":["Dagger Spray","Finisher"],"picked":"Underhanded Strike","floor":14}],"player_experience":3916837,"relics_obtained":[{"floor":8,"key":"Vajra"},{"floor":9,"key":"Mummified Hand"},{"floor":14,"key":"War Paint"}],"event_choices":[{"damage_healed":0,"gold_gain":0,"player_choice":"Lose Max HP","damage_taken":0,"relics_obtained":["Golden Idol"],"max_hp_gain":0,"max_hp_loss":6,"event_name":"Golden Idol","floor":2,"gold_loss":0},{"damage_healed":0,"gold_gain":0,"player_choice":"0 cards matched","damage_taken":0,"max_hp_gain":0,"max_hp_loss":0,"event_name":"Match and Keep!","floor":3,"gold_loss":0,"cards_obtained":[]},{"damage_healed":0,"gold_gain":0,"player_choice":"Upgraded","damage_taken":0,"max_hp_gain":0,"max_hp_loss":0,"event_name":"Upgrade Shrine","floor":11,"gold_loss":0,"cards_upgraded":["Sucker Punch"]}],"is_beta":false,"boss_relics":[],"items_purged_floors":[],"is_endless":false,"potions_floor_spawned":[1,7],"killed_by":"The Guardian","ascension_level":20}}