{"host":"w4b7hmige5bnqipq","time":1610982473,"event":{"mods":["2.2 Compatiblity","BaseMod","Colored Map","DeckTracker","Keyboard Shortcuts","Minty Spire (QoL Compilation)","Permanent Neow","Rare Cards Sparkle","SuperFastMode","everything is the same but u backflip on backflip","slay the spire mod where everything is the same but ironclad has a cowboy hat"],"gold_per_floor":[119,133,145,145,195,195,215,215,241,273,287,302,302,315,315,315,315],"floor_reached":16,"language":"KOR","playtime":451,"items_purged":[],"score":208,"play_id":"796abf09-abfd-43a6-a3ad-7609b4f6ca6c","local_time":"20210118230753","is_ascension_mode":true,"campfire_choices":[{"data":"Deadly Poison","floor":6.0,"key":"SMITH"},{"data":"Neutralize","floor":8.0,"key":"SMITH"},{"floor":15,"key":"REST"}],"circlet_count":0,"master_deck":["AscendersBane","Strike_G","Strike_G","Strike_G","Strike_G","Defend_G","Defend_G","Defend_G","Defend_G","Survivor","Neutralize+1","Calculated Gamble","Deadly Poison+1","Reflex","Backflip","Riddle With Holes","Bouncing Flask"],"relics":["Ring of the Snake","Art of War","Blood Vial"],"acts_visited":["Exordium"],"potions_floor_usage":[16],"damage_taken":[{"damage":0.0,"enemies":"2 Louse","floor":1.0,"turns":3.0},{"damage":20.0,"enemies":"Jaw Worm","floor":2.0,"turns":9.0},{"damage":0.0,"enemies":"Cultist","floor":3.0,"turns":3.0},{"damage":3.0,"enemies":"Looter","floor":7.0,"turns":3.0},{"damage":24.0,"enemies":"3 Sentries","floor":10.0,"turns":10.0},{"damage":6.0,"enemies":"Large Slime","floor":11.0,"turns":8.0},{"damage":1.0,"enemies":"Blue Slaver","floor":12.0,"turns":3.0},{"damage":5,"enemies":"Gremlin Gang","floor":14,"turns":6},{"damage":28,"enemies":"Slime Boss","floor":16,"turns":3}],"seed_played":"8835066423313488124","potions_obtained":[{"floor":3.0,"key":"Explosive Potion"},{"floor":7.0,"key":"LiquidMemories"},{"floor":11.0,"key":"DuplicationPotion"}],"is_trial":false,"path_per_floor":["M","M","M","?","?","R","M","R","T","E","M","M","?","M","R","B"],"character_chosen":"THE_SILENT","items_purchased":[],"campfire_rested":1,"item_purchase_floors":[],"current_hp_per_floor":[59,39,39,39,39,39,36,36,36,12,8,9,9,6,24,0,0],"gold":315,"neow_bonus":"REMOVE_TWO","is_daily":false,"chose_seed":false,"campfire_upgraded":2,"win_rate":0.0,"timestamp":1610982473,"path_taken":["M","M","M","?","?","R","?","R","T","E","M","M","?","M","R","BOSS"],"items_purchased_type":[],"build_version":"2020-12-22","purchased_purges":0,"victory":false,"max_hp_per_floor":[60,60,60,60,60,60,60,60,60,60,60,60,60,60,60,60,60],"card_choices":[{"not_picked":["Bane","Prepared"],"picked":"Calculated Gamble","floor":1.0},{"not_picked":["Poisoned Stab","Slice"],"picked":"Deadly Poison","floor":2.0},{"not_picked":["Poisoned Stab","Bouncing Flask"],"picked":"Reflex","floor":3.0},{"not_picked":["Slice","Choke","Backstab"],"picked":"SKIP","floor":7.0},{"not_picked":["Dodge and Roll","Quick Slash"],"picked":"Backflip","floor":10.0},{"not_picked":["Dagger Throw","Poisoned Stab"],"picked":"Riddle With Holes","floor":11.0},{"not_picked":["Blade Dance","Footwork","Quick Slash"],"picked":"SKIP","floor":12.0},{"not_picked":["Slice","Deadly Poison"],"picked":"Bouncing Flask","floor":14}],"player_experience":513400,"relics_obtained":[{"floor":9.0,"key":"Art of War"},{"floor":10.0,"key":"Blood Vial"}],"event_choices":[{"damage_healed":0.0,"max_hp_gain":0.0,"max_hp_loss":0.0,"gold_gain":0.0,"event_name":"Scrap Ooze","player_choice":"Fled","floor":4.0,"gold_loss":0.0,"damage_taken":0.0},{"damage_healed":0.0,"max_hp_gain":0.0,"max_hp_loss":0.0,"gold_gain":50.0,"event_name":"Golden Shrine","player_choice":"Pray","floor":5.0,"gold_loss":0.0,"damage_taken":0.0},{"damage_healed":0.0,"max_hp_gain":0.0,"max_hp_loss":0.0,"gold_gain":0.0,"event_name":"Shining Light","player_choice":"Ignored","floor":13.0,"gold_loss":0.0,"damage_taken":0.0}],"is_beta":false,"boss_relics":[],"items_purged_floors":[],"is_endless":false,"potions_floor_spawned":[3,7,11],"killed_by":"Slime Boss","ascension_level":20}}