{"host":"7gewg82ormp6yt4e","time":1610975831,"event":{"mods":["BaseMod","Block Reminder","Colored Map","Colored Powertips","DeckTracker","Highlight Path","Minty Spire (QoL Compilation)","Relic Stats","StSLib","ojb\u0027s Info Mod"],"gold_per_floor":[16,34,34,48,60,60,94,94,94,109,109,144,144,144,144,221,221,233,233,249,249,279,279,279,279],"floor_reached":24,"language":"JPN","playtime":922,"items_purged":[],"score":533,"play_id":"157f688e-c8af-4836-80c9-318bf1afd465","local_time":"20210118221711","is_ascension_mode":true,"campfire_choices":[{"data":"Streamline","floor":6,"key":"SMITH"},{"data":"Sweeping Beam","floor":8,"key":"SMITH"},{"data":"Beam Cell","floor":11,"key":"SMITH"},{"floor":15,"key":"REST"},{"data":"Hyperbeam","floor":23,"key":"SMITH"}],"circlet_count":0,"master_deck":["AscendersBane","Strike_B","Strike_B","Strike_B","Strike_B+1","Defend_B","Defend_B","Defend_B","Defend_B+1","Zap","Dualcast","Cold Snap","Rip and Tear+1","Streamline+1","Beam Cell+1","Sweeping Beam+1","Conserve Battery","Self Repair","Hyperbeam+1","Glacier","Recycle"],"relics":["Cracked Core","Mummified Hand","Sundial","Omamori","Snecko Eye","Red Mask"],"acts_visited":["Exordium","TheCity"],"potions_floor_usage":[7,12,12,16,16,22],"damage_taken":[{"damage":4,"enemies":"Jaw Worm","floor":1,"turns":4},{"damage":4,"enemies":"Cultist","floor":2,"turns":3},{"damage":0,"enemies":"2 Louse","floor":4,"turns":2},{"damage":3,"enemies":"Exordium Wildlife","floor":5,"turns":2},{"damage":10,"enemies":"Lagavulin","floor":7,"turns":5},{"damage":0,"enemies":"Large Slime","floor":10,"turns":2},{"damage":13,"enemies":"3 Sentries","floor":12,"turns":4},{"damage":0,"enemies":"Slime Boss","floor":16,"turns":5},{"damage":0,"enemies":"Chosen","floor":18,"turns":2},{"damage":2,"enemies":"Spheric Guardian","floor":20,"turns":3},{"damage":2,"enemies":"Masked Bandits","floor":22,"turns":2},{"damage":61,"enemies":"Gremlin Leader","floor":24,"turns":5}],"seed_played":"7793592184261832584","potions_obtained":[{"floor":5,"key":"Weak Potion"},{"floor":7,"key":"EntropicBrew"},{"floor":12,"key":"LiquidMemories"},{"floor":18,"key":"SkillPotion"}],"is_trial":false,"path_per_floor":["M","M","?","M","M","R","E","R","T","M","R","E","$","?","R","B",null,"M","?","M","?","?","R","E"],"character_chosen":"DEFECT","items_purchased":[],"campfire_rested":1,"item_purchase_floors":[],"current_hp_per_floor":[74,70,70,70,67,67,57,57,57,57,57,44,44,18,43,43,75,82,82,85,60,58,58,0,0],"gold":279,"neow_bonus":"TWENTY_PERCENT_HP_BONUS","is_daily":false,"chose_seed":false,"campfire_upgraded":4,"win_rate":0.0,"timestamp":1610975831,"path_taken":["M","M","?","?","M","R","E","R","T","M","R","E","?","?","R","BOSS","M","?","M","?","?","R","E"],"items_purchased_type":[],"build_version":"2020-12-22","purchased_purges":0,"victory":false,"max_hp_per_floor":[85,85,85,85,85,85,85,85,85,85,85,85,85,85,85,85,85,85,85,85,90,90,90,90,90],"relic_stats":{"counters":[12,39],"Mummified Hand":[5],"Sundial":[2],"Snecko Eye":[21,25,19,19],"obtain_stats":[{"Mummified Hand":7,"Sundial":9,"Snecko Eye":17,"Omamori":12,"Red Mask":22,"Cracked Core":0},{"Mummified Hand":5,"Sundial":5,"Snecko Eye":8,"Omamori":7,"Red Mask":11,"Cracked Core":0},{"Mummified Hand":16,"Sundial":16,"Snecko Eye":27,"Omamori":22,"Red Mask":34,"Cracked Core":0}]},"card_choices":[{"not_picked":["Steam","Hologram"],"picked":"Cold Snap","floor":1},{"not_picked":["Capacitor","Coolheaded"],"picked":"Rip and Tear","floor":2},{"not_picked":["Reprogram","Go for the Eyes"],"picked":"Streamline","floor":4},{"not_picked":["Machine Learning","Go for the Eyes"],"picked":"Beam Cell","floor":5},{"not_picked":["Gash","Compile Driver"],"picked":"Sweeping Beam","floor":7},{"not_picked":["Beam Cell","Stack"],"picked":"Conserve Battery","floor":10},{"not_picked":["Stack","Compile Driver"],"picked":"Self Repair","floor":12},{"not_picked":["Machine Learning","Echo Form"],"picked":"Hyperbeam","floor":16},{"not_picked":["Conserve Battery","Leap","Rebound"],"picked":"SKIP","floor":18},{"not_picked":["Rebound+1","Steam+1"],"picked":"Recycle","floor":20}],"player_experience":2616371,"relics_obtained":[{"floor":7,"key":"Mummified Hand"},{"floor":9,"key":"Sundial"},{"floor":12,"key":"Omamori"},{"floor":22,"key":"Red Mask"}],"event_choices":[{"damage_healed":0,"gold_gain":0,"player_choice":"Upgraded","damage_taken":0,"max_hp_gain":0,"max_hp_loss":0,"event_name":"Upgrade Shrine","floor":3,"gold_loss":0,"cards_upgraded":["Rip and Tear"]},{"damage_healed":0,"gold_gain":0,"player_choice":"Entered Light","damage_taken":26,"max_hp_gain":0,"max_hp_loss":0,"event_name":"Shining Light","floor":14,"gold_loss":0,"cards_upgraded":["Defend_B","Strike_B"]},{"damage_healed":0,"gold_gain":0,"player_choice":"Read","damage_taken":0,"max_hp_gain":0,"max_hp_loss":0,"event_name":"The Library","floor":19,"gold_loss":0,"cards_obtained":["Glacier"]},{"damage_healed":0,"gold_gain":0,"player_choice":"Shed Blood","damage_taken":30,"max_hp_gain":5,"max_hp_loss":0,"event_name":"Forgotten Altar","floor":21,"gold_loss":0},{"damage_healed":0,"gold_gain":0,"player_choice":"Fought Bandits","damage_taken":0,"max_hp_gain":0,"max_hp_loss":0,"event_name":"Masked Bandits","floor":22,"gold_loss":0}],"is_beta":false,"boss_relics":[{"not_picked":["Velvet Choker","Tiny House"],"picked":"Snecko Eye"}],"items_purged_floors":[],"is_endless":false,"potions_floor_spawned":[5,7,12,18],"killed_by":"Gremlin Leader","ascension_level":20}}