{"host":"2zc57igszyqgae0y","time":1610962036,"event":{"mods":["ATMod(°¢èªMod)","Act Like it!","Aspiration","BaseMod","CapriCore","Chen","Gensokyo","GifTheSpireLib","Koishi","KomeijiMod","Luminous","Marisa£¨ìFÓê¡¡Ä§ÀíÉ³£©","Minty Spire (QoL Compilation)","Quick Restart","Rare Cards Sparkle","Reimu£¨²©ÀöÁéÃÎ£©","Remilia£¨ÀÙÃ×ÀòÑÇ£©","Replay The Spire","RumiaBox-Â¶Ã×æ«µÄÉñÃØºÐ×Ó","SIMod","Shop Mod","StSLib","The Administrix","The Immortal","The Servant 0.9.4","Yakumo Yukari mod","Youmu£¨»êÆÇÑýÃÎ£©","Yuyuko","[GremlinLeader]The Maniac","[IsaacMod]ÒÔÈö¼âËþ","vexMod"],"gold_per_floor":[109,109,129,0,0,325,339,356,356,356,506,518,618,637,637,814,814,834,834,25,25,25,151,151,0,0,0,133,133,152,68,68,244,244,264,264,264,0,0,0,126,126,126,126,126,252,291,305,40,50,50,326,600,600,610,610,885,895,910,1242,1242,1269,1342,1342,736,755,755,755,755,831,831,847,847,847],"floor_reached":73,"language":"ZHS","playtime":3016,"items_purged":["Doubt","Strike_B","Regret"],"score":3258,"play_id":"e4ff37c5-fc32-4e09-9e91-70b19c690c5c","local_time":"20210118172716","is_ascension_mode":true,"campfire_choices":[{"floor":10.0,"key":"REST"},{"floor":15.0,"key":"REST"},{"data":"Defragment","floor":24.0,"key":"SMITH"},{"floor":32.0,"key":"DIG"},{"data":"AT_WaterDrop","floor":40.0,"key":"SMITH"},{"data":"Echo Form","floor":42.0,"key":"SMITH"},{"data":"Distribution","floor":61.0,"key":"SMITH"},{"floor":64.0,"key":"REST"},{"floor":67.0,"key":"REST"},{"floor":69,"key":"REST"}],"circlet_count":0,"master_deck":["Zap","Dualcast","EpicFetus+1","AT_FamilyPortrait","BootSequence","Capacitor","AT_WaterDrop+1","Coolheaded","Echo Form+1","Electrodynamics","The Bomb","Defragment+1","Undo+1","AT_RobotInSpace","Distribution+1","Cold Snap","Blizzard","Skim","Confused","Seek","Core Surge","Fan","Gash","Aggregate","Amplify","Steam Power","AT_StudyProgram","Gash","Glacier","Buffer","Hello World+1","Storm"],"relics":["Cracked Core","HushsDoor","AT_ATBox","MaYiHuaBei","AT_TheCollector","D6","Simple Rune","Snecko Eye","MarkOfWind","ReplayTheSpireMod:ShopPack","CaptainsWheel","Replay:Kaleidoscope","aspiration:AnachronicSnailShell","Runic Capacitor","PureWhite:ReiMu","Replay:Wax Seal","ChewingGum","Prayer Wheel","Whetstone","Carrot","DeadEye","vexMod:PlasmaPancake","HornCleat","Orichalcum","AT_TimeSand","Pandora\u0027s Box","ZombieArmy","aspiration:StickyExplosives_weak","Strange Spoon","HoshigumaDish","AT_BladeRuinedKing","Replay:Grab Bag"],"acts_visited":["Exordium","TheCity","TheBeyond","Exordium","TheCity"],"potions_floor_usage":[],"damage_taken":[{"damage":14.0,"enemies":"Jaw Worm","floor":1.0,"turns":4.0},{"damage":0.0,"enemies":"Cultist","floor":3.0,"turns":3.0},{"damage":29.0,"enemies":"3 Sentries","floor":6.0,"turns":4.0},{"damage":0.0,"enemies":"Small Slimes","floor":7.0,"turns":2.0},{"damage":1.0,"enemies":"Looter","floor":8.0,"turns":4.0},{"damage":17.0,"enemies":"3 Louse","floor":12.0,"turns":5.0},{"damage":0.0,"enemies":"2 Fungi Beasts","floor":14.0,"turns":2.0},{"damage":0.0,"enemies":"Slime Boss","floor":16.0,"turns":4.0},{"damage":16.0,"enemies":"Chosen","floor":18.0,"turns":5.0},{"damage":8.0,"enemies":"Gremlin Leader","floor":23.0,"turns":5.0},{"damage":30.0,"enemies":"Slavers","floor":28.0,"turns":5.0},{"damage":1.0,"enemies":"3 Byrds","floor":30.0,"turns":3.0},{"damage":0.0,"enemies":"Automaton","floor":33.0,"turns":4.0},{"damage":0.0,"enemies":"3 Shapes","floor":35.0,"turns":5.0},{"damage":0.0,"enemies":"R_Hoarder","floor":41.0,"turns":7.0},{"damage":0.0,"enemies":"Giant Head","floor":46.0,"turns":6.0},{"damage":0.0,"enemies":"Orb Walker","floor":47.0,"turns":4.0},{"damage":0.0,"enemies":"Sphere and 2 Shapes","floor":48.0,"turns":3.0},{"damage":0.0,"enemies":"4 Shapes","floor":50.0,"turns":2.0},{"damage":59.0,"enemies":"Awakened One","floor":52.0,"turns":9.0},{"damage":0.0,"enemies":"Donu and Deca","floor":53.0,"turns":7.0},{"damage":0.0,"enemies":"Small Slimes","floor":55.0,"turns":2.0},{"damage":3.0,"enemies":"Cultist","floor":58.0,"turns":2.0},{"damage":0.0,"enemies":"Jaw Worm","floor":59.0,"turns":3.0},{"damage":11.0,"enemies":"3 Sentries","floor":60.0,"turns":3.0},{"damage":23.0,"enemies":"Gremlin Nob","floor":62.0,"turns":4.0},{"damage":22.0,"enemies":"Exordium Thugs","floor":66.0,"turns":2.0},{"damage":0,"enemies":"Fading Forest","floor":70,"turns":13},{"damage":0,"enemies":"2 Thieves","floor":72,"turns":2},{"damage":87,"enemies":"Masked Bandits","floor":73,"turns":3}],"seed_played":"7840381430322070940","potions_obtained":[{"floor":3.0,"key":"CalmPotion"},{"floor":6.0,"key":"Reflective Coating"},{"floor":7.0,"key":"Swift Potion"},{"floor":23.0,"key":"FearPotion"},{"floor":29.0,"key":"EntropicBrew"},{"floor":47.0,"key":"PowerPotion"},{"floor":52.0,"key":"Reflective Coating"},{"floor":53.0,"key":"GrandPatriotsElixir:ReiMu"},{"floor":55.0,"key":"Weak Potion"},{"floor":59.0,"key":"Energy Potion"}],"is_trial":true,"path_per_floor":["M","?","M","$","?","E","M","M","T","R","?","M","?","M","R","B",null,"M","?","$","?","?","E","R","$","T","?","E","?","M","$","R","B",null,"M","?","?","$","?","R","E","R","PTL","PTL","T","E","M","M","$","M","R","B","B",null,"M","?","?","M","M","E","R","E","T","R","$","M","R","?","R","B",null,"M","?"],"character_chosen":"DEFECT","items_purchased":["Capacitor","AT_TheCollector","Electrodynamics","ReplayTheSpireMod:ShopPack","CaptainsWheel","Replay:Kaleidoscope","Runic Capacitor","AT_RobotInSpace","Whetstone","Carrot","AT_TimeSand","Blizzard","Strange Spoon","HoshigumaDish","AT_BladeRuinedKing"],"campfire_rested":5,"item_purchase_floors":[4,4,17,20,20,20,25,31,38,38,49,49,65,65,65],"current_hp_per_floor":[54,54,54,54,54,25,25,24,24,45,45,28,28,28,49,49,63,47,47,47,47,67,59,59,59,59,59,29,29,28,28,28,28,57,57,57,57,57,57,57,63,63,63,63,63,63,63,63,63,63,63,4,4,56,56,56,56,53,53,42,42,19,19,40,40,18,39,39,60,68,72,72,0,0],"gold":847,"neow_bonus":"","is_daily":false,"chose_seed":false,"campfire_upgraded":4,"win_rate":0.0,"timestamp":1610962036,"path_taken":["M","?","M","$","?","E","M","M","T","R","?","M","?","M","R","BOSS","M","?","$","?","?","E","R","$","T","?","E","?","?","?","R","BOSS","M","?","?","$","?","R","E","R","PTL","PTL","T","E","M","?","$","M","R","BOSS","BOSS","M","?","?","M","M","E","R","E","T","R","$","M","R","?","R","BOSS","M","?"],"items_purchased_type":["Card","Relic","Card","Relic","Relic","Relic","Relic","Card","Relic","Relic","Relic","Card","Relic","Relic","Relic"],"build_version":"2020-12-22","purchased_purges":3,"victory":false,"max_hp_per_floor":[71,71,71,71,71,71,71,71,71,71,71,71,71,71,71,71,67,67,67,67,67,67,67,67,67,67,67,67,67,67,67,67,67,67,67,67,67,67,67,67,73,73,73,73,73,73,73,73,73,73,73,73,73,73,73,73,73,73,73,73,73,73,73,73,73,73,73,73,73,73,73,73,73,73],"card_choices":[{"not_picked":[],"picked":"EpicFetus","floor":0.0},{"not_picked":["BasicCrystalCard","Skim"],"picked":"BootSequence","floor":1.0},{"not_picked":["Beam Cell","Barrage","Leap"],"picked":"SKIP","floor":3.0},{"not_picked":["Double Energy","Go for the Eyes"],"picked":"AT_WaterDrop","floor":6.0},{"not_picked":["Sweeping Beam","Capacitor","Compile Driver"],"picked":"SKIP","floor":7.0},{"not_picked":["Undo","Doom and Gloom","Fan"],"picked":"SKIP","floor":8.0},{"not_picked":["Steam","ElectricPowerLearning"],"picked":"Coolheaded","floor":12.0},{"not_picked":["Gash","Steam"],"picked":"Bomb","floor":13.0},{"not_picked":["Go for the Eyes","Hello World","Rebound"],"picked":"SKIP","floor":14.0},{"not_picked":["All For One","Buffer"],"picked":"Echo Form","floor":16.0},{"not_picked":["ReplayTheSpireMod:Repulse+1","Coolheaded","ReplayGash"],"picked":"SKIP","floor":18.0},{"not_picked":["vexMod:StairwayStrike","Crow Ritual"],"picked":"The Bomb","floor":20.0},{"not_picked":["Coolheaded","FIFO Queue"],"picked":"Defragment","floor":23.0},{"not_picked":["Darkness+1","Redo","Cold Snap"],"picked":"SKIP","floor":28.0},{"not_picked":["Doom and Gloom","Gash"],"picked":"Undo+1","floor":30.0},{"not_picked":["Biased Cognition","Thunder Strike"],"picked":"ReplayTheSpireMod:Fabricate Wheel","floor":33.0},{"not_picked":["Barrage","Streamline+1"],"picked":"Distribution","floor":35.0},{"not_picked":["Rip and Tear","Sweeping Beam","Pulse"],"picked":"SKIP","floor":35.0},{"not_picked":["Hyperbeam","Aggregate","Storm"],"picked":"SKIP","floor":41.0},{"not_picked":["Rebound","Undo+1","BasicCrystalCard"],"picked":"SKIP","floor":46.0},{"not_picked":["ReplayTheSpireMod:Repulse","Go for the Eyes","Beam Cell"],"picked":"SKIP","floor":47.0},{"not_picked":["Lockon+1","Barrage+1","Fusion"],"picked":"SKIP","floor":47.0},{"not_picked":["FIFO Queue","Barrage+1"],"picked":"Cold Snap","floor":48.0},{"not_picked":["Capacitor","Go for the Eyes","ReplayGash"],"picked":"SKIP","floor":48.0},{"not_picked":["Crystallizer","AT_EMC2"],"picked":"Skim","floor":50.0},{"not_picked":["Coolheaded","Pulse","Chill"],"picked":"SKIP","floor":50.0},{"not_picked":["Reboot","ReplayTheSpireMod:Fabricate Wheel"],"picked":"Seek","floor":52.0},{"not_picked":["ReplayTheSpireMod:Fabricate Wheel","ReplayRNGCard"],"picked":"Core Surge","floor":53.0},{"not_picked":["Turbo","Hologram"],"picked":"Gash","floor":55.0},{"not_picked":["Coolheaded","Sweeping Beam","Beam Cell"],"picked":"SKIP","floor":55.0},{"not_picked":["Beam Cell","Fan","Skim"],"picked":"SKIP","floor":58.0},{"not_picked":["Hologram","Ball Lightning","Stack"],"picked":"SKIP","floor":58.0},{"not_picked":["BootSequence","Redo"],"picked":"Glacier","floor":59.0},{"not_picked":["Sunder","Streamline","Beam Cell"],"picked":"SKIP","floor":59.0},{"not_picked":["BasicCrystalCard","Double Energy","ReplaySort"],"picked":"SKIP","floor":60.0},{"not_picked":["ReplaySort","ReplayTheSpireMod:System Scan"],"picked":"Buffer","floor":62.0},{"not_picked":["Streamline","Melter","Turbo"],"picked":"SKIP","floor":66.0},{"not_picked":["Rip and Tear","ReplaySort","Fan"],"picked":"SKIP","floor":66.0},{"not_picked":["Sweeping Beam","Rebound"],"picked":"Hello World+1","floor":72},{"not_picked":["Hologram","Redo"],"picked":"Storm","floor":72}],"player_experience":387740,"relics_obtained":[{"floor":6.0,"key":"D6"},{"floor":9.0,"key":"Simple Rune"},{"floor":23.0,"key":"aspiration:AnachronicSnailShell"},{"floor":26.0,"key":"PureWhite:ReiMu"},{"floor":32.0,"key":"Replay:Wax Seal"},{"floor":39.0,"key":"DeadEye"},{"floor":41.0,"key":"vexMod:PlasmaPancake"},{"floor":45.0,"key":"HornCleat"},{"floor":46.0,"key":"Orichalcum"},{"floor":63.0,"key":"aspiration:StickyExplosives_weak"}],"event_choices":[{"damage_healed":0.0,"max_hp_gain":0.0,"max_hp_loss":0.0,"gold_gain":0.0,"event_name":"Living Wall","player_choice":"Grow","floor":5.0,"gold_loss":0.0,"damage_taken":0.0,"cards_upgraded":["EpicFetus"]},{"damage_healed":0.0,"max_hp_gain":0.0,"max_hp_loss":0.0,"gold_gain":150.0,"event_name":"Liars Game","player_choice":"AGREE","floor":11.0,"gold_loss":0.0,"damage_taken":0.0,"cards_obtained":["Doubt"]},{"damage_healed":0.0,"max_hp_gain":0.0,"max_hp_loss":0.0,"gold_gain":0.0,"event_name":"Vampires","player_choice":"Ignored","floor":21.0,"gold_loss":0.0,"damage_taken":0.0},{"damage_healed":20.0,"max_hp_gain":0.0,"max_hp_loss":0.0,"gold_gain":0.0,"event_name":"Wheel of Change","player_choice":"Full Heal","floor":22.0,"gold_loss":0.0,"damage_taken":0.0},{"damage_healed":0.0,"max_hp_gain":0.0,"max_hp_loss":0.0,"gold_gain":0.0,"event_name":"Lab","player_choice":"Got Potions","floor":29.0,"gold_loss":0.0,"damage_taken":0.0},{"cards_removed":["Strike_B"],"damage_healed":0.0,"max_hp_gain":0.0,"max_hp_loss":0.0,"gold_gain":0.0,"event_name":"Falling","player_choice":"Removed Attack","floor":36.0,"gold_loss":0.0,"damage_taken":0.0},{"damage_healed":0.0,"max_hp_gain":0.0,"max_hp_loss":0.0,"gold_gain":0.0,"event_name":"SecretPortal","player_choice":"Ignored","floor":37.0,"gold_loss":0.0,"damage_taken":0.0},{"damage_healed":0.0,"max_hp_gain":0.0,"max_hp_loss":0.0,"gold_gain":0.0,"event_name":"Wheel of Change","player_choice":"Relic","floor":39.0,"gold_loss":0.0,"damage_taken":0.0},{"damage_healed":0.0,"max_hp_gain":0.0,"max_hp_loss":0.0,"gold_gain":0.0,"event_name":"WeMeetAgain","player_choice":"Gave Potion","floor":56.0,"gold_loss":0.0,"damage_taken":0.0,"relics_obtained":["ZombieArmy"]},{"damage_healed":0.0,"max_hp_gain":0.0,"max_hp_loss":0.0,"gold_gain":275.0,"event_name":"Golden Shrine","player_choice":"Desecrate","floor":57.0,"gold_loss":0.0,"damage_taken":0.0,"cards_obtained":["Regret"]},{"damage_healed":0,"gold_gain":0,"player_choice":"Fought Bandits","damage_taken":0,"max_hp_gain":0,"max_hp_loss":0,"event_name":"Masked Bandits","floor":73,"gold_loss":0}],"is_beta":false,"boss_relics":[{"not_picked":["SlaversCollar","aspiration:RunicSpoon"],"picked":"Snecko Eye"},{"not_picked":[]},{"not_picked":["EasyGame_NEW","vexMod:MysteryBossChallenge"],"picked":"ChewingGum"},{"not_picked":[]},{"not_picked":["Ring of Chaos","Philosopher\u0027s Stone"],"picked":"Pandora\u0027s Box"},{"not_picked":[]},{"not_picked":["Black Star","Runic Dome"],"picked":"Replay:Grab Bag"},{"not_picked":[]}],"items_purged_floors":[25,38,65],"is_endless":true,"potions_floor_spawned":[3,6,7,23,30,47,48,52,53,55,59,60,70],"killed_by":"Masked Bandits","ascension_level":20}}