{"host":"farxtl2u8hmkbdo2","time":1610935931,"event":{"mods":["A Magickal Journey","BaseMod","Challenge The Spire","Colored Map","Colored Powertips","Current Relic Mod","Energized Spire","Gremlin Mod","Hubris","Mimic Mod","Minty Spire (QoL Compilation)","Quick Restart","READ ME - Guardian Mod","READ ME - Snecko Mod","StSLib","The Bladedancer","The Bug Knight","The Disciple","The Elementalist","The Factory","The Necromancer","The Runesmith"],"gold_per_floor":[116,191,204,224,224,224,239,239,239,280,280,316,316,654,654,773,773,794,102,102,118,141,174,174,212,236,236,12,12,12,112,112,217,217,230,248,248,248,248,248,278,33,56,82,147,340,340,465,465,465,465],"floor_reached":50,"language":"SPA","playtime":3827,"items_purged":[],"score":918,"play_id":"91f1bf78-c034-4efb-a195-e7a4f600b783","local_time":"20210117231211","is_ascension_mode":true,"campfire_choices":[{"data":"HollowMod:MantisMark","floor":6,"key":"SMITH"},{"data":"HollowMod:HuntersJournal","floor":8,"key":"SMITH"},{"data":"HollowMod:ChannelNail","floor":15,"key":"SMITH"},{"floor":24,"key":"REST"},{"data":"HollowMod:FocusHealStart","floor":27,"key":"SMITH"},{"data":"HollowMod:SiblingsSouls","floor":32,"key":"SMITH"},{"data":"HollowMod:Weaversong","floor":40,"key":"SMITH"},{"data":"HollowMod:GreatSlash","floor":47,"key":"SMITH"},{"data":"HollowMod:AwokenDreamNail","floor":49,"key":"SMITH"}],"circlet_count":0,"master_deck":["HollowMod:NailStrikeStart","HollowMod:NailStrikeStart","HollowMod:NailStrikeStart","HollowMod:QuickDashStart","HollowMod:QuickDashStart","HollowMod:QuickDashStart","HollowMod:FocusHealStart+1","HollowMod:PogoStrike","HollowMod:HuntersJournal+1","HollowMod:CornifersMapStart","HollowMod:MantisMark+1","HollowMod:AwokenDreamNail+1","HollowMod:ChannelNail+1","HollowMod:VengefulSpirit","HollowMod:DashSlash+1","HollowMod:LifebloodCore","HollowMod:LifebloodCore","CurseOfTheBell","HollowMod:HowlingWraiths","HollowMod:DoubleDash+1","HollowMod:ChannelNail","HollowMod:CloakDash","HollowMod:SoulStrike","HollowMod:FallenFury+1","RitualDagger","HollowMod:SiblingsSouls+1","HollowMod:HowlingWraiths","HollowMod:CloakDash","HollowMod:MidwifesHunger+1","HollowMod:Weaversong+1","HollowMod:NewLittleFool+1","HollowMod:CloakDash+1","HollowMod:SoulSplash+1","hubris:Greed","hubris:Greed","HollowMod:GrimmsGift+1","hubris:Greed","hubris:Greed","hubris:Greed","hubris:Greed","hubris:Greed","hubris:Greed","HollowMod:MonarchWings+1","hubris:Greed","hubris:Greed","hubris:Greed","hubris:Greed","hubris:Greed","hubris:Greed","hubris:Greed","hubris:Greed","HollowMod:GreatSlash+1","hubris:Greed","hubris:Greed","hubris:Greed","hubris:Greed","HollowMod:HuntersJournal+1","hubris:Greed","hubris:Greed"],"relics":["HollowMod:VesselMask","Bloody Idol","Sundial","Meat on the Bone","Matryoshka","Old Coin","Calling Bell","Potion Belt","InkBottle","hubris:Potato","CaptainsWheel","Mercury Hourglass","Orrery","Centennial Puzzle","Akabeko","Nunchaku","Whetstone","hubris:EmptyBottle","Cursed Key","hubris:Icosahedron","Bird Faced Urn","Toxic Egg 2","HollowMod:KingsBrand","Bronze Scales","hubris:Metronome","Question Card"],"acts_visited":["Exordium","TheCity","TheBeyond"],"potions_floor_usage":[12,18,22,23,33,33,36,41,48,48,50],"damage_taken":[{"damage":7,"enemies":"Jaw Worm","floor":1,"turns":6},{"damage":6,"enemies":"2 Louse","floor":3,"turns":3},{"damage":5,"enemies":"Small Slimes","floor":4,"turns":6},{"damage":6,"enemies":"Looter","floor":7,"turns":4},{"damage":13,"enemies":"3 Sentries","floor":10,"turns":7},{"damage":15,"enemies":"Lagavulin","floor":12,"turns":7},{"damage":26,"enemies":"HollowMod:MossKnight","floor":14,"turns":6},{"damage":49,"enemies":"The Guardian","floor":16,"turns":10},{"damage":7,"enemies":"Shell Parasite","floor":18,"turns":5},{"damage":12,"enemies":"Chosen","floor":21,"turns":4},{"damage":19,"enemies":"Snecko","floor":22,"turns":6},{"damage":46,"enemies":"Gremlin Leader","floor":23,"turns":8},{"damage":11,"enemies":"Book of Stabbing","floor":25,"turns":8},{"damage":55,"enemies":"hubris:MusketHawk","floor":33,"turns":10},{"damage":0,"enemies":"3 Shapes","floor":35,"turns":4},{"damage":1,"enemies":"Orb Walker","floor":36,"turns":3},{"damage":20,"enemies":"Giant Head","floor":41,"turns":9},{"damage":18,"enemies":"Maw","floor":44,"turns":5},{"damage":0,"enemies":"Nemesis","floor":45,"turns":10},{"damage":20,"enemies":"Transient","floor":46,"turns":5},{"damage":12,"enemies":"Reptomancer","floor":48,"turns":6},{"damage":66,"enemies":"Awakened One","floor":50,"turns":6}],"seed_played":"1593902916197686928","potions_obtained":[{"floor":7,"key":"FearPotion"},{"floor":12,"key":"FairyPotion"},{"floor":16,"key":"Block Potion"},{"floor":21,"key":"Regen Potion"},{"floor":22,"key":"Explosive Potion"},{"floor":35,"key":"GamblersBrew"},{"floor":46,"key":"LiquidBronze"},{"floor":48,"key":"Energy Potion"}],"is_trial":false,"path_per_floor":["M","?","M","M","?","R","M","R","T","E","?","E","?","E","R","B",null,"M","$","?","M","M","E","R","E","T","R","$","?","$","?","R","B",null,"M","M","?","?","?","R","E","$","T","M","E","M","R","E","R","B"],"character_chosen":"THE_BUGKNIGHT","items_purchased":["CaptainsWheel","Mercury Hourglass","Orrery","hubris:EmptyBottle","Regen Potion","Toxic Egg 2"],"campfire_rested":1,"item_purchase_floors":[19,19,19,28,28,42],"current_hp_per_floor":[74,63,63,68,68,68,65,65,65,58,58,49,42,34,34,24,69,62,62,56,44,40,16,36,37,37,37,37,37,37,42,42,45,69,69,69,69,69,69,69,54,54,59,48,61,53,53,52,52,0,0],"gold":465,"neow_bonus":"THREE_CARDS","is_daily":false,"chose_seed":false,"campfire_upgraded":8,"win_rate":0.0,"timestamp":1610935931,"path_taken":["M","?","M","M","?","R","M","R","T","E","?","E","?","E","R","BOSS","M","$","?","M","M","E","R","E","T","R","$","?","$","?","R","BOSS","M","M","?","?","?","R","E","$","T","M","E","M","R","E","R","BOSS"],"items_purchased_type":["Relic","Relic","Relic","Relic","Potion","Relic"],"build_version":"2020-12-22","purchased_purges":0,"victory":false,"max_hp_per_floor":[75,75,75,75,69,69,69,69,69,69,69,69,69,69,69,69,69,69,69,69,69,69,69,69,69,69,69,69,69,69,69,69,69,69,69,69,69,69,69,69,69,69,69,69,69,69,69,69,69,69,69],"card_choices":[{"not_picked":["HollowMod:DoubleDash","HollowMod:TaintedHusks"],"picked":"HollowMod:HuntersJournal","floor":0},{"not_picked":["HollowMod:WraithStrike","HollowMod:LifebloodCocoon"],"picked":"HollowMod:CornifersMapStart","floor":1},{"not_picked":["HollowMod:NewLittleFool","HollowMod:DashSlash"],"picked":"HollowMod:MantisMark","floor":3},{"not_picked":["HollowMod:VengefulVoid","HollowMod:CrystalDash"],"picked":"HollowMod:AwokenDreamNail","floor":4},{"not_picked":["HollowMod:VengefulVoid","HollowMod:BlackTendrils"],"picked":"HollowMod:ChannelNail","floor":7},{"not_picked":["HollowMod:BlackTendrils","HollowMod:DescendingDark"],"picked":"HollowMod:VengefulSpirit","floor":10},{"not_picked":["HollowMod:NewJinnsSoul","HollowMod:GoodIntentions"],"picked":"HollowMod:DashSlash","floor":12},{"not_picked":["HollowMod:SiblingsShadow","HollowMod:HeavyBlow"],"picked":"HollowMod:LifebloodCore","floor":14},{"not_picked":["HollowMod:AwokenDreamNail","HollowMod:MidwifesHunger"],"picked":"HollowMod:LifebloodCore","floor":16},{"not_picked":["HollowMod:TaintedHusks","HollowMod:WraithStrike"],"picked":"HollowMod:HowlingWraiths","floor":18},{"not_picked":["HollowMod:NewInfectedGuardian","HollowMod:InfectedCysts"],"picked":"HollowMod:DoubleDash+1","floor":19},{"not_picked":["HollowMod:CycloneSlash","HollowMod:GrimmsGift"],"picked":"HollowMod:ChannelNail","floor":19},{"not_picked":["HollowMod:SiblingsSouls","HollowMod:InfectionAssault"],"picked":"HollowMod:CloakDash","floor":19},{"not_picked":["HollowMod:LifebloodCocoon","HollowMod:SoulVessel"],"picked":"HollowMod:SoulStrike","floor":19},{"not_picked":["HollowMod:CycloneSlash","HollowMod:NewJinnsSoul"],"picked":"HollowMod:FallenFury+1","floor":19},{"not_picked":["HollowMod:DescendingDark+1","HollowMod:Grubsong"],"picked":"HollowMod:SiblingsSouls","floor":21},{"not_picked":["HollowMod:MawleksShell","HollowMod:WraithStrike"],"picked":"HollowMod:HowlingWraiths","floor":22},{"not_picked":["HollowMod:DoubleDash","HollowMod:InfectedCysts+1"],"picked":"HollowMod:CloakDash","floor":23},{"not_picked":["HollowMod:BaldurShell+1","HollowMod:ChannelNail"],"picked":"HollowMod:MidwifesHunger","floor":25},{"not_picked":["HollowMod:NewInfectedGuardian","HollowMod:ElderbugsWisdom"],"picked":"HollowMod:Weaversong","floor":33},{"not_picked":["HollowMod:DreamGate","HollowMod:DescendingDark+1"],"picked":"HollowMod:NewLittleFool+1","floor":35},{"not_picked":["HollowMod:ChannelNail+1","HollowMod:GreatSlash+1"],"picked":"HollowMod:CloakDash+1","floor":36},{"not_picked":["HollowMod:InfectedAttack","HollowMod:VengefulSpirit+1"],"picked":"HollowMod:SoulSplash+1","floor":41},{"not_picked":["HollowMod:CornifersMapStart+1","HollowMod:CoiledNail"],"picked":"HollowMod:GrimmsGift+1","floor":44},{"not_picked":["HollowMod:GrimmsGift+1","HollowMod:ShadowDash+1"],"picked":"HollowMod:MonarchWings+1","floor":45},{"not_picked":["HollowMod:VengefulVoid","HollowMod:HowlingWraiths+1"],"picked":"HollowMod:GreatSlash","floor":46},{"not_picked":["HollowMod:BlackTendrils","HollowMod:InfectedCysts"],"picked":"HollowMod:HuntersJournal+1","floor":48}],"player_experience":1872771,"relics_obtained":[{"floor":9,"key":"Sundial"},{"floor":10,"key":"Meat on the Bone"},{"floor":12,"key":"Matryoshka"},{"floor":14,"key":"Old Coin"},{"floor":17,"key":"Potion Belt"},{"floor":17,"key":"InkBottle"},{"floor":17,"key":"hubris:Potato"},{"floor":23,"key":"Centennial Puzzle"},{"floor":25,"key":"Akabeko"},{"floor":26,"key":"Nunchaku"},{"floor":26,"key":"Whetstone"},{"floor":41,"key":"Bird Faced Urn"},{"floor":43,"key":"HollowMod:KingsBrand"},{"floor":43,"key":"Bronze Scales"},{"floor":45,"key":"hubris:Metronome"},{"floor":48,"key":"Question Card"}],"event_choices":[{"damage_healed":0,"gold_gain":75,"player_choice":"Gather Gold","damage_taken":11,"max_hp_gain":0,"max_hp_loss":0,"event_name":"World of Goop","floor":2,"gold_loss":0},{"damage_healed":0,"gold_gain":0,"player_choice":"Lose Max HP","damage_taken":0,"relics_obtained":["Golden Idol"],"max_hp_gain":0,"max_hp_loss":6,"event_name":"Golden Idol","floor":5,"gold_loss":0},{"damage_healed":0,"gold_gain":0,"player_choice":"Ignored","damage_taken":0,"max_hp_gain":0,"max_hp_loss":0,"event_name":"Liars Game","floor":11,"gold_loss":0},{"cards_removed":["HollowMod:QuickDashStart"],"damage_healed":0,"gold_gain":0,"player_choice":"Card Removal","damage_taken":7,"max_hp_gain":0,"max_hp_loss":0,"event_name":"Golden Wing","floor":13,"gold_loss":0},{"damage_healed":0,"gold_gain":0,"player_choice":"Joined the Cult","damage_taken":6,"max_hp_gain":0,"max_hp_loss":0,"event_name":"Nest","floor":20,"gold_loss":0,"cards_obtained":["RitualDagger"]},{"damage_healed":0,"gold_gain":0,"player_choice":"Gave Idol","damage_taken":0,"relics_obtained":["Bloody Idol"],"max_hp_gain":0,"max_hp_loss":0,"event_name":"Forgotten Altar","floor":29,"relics_lost":["Golden Idol"],"gold_loss":0},{"damage_healed":0,"gold_gain":100,"player_choice":"Pray","damage_taken":0,"max_hp_gain":0,"max_hp_loss":0,"event_name":"Golden Shrine","floor":31,"gold_loss":0}],"is_beta":false,"boss_relics":[{"not_picked":["Runic Pyramid","Sozu"],"picked":"Calling Bell"},{"not_picked":["hubris:TerracottaHorce","hubris:RunicObelisk"],"picked":"Cursed Key"}],"items_purged_floors":[],"is_endless":false,"potions_floor_spawned":[7,12,16,21,22,35,46,48],"killed_by":"Awakened One","ascension_level":2}}