{"host":"TheHustler","time":1610970250,"event":{"mods":["BaseMod","Block Reminder","Colored Map","Colored Powertips","Minty Spire (QoL Compilation)","Quick Restart","StSLib","SuperFastMode","Unceasing Turn Reminder"],"gold_per_floor":[114,129,144,159,174,204,204,234,234,234,9,9,9,24,24,124,124,139,154,154,169,94,94,94],"floor_reached":23,"language":"ENG","playtime":543,"items_purged":["Flex"],"score":203,"play_id":"c8061028-ecb9-4adc-96c2-7de642c73215","local_time":"20210118124410","daily_mods":["Draft","Flight","Lethality"],"is_ascension_mode":false,"campfire_choices":[{"data":"Barricade","floor":7,"key":"SMITH"},{"data":"Reaper","floor":10,"key":"SMITH"},{"data":"Body Slam","floor":12,"key":"SMITH"},{"data":"Armaments","floor":13,"key":"SMITH"},{"data":"True Grit","floor":15,"key":"SMITH"}],"circlet_count":0,"master_deck":["Rampage","Cleave","Flex","Twin Strike","Armaments+1","Sentinel","True Grit+1","Thunderclap","Dropkick","Feel No Pain","Sentinel","Anger","Shrug It Off","Body Slam+1","Pommel Strike","Shrug It Off","Barricade+1","Thunderclap","Reaper+1","Warcry","Double Tap","Fire Breathing","Iron Wave+1"],"relics":["Burning Blood","Juzu Bracelet","Tiny Chest","Boot","TheAbacus","Mark of Pain"],"acts_visited":["Exordium","TheCity"],"potions_floor_usage":[],"damage_taken":[{"damage":0,"enemies":"Cultist","floor":1,"turns":2},{"damage":0,"enemies":"2 Louse","floor":2,"turns":2},{"damage":0,"enemies":"Small Slimes","floor":3,"turns":1},{"damage":10,"enemies":"Blue Slaver","floor":4,"turns":2},{"damage":5,"enemies":"Looter","floor":5,"turns":2},{"damage":16,"enemies":"Lagavulin","floor":6,"turns":6},{"damage":9,"enemies":"Gremlin Nob","floor":8,"turns":3},{"damage":0,"enemies":"3 Louse","floor":14,"turns":1},{"damage":24,"enemies":"Slime Boss","floor":16,"turns":10},{"damage":13,"enemies":"2 Thieves","floor":18,"turns":3},{"damage":8,"enemies":"Shell Parasite","floor":19,"turns":3},{"damage":14,"enemies":"Sentry and Sphere","floor":21,"turns":4},{"damage":94,"enemies":"Book of Stabbing","floor":23,"turns":5}],"seed_played":"-1283480827410872575","potions_obtained":[{"floor":1,"key":"Energy Potion"},{"floor":4,"key":"LiquidBronze"},{"floor":5,"key":"HeartOfIron"},{"floor":19,"key":"EssenceOfSteel"}],"is_trial":false,"path_per_floor":["M","M","M","M","M","E","R","E","T","R","$","R","R","M","R","B",null,"M","M","$","M","?","E"],"character_chosen":"IRONCLAD","items_purchased":["TheAbacus"],"campfire_rested":0,"item_purchase_floors":[11],"current_hp_per_floor":[80,80,80,76,77,67,67,64,64,64,64,64,64,70,70,68,80,80,78,78,70,70,0,0],"gold":94,"neow_bonus":"","is_daily":true,"chose_seed":false,"campfire_upgraded":5,"win_rate":0.0,"timestamp":1610970250,"path_taken":["M","M","M","M","?","E","R","E","T","R","$","R","R","M","R","BOSS","M","M","$","M","?","E"],"items_purchased_type":["Relic"],"build_version":"2020-12-18","purchased_purges":1,"victory":false,"max_hp_per_floor":[80,80,80,80,80,80,80,80,80,80,80,80,80,80,80,80,80,80,80,80,80,80,80,80],"card_choices":[{"not_picked":["Second Wind","True Grit"],"picked":"Rampage","floor":0},{"not_picked":["Metallicize","Feel No Pain"],"picked":"Cleave","floor":0},{"not_picked":["Anger","Hemokinesis"],"picked":"Flex","floor":0},{"not_picked":["Armaments","Clash"],"picked":"Twin Strike","floor":0},{"not_picked":["Sword Boomerang","Hemokinesis"],"picked":"Armaments","floor":0},{"not_picked":["Cleave","Inflame"],"picked":"Sentinel","floor":0},{"not_picked":["Wild Strike","Entrench"],"picked":"Iron Wave","floor":0},{"not_picked":["Heavy Blade","Cleave"],"picked":"True Grit","floor":0},{"not_picked":["Dual Wield","Cleave"],"picked":"Thunderclap","floor":0},{"not_picked":["Flex","Armaments"],"picked":"Dropkick","floor":0},{"not_picked":["True Grit","Anger"],"picked":"Feel No Pain","floor":0},{"not_picked":["Anger","Clothesline"],"picked":"Sentinel","floor":0},{"not_picked":["Armaments","True Grit"],"picked":"Anger","floor":0},{"not_picked":["Wild Strike","Armaments"],"picked":"Flex","floor":0},{"not_picked":["Warcry","Bloodletting"],"picked":"Shrug It Off","floor":0},{"not_picked":["True Grit","Cleave"],"picked":"Body Slam","floor":1},{"not_picked":["Flex","Anger","Wild Strike"],"picked":"SKIP","floor":2},{"not_picked":["Seeing Red","Evolve"],"picked":"Pommel Strike","floor":3},{"not_picked":["Pommel Strike","Searing Blow"],"picked":"Shrug It Off","floor":4},{"not_picked":["Combust","Heavy Blade"],"picked":"Barricade","floor":5},{"not_picked":["Twin Strike","Disarm"],"picked":"Thunderclap","floor":6},{"not_picked":["Armaments","Dual Wield"],"picked":"Reaper","floor":8},{"not_picked":["Searing Blow","Clash"],"picked":"Warcry","floor":14},{"not_picked":["Barricade","Reaper"],"picked":"Double Tap","floor":16},{"not_picked":["Iron Wave","Clash"],"picked":"Fire Breathing","floor":18},{"not_picked":["Clash","Ghostly Armor"],"picked":"Iron Wave+1","floor":19},{"not_picked":["Cleave","Perfected Strike","Clash"],"picked":"SKIP","floor":21}],"player_experience":637997,"relics_obtained":[{"floor":6,"key":"Juzu Bracelet"},{"floor":8,"key":"Tiny Chest"},{"floor":9,"key":"Boot"}],"event_choices":[{"cards_removed":["Iron Wave"],"damage_healed":0,"gold_gain":0,"player_choice":"Gave Gold","damage_taken":0,"max_hp_gain":0,"max_hp_loss":0,"event_name":"Beggar","floor":22,"gold_loss":75}],"is_beta":true,"boss_relics":[{"not_picked":["Runic Dome","Sozu"],"picked":"Mark of Pain"}],"items_purged_floors":[11],"is_endless":false,"potions_floor_spawned":[1,4,5,8,16,19],"killed_by":"Book of Stabbing","ascension_level":0}}