{"host":"g5ztulhog0otympt","time":1610986565,"event":{"mods":["AchievementEnabler","BaseMod","Downfall","Hermit","Minty Spire (QoL Compilation)","StSLib","The Cursed"],"gold_per_floor":[118,118,137,137,154,180,180,215,215,215,227,243,243,275,275,373,373,390,17,30,30,40,40,65,65,135,169,189,189,37,51,51,148,148,168,179,228,228,228],"floor_reached":38,"language":"ENG","playtime":1431,"items_purged":[],"score":464,"play_id":"3f5cb593-f527-4742-b7cc-feda13504aab","local_time":"20210118181605","is_ascension_mode":false,"campfire_choices":[{"floor":7,"key":"REST"},{"floor":15,"key":"REST"},{"floor":23,"key":"REST"},{"floor":29,"key":"REST"},{"data":"Gash","floor":32,"key":"SMITH"}],"circlet_count":0,"master_deck":["Strike_B","Strike_B","Strike_B","Strike_B","Defend_B+1","Defend_B+1","Defend_B+1","Defend_B","Zap+1","Dualcast","Gash","Gash","Gash+1","Zap","Beam Cell","Echo Form","Gash+1","Swift Strike+1","Doom and Gloom+1","Melter+1","Barrage+1","Gash+1","downfall:Haunted","Parasite","Go for the Eyes+1","Leap+1"],"relics":["Cracked Core","Symbiotic Virus","Regal Pillow","InkBottle","Kunai","bronze:MakeshiftBattery","Molten Egg 2","FaceOfCleric","Vajra","Du-Vu Doll","Shuriken","Boot","War Paint","Astrolabe","Ice Cream"],"acts_visited":["Exordium","TheCity","TheBeyond"],"potions_floor_usage":[14,14,14,27,28,33],"damage_taken":[{"damage":1,"enemies":"Jaw Worm","floor":1,"turns":4},{"damage":7,"enemies":"2 Louse","floor":3,"turns":3},{"damage":0,"enemies":"Cultist","floor":5,"turns":3},{"damage":51,"enemies":"3 Sentries","floor":6,"turns":8},{"damage":18,"enemies":"Lagavulin","floor":8,"turns":4},{"damage":0,"enemies":"Large Slime","floor":11,"turns":4},{"damage":7,"enemies":"Blue Slaver","floor":12,"turns":3},{"damage":18,"enemies":"3 Sentries","floor":14,"turns":3},{"damage":30,"enemies":"Hexaghost","floor":16,"turns":8},{"damage":4,"enemies":"3 Byrds","floor":18,"turns":4},{"damage":12,"enemies":"Spheric Guardian","floor":20,"turns":4},{"damage":24,"enemies":"Snecko","floor":22,"turns":4},{"damage":14,"enemies":"Slavers","floor":27,"turns":2},{"damage":18,"enemies":"Shelled Parasite and Fungi","floor":28,"turns":3},{"damage":0,"enemies":"Centurion and Healer","floor":31,"turns":2},{"damage":27,"enemies":"Champ","floor":33,"turns":7},{"damage":9,"enemies":"3 Darklings","floor":35,"turns":3},{"damage":10,"enemies":"Orb Walker","floor":36,"turns":2},{"damage":50,"enemies":"2 Orb Walkers","floor":37,"turns":4},{"damage":22,"enemies":"3 Darklings","floor":38,"turns":1}],"seed_played":"-5057596761513075225","potions_obtained":[{"floor":5,"key":"Energy Potion"},{"floor":8,"key":"champ:CounterPotion"},{"floor":11,"key":"FearPotion"},{"floor":18,"key":"DistilledChaos"},{"floor":27,"key":"champ:CounterPotion"},{"floor":31,"key":"LiquidMemories"},{"floor":37,"key":"SpeedPotion"}],"is_trial":false,"path_per_floor":["M","?","M","$","M","E","R","E","T","?","M","M","?","E","R","B",null,"M","$","M","?","M","R","T","?","T","E","M","R","$","M","R","B",null,"M","M","?","M"],"character_chosen":"DEFECT","items_purchased":["Molten Egg 2","Gash+1","Swift Strike+1","War Paint"],"campfire_rested":4,"item_purchase_floors":[19,19,19,30],"current_hp_per_floor":[81,65,58,58,58,7,31,13,13,13,13,6,33,15,54,24,82,78,78,66,66,43,82,82,82,82,69,52,85,85,86,86,60,87,79,70,21,0,0],"gold":228,"neow_bonus":"TEN_PERCENT_HP_BONUS","is_daily":false,"chose_seed":false,"campfire_upgraded":1,"win_rate":0.0,"timestamp":1610986565,"path_taken":["M","?","M","?","M","E","R","E","T","?","M","?","?","E","R","BOSS","M","$","M","?","?","R","?","?","T","E","M","R","$","M","R","BOSS","M","M","?","M"],"items_purchased_type":["Relic","Card","Card","Relic"],"build_version":"2020-12-22","purchased_purges":0,"victory":false,"max_hp_per_floor":[82,82,82,82,82,82,82,82,82,82,82,82,82,82,82,82,82,82,82,82,82,83,83,83,83,83,84,85,85,85,86,86,87,87,88,89,90,90,90],"card_choices":[{"not_picked":["Cold Snap","Aggregate"],"picked":"Gash","floor":1},{"not_picked":["Turbo","Sweeping Beam","Capacitor"],"picked":"SKIP","floor":3},{"not_picked":["Recycle","Heatsinks","Steam Power"],"picked":"SKIP","floor":5},{"not_picked":["Leap","Cold Snap"],"picked":"Gash","floor":6},{"not_picked":["Ball Lightning","Sweeping Beam"],"picked":"Gash","floor":8},{"not_picked":["Turbo","Doom and Gloom"],"picked":"Beam Cell","floor":11},{"not_picked":["Conserve Battery","Coolheaded","Rebound"],"picked":"SKIP","floor":12},{"not_picked":["Turbo","Compile Driver","Biased Cognition"],"picked":"SKIP","floor":14},{"not_picked":["All For One","Rainbow"],"picked":"Echo Form","floor":16},{"not_picked":["Coolheaded","Turbo","Steam+1"],"picked":"SKIP","floor":18},{"not_picked":["Hologram","Loop"],"picked":"Doom and Gloom+1","floor":20},{"not_picked":["Darkness","Rebound+1"],"picked":"Melter+1","floor":22},{"not_picked":["Coolheaded","Hologram"],"picked":"Barrage+1","floor":27},{"not_picked":["Redo","Melter+1"],"picked":"Gash+1","floor":28},{"not_picked":["Turbo","Consume"],"picked":"Heatsinks","floor":31},{"not_picked":["Hologram+1","Capacitor","Conserve Battery"],"picked":"SKIP","floor":35},{"not_picked":["Coolheaded+1","Cold Snap+1","Darkness"],"picked":"SKIP","floor":36},{"not_picked":["Barrage+1","Rainbow"],"picked":"Leap+1","floor":37}],"player_experience":95599,"relics_obtained":[{"floor":6,"key":"Symbiotic Virus"},{"floor":8,"key":"Regal Pillow"},{"floor":9,"key":"InkBottle"},{"floor":14,"key":"Kunai"},{"floor":24,"key":"Vajra"},{"floor":26,"key":"Shuriken"},{"floor":27,"key":"Boot"},{"floor":37,"key":"Ice Cream"}],"event_choices":[{"damage_healed":0,"gold_gain":0,"player_choice":"Entered Light","damage_taken":16,"max_hp_gain":0,"max_hp_loss":0,"event_name":"Shining Light","floor":2,"gold_loss":0,"cards_upgraded":["Defend_B","Zap"]},{"damage_healed":0,"gold_gain":0,"player_choice":"1 cards matched","damage_taken":0,"max_hp_gain":0,"max_hp_loss":0,"event_name":"Match and Keep!","floor":10,"gold_loss":0,"cards_obtained":["Zap"]},{"damage_healed":27,"gold_gain":0,"player_choice":"Banana","damage_taken":0,"max_hp_gain":0,"max_hp_loss":0,"event_name":"Big Fish","floor":13,"gold_loss":0},{"damage_healed":0,"gold_gain":0,"player_choice":"Trade","damage_taken":0,"relics_obtained":["FaceOfCleric"],"max_hp_gain":0,"max_hp_loss":0,"event_name":"FaceTrader","floor":21,"gold_loss":0},{"damage_healed":0,"gold_gain":0,"player_choice":"Fight","damage_taken":0,"max_hp_gain":0,"max_hp_loss":0,"event_name":"Mysterious Sphere","floor":37,"gold_loss":0}],"is_beta":false,"boss_relics":[{"not_picked":["SacredBark","Ectoplasm"],"picked":"bronze:MakeshiftBattery"},{"not_picked":["Coffee Dripper","Nuclear Battery"],"picked":"Astrolabe"}],"items_purged_floors":[],"is_endless":false,"potions_floor_spawned":[5,8,11,18,27,31,37],"killed_by":"3 Darklings","ascension_level":0}}