{"host":"04hh9gplt9wkfmr1","time":1610987913,"event":{"mods":["AchievementEnabler","BaseMod","Colored Map","KOR Keyword Fix","Minty Spire (QoL Compilation)","Rare Cards Sparkle","SuperFastMode"],"gold_per_floor":[50,50,50,107,107,107,143,206,206,260,324,383,395,152,152,304,354,390,432,101,144,144,144,203,203,203,261,261,261,271,271,271,392,392,432,451,451,495,236,236,268,268,320,346,346,356,356,372,372,372],"floor_reached":51,"language":"KOR","playtime":1808,"items_purged":["Defend_G","Defend_G","Pain"],"score":1004,"play_id":"bbb0396e-bd2b-4e4a-b187-7e64aa48c590","local_time":"20210119013833","is_ascension_mode":true,"campfire_choices":[{"data":"HandOfGreed","floor":6.0,"key":"SMITH"},{"floor":13.0,"key":"REST"},{"data":"Accuracy","floor":15.0,"key":"SMITH"},{"floor":23.0,"key":"REST"},{"data":"After Image","floor":25.0,"key":"SMITH"},{"data":"Night Terror","floor":29.0,"key":"SMITH"},{"floor":32.0,"key":"REST"},{"data":"Infinite Blades","floor":40.0,"key":"SMITH"},{"data":"Infinite Blades","floor":42.0,"key":"SMITH"},{"data":"Burst","floor":47.0,"key":"SMITH"},{"floor":49.0,"key":"REST"}],"circlet_count":0,"master_deck":["Strike_G","Strike_G","Strike_G","Strike_G","Strike_G","Defend_G","Defend_G","Defend_G+1","Survivor+1","Neutralize","HandOfGreed+1","Blade Dance+1","Slice","Night Terror+1","Neutralize","Escape Plan","Accuracy+1","Footwork","Infinite Blades+1","Infinite Blades+1","Cloak And Dagger+1","After Image+1","Backstab","Well Laid Plans","Backflip+1","PiercingWail+1","Infinite Blades+1","Bullet Time","Finisher+1","Footwork+1","Dramatic Entrance+1","Finisher+1","Well Laid Plans+1","After Image+1","Burst+1","Accuracy"],"relics":["Ring of the Snake","Mercury Hourglass","The Specimen","MawBank","Membership Card","Tiny House","Tiny Chest","Matryoshka","HandDrill","Happy Flower","HornCleat","Pantograph","Molten Egg 2","WarpedTongs","Meat on the Bone","White Beast Statue","SacredBark","Toy Ornithopter","War Paint","Shuriken","Boot","Anchor"],"acts_visited":["Exordium","TheCity","TheBeyond"],"potions_floor_usage":[50],"damage_taken":[{"damage":0.0,"enemies":"Small Slimes","floor":1.0,"turns":4.0},{"damage":0.0,"enemies":"2 Louse","floor":4.0,"turns":7.0},{"damage":13.0,"enemies":"Cultist","floor":7.0,"turns":6.0},{"damage":2.0,"enemies":"2 Fungi Beasts","floor":8.0,"turns":5.0},{"damage":7.0,"enemies":"Gremlin Nob","floor":10.0,"turns":4.0},{"damage":11.0,"enemies":"3 Louse","floor":11.0,"turns":5.0},{"damage":10.0,"enemies":"3 Sentries","floor":12.0,"turns":7.0},{"damage":25.0,"enemies":"Slime Boss","floor":16.0,"turns":8.0},{"damage":0.0,"enemies":"Spheric Guardian","floor":18.0,"turns":3.0},{"damage":25.0,"enemies":"Shell Parasite","floor":19.0,"turns":4.0},{"damage":7.0,"enemies":"Cultist and Chosen","floor":21.0,"turns":6.0},{"damage":11.0,"enemies":"Gremlin Leader","floor":24.0,"turns":6.0},{"damage":10.0,"enemies":"Slavers","floor":27.0,"turns":8.0},{"damage":9.0,"enemies":"Snecko","floor":30.0,"turns":4.0},{"damage":38.0,"enemies":"Collector","floor":33.0,"turns":9.0},{"damage":43.0,"enemies":"3 Shapes","floor":35.0,"turns":7.0},{"damage":6.0,"enemies":"3 Darklings","floor":36.0,"turns":5.0},{"damage":22.0,"enemies":"Sphere and 2 Shapes","floor":38.0,"turns":5.0},{"damage":1.0,"enemies":"Reptomancer","floor":41.0,"turns":4.0},{"damage":24.0,"enemies":"Giant Head","floor":44.0,"turns":8.0},{"damage":0.0,"enemies":"Writhing Mass","floor":46.0,"turns":4.0},{"damage":25.0,"enemies":"4 Shapes","floor":48.0,"turns":4.0},{"damage":43,"enemies":"Donu and Deca","floor":50,"turns":9}],"seed_played":"917607364848203673","potions_obtained":[{"floor":1.0,"key":"EssenceOfSteel"},{"floor":10.0,"key":"Swift Potion"},{"floor":12.0,"key":"LiquidMemories"},{"floor":16.0,"key":"PowerPotion"},{"floor":17.0,"key":"Regen Potion"},{"floor":30.0,"key":"Energy Potion"},{"floor":33.0,"key":"FairyPotion"},{"floor":35.0,"key":"CunningPotion"},{"floor":36.0,"key":"Strength Potion"},{"floor":41.0,"key":"DuplicationPotion"},{"floor":44.0,"key":"Swift Potion"},{"floor":48.0,"key":"DuplicationPotion"}],"is_trial":false,"path_per_floor":["M","?","?","M","?","R","M","M","T","E","M","E","R","$","R","B",null,"M","M","$","M","?","R","E","R","T","E","?","R","M","T","R","B",null,"M","M","$","M","$","R","E","R","T","E","?","M","R","M","R","B",null],"character_chosen":"THE_SILENT","items_purchased":["Membership Card","Infinite Blades","Cloak And Dagger","Tiny Chest","Matryoshka","HandDrill","Toy Ornithopter","Dramatic Entrance+1","War Paint"],"campfire_rested":4,"item_purchase_floors":[14,14,14,20,20,20,39,39,39],"current_hp_per_floor":[70,56,56,56,61,61,48,46,46,39,28,18,40,40,40,15,65,65,52,52,45,30,55,44,44,44,34,34,34,25,25,50,49,76,45,51,51,41,41,41,50,50,50,38,38,50,50,42,67,54],"gold":372,"neow_bonus":"RANDOM_COLORLESS_2","is_daily":false,"chose_seed":false,"campfire_upgraded":7,"win_rate":0.0,"timestamp":1610987913,"path_taken":["M","?","?","?","?","R","M","M","T","E","M","E","R","$","R","BOSS","M","M","$","M","?","R","E","R","T","E","?","R","?","?","R","BOSS","M","M","$","M","$","R","E","R","T","E","?","M","R","M","R","BOSS"],"items_purchased_type":["Relic","Card","Card","Relic","Relic","Relic","Relic","Card","Relic"],"build_version":"2020-12-22","purchased_purges":3,"victory":true,"max_hp_per_floor":[70,70,70,70,75,75,75,75,75,75,75,75,75,75,75,75,80,80,80,80,80,85,85,85,85,85,85,85,85,85,85,85,85,85,85,85,85,85,85,85,85,85,85,85,85,85,85,85,85,85],"card_choices":[{"not_picked":["Thinking Ahead","Panache"],"picked":"HandOfGreed","floor":0.0},{"not_picked":["Dodge and Roll","Endless Agony"],"picked":"Blade Dance","floor":1.0},{"not_picked":["Dagger Throw","Endless Agony"],"picked":"Escape Plan","floor":4.0},{"not_picked":["Calculated Gamble","Underhanded Strike"],"picked":"Accuracy","floor":7.0},{"not_picked":["Sucker Punch","All Out Attack"],"picked":"Footwork","floor":8.0},{"not_picked":["Dodge and Roll","Riddle With Holes","Flying Knee"],"picked":"SKIP","floor":10.0},{"not_picked":["Dodge and Roll","Riddle With Holes","Flying Knee"],"picked":"SKIP","floor":10.0},{"not_picked":["Prepared","Sucker Punch","Tactician"],"picked":"SKIP","floor":11.0},{"not_picked":["Deflect","Tactician"],"picked":"Infinite Blades","floor":12.0},{"not_picked":["A Thousand Cuts","Phantasmal Killer"],"picked":"After Image","floor":16.0},{"not_picked":["Heel Hook","Sucker Punch"],"picked":"Backstab","floor":17.0},{"not_picked":["Dash","Dagger Throw","Tactician+1"],"picked":"SKIP","floor":18.0},{"not_picked":["Quick Slash+1","Dagger Spray"],"picked":"Well Laid Plans","floor":19.0},{"not_picked":["Bane","Crippling Poison"],"picked":"Backflip+1","floor":21.0},{"not_picked":["Backflip","Tools of the Trade","Deflect+1"],"picked":"SKIP","floor":24.0},{"not_picked":["Deadly Poison","Backflip"],"picked":"PiercingWail+1","floor":27.0},{"not_picked":["Blur","Corpse Explosion"],"picked":"Infinite Blades","floor":30.0},{"not_picked":["Tools of the Trade","Malaise"],"picked":"Bullet Time","floor":33.0},{"not_picked":["Tactician","Quick Slash+1"],"picked":"Finisher+1","floor":35.0},{"not_picked":["Underhanded Strike+1","Skewer+1"],"picked":"Footwork+1","floor":36.0},{"not_picked":["Eviscerate+1","Reflex","Acrobatics+1"],"picked":"SKIP","floor":38.0},{"not_picked":["Leg Sweep+1","Calculated Gamble+1"],"picked":"Finisher+1","floor":41.0},{"not_picked":["Bane+1","Distraction"],"picked":"Well Laid Plans+1","floor":44.0},{"not_picked":["Blade Dance","Heel Hook+1"],"picked":"Burst","floor":46.0},{"not_picked":["Acrobatics","Sucker Punch+1"],"picked":"Accuracy","floor":48.0}],"player_experience":55080,"relics_obtained":[{"floor":9.0,"key":"Mercury Hourglass"},{"floor":10.0,"key":"The Specimen"},{"floor":12.0,"key":"MawBank"},{"floor":24.0,"key":"Happy Flower"},{"floor":26.0,"key":"HornCleat"},{"floor":26.0,"key":"Pantograph"},{"floor":27.0,"key":"Molten Egg 2"},{"floor":31.0,"key":"Meat on the Bone"},{"floor":31.0,"key":"White Beast Statue"},{"floor":41.0,"key":"Shuriken"},{"floor":43.0,"key":"Boot"},{"floor":44.0,"key":"Anchor"}],"event_choices":[{"damage_healed":0.0,"max_hp_gain":0.0,"max_hp_loss":0.0,"gold_gain":0.0,"event_name":"Shining Light","player_choice":"Entered Light","floor":2.0,"gold_loss":0.0,"damage_taken":14.0,"cards_upgraded":["Blade Dance","Defend_G"]},{"damage_healed":0.0,"max_hp_gain":0.0,"max_hp_loss":0.0,"gold_gain":0.0,"event_name":"Match and Keep!","player_choice":"3 cards matched","floor":3.0,"gold_loss":0.0,"damage_taken":0.0,"cards_obtained":["Slice","Night Terror","Neutralize"]},{"damage_healed":0.0,"max_hp_gain":5.0,"max_hp_loss":0.0,"gold_gain":0.0,"event_name":"Big Fish","player_choice":"Donut","floor":5.0,"gold_loss":0.0,"damage_taken":0.0},{"damage_healed":0.0,"max_hp_gain":5.0,"max_hp_loss":0.0,"gold_gain":0.0,"event_name":"Forgotten Altar","player_choice":"Shed Blood","floor":22.0,"gold_loss":0.0,"damage_taken":20.0},{"damage_healed":0.0,"max_hp_gain":0.0,"max_hp_loss":0.0,"gold_gain":0.0,"event_name":"Accursed Blacksmith","player_choice":"Rummage","floor":28.0,"gold_loss":0.0,"damage_taken":0.0,"relics_obtained":["WarpedTongs"],"cards_obtained":["Pain"]},{"damage_healed":0.0,"max_hp_gain":0.0,"max_hp_loss":0.0,"gold_gain":0.0,"event_name":"Duplicator","player_choice":"Copied","floor":45.0,"gold_loss":0.0,"damage_taken":0.0,"cards_obtained":["After Image"]}],"is_beta":false,"boss_relics":[{"not_picked":["Busted Crown","Snecko Eye"],"picked":"Tiny House"},{"not_picked":["Astrolabe","Fusion Hammer"],"picked":"SacredBark"}],"items_purged_floors":[14,20,39],"is_endless":false,"potions_floor_spawned":[1,10,12,16,18,30,33,35,36,38,41,44,46,48],"ascension_level":5}}