{"host":"1pwde2j81wdvsae3","time":1610944414,"event":{"mods":["BaseMod","Minty Spire (QoL Compilation)","Replay The Spire","Shop Mod","StSLib"],"gold_per_floor":[110,128,128,139,139,172,189,189,260,275,61,95,95,108,108,183,183,193,209,11,30,305,305,18,18,86,86,98,112,135,150,150,150,150],"floor_reached":33,"language":"ZHS","playtime":804,"items_purged":["Perfected Strike","Regret"],"score":453,"play_id":"ec46d387-1eda-4575-b144-449e6982cacf","local_time":"20210118123334","is_ascension_mode":true,"campfire_choices":[{"data":"Bludgeon","floor":8,"key":"SMITH"},{"floor":13,"key":"REST"},{"floor":15,"key":"REST"},{"floor":23,"key":"REST"},{"floor":25,"key":"REST"},{"data":"Corruption","floor":27,"key":"SMITH"},{"floor":32,"key":"REST"}],"circlet_count":0,"master_deck":["AscendersBane","Bash+1","Bludgeon+1","Iron Wave","Metallicize","Wild Strike","Decay","Pommel Strike","Power Through","Evolve","Ghostly Armor","Clothesline","Corruption+1","Fiend Fire","Bludgeon","Life Link","Hemokinesis","Ghostly Armor","Uppercut","Inflame","Replay:Many Hands","Run Through","Cleave","ReplayTheSpireMod:LeadingStrike","Seeing Red","Shrug It Off","Spot Weakness","Havoc","Bloodletting","Shrug It Off","Run Through"],"relics":["Burning Blood","Unceasing Top","Mummified Hand","Red Skull","ReplayTheSpireMod:Spearhead","Pandora\u0027s Box","Membership Card","Strawberry","Garlic","Nunchaku"],"acts_visited":["Exordium","TheCity"],"potions_floor_usage":[12,16,33],"damage_taken":[{"damage":1,"enemies":"Cultist","floor":1,"turns":3},{"damage":0,"enemies":"Small Slimes","floor":2,"turns":2},{"damage":7,"enemies":"Jaw Worm","floor":4,"turns":3},{"damage":14,"enemies":"Gremlin Nob","floor":6,"turns":4},{"damage":32,"enemies":"Exordium Thugs","floor":7,"turns":4},{"damage":10,"enemies":"Red Slaver","floor":10,"turns":3},{"damage":22,"enemies":"Lagavulin","floor":12,"turns":3},{"damage":9,"enemies":"3 Louse","floor":14,"turns":3},{"damage":31,"enemies":"Hexaghost","floor":16,"turns":9},{"damage":10,"enemies":"Chosen","floor":18,"turns":3},{"damage":34,"enemies":"3 Byrds","floor":19,"turns":6},{"damage":32,"enemies":"Snecko","floor":21,"turns":5},{"damage":43,"enemies":"3 Cultists","floor":28,"turns":6},{"damage":15,"enemies":"Shelled Parasite and Fungi","floor":29,"turns":3},{"damage":3,"enemies":"Snecko","floor":31,"turns":2},{"damage":42,"enemies":"Pondfish","floor":33,"turns":6}],"seed_played":"8962147660713938655","potions_obtained":[{"floor":4,"key":"Fire Potion"},{"floor":6,"key":"Reflective Coating"},{"floor":12,"key":"PowerPotion"},{"floor":16,"key":"Weak Potion"}],"is_trial":false,"path_per_floor":["M","M","?","M","?","E","M","R","T","M","$","E","R","M","R","B",null,"M","M","$","M","?","R","$","R","T","R","M","M","T","M","R","B"],"character_chosen":"IRONCLAD","items_purchased":["Red Skull","Evolve","Seeing Red","Shrug It Off","Membership Card","Strawberry","Havoc"],"campfire_rested":5,"item_purchase_floors":[11,11,20,20,24,24,24],"current_hp_per_floor":[73,75,75,74,74,66,40,40,40,36,36,20,42,39,61,36,65,61,33,33,7,7,29,36,60,60,60,23,14,14,17,41,0,0],"gold":150,"neow_bonus":"ONE_RANDOM_RARE_CARD","is_daily":false,"chose_seed":false,"campfire_upgraded":2,"win_rate":0.0,"timestamp":1610944414,"path_taken":["M","?","?","M","?","E","M","R","T","?","?","E","R","M","R","BOSS","M","M","$","M","?","R","$","R","T","R","M","?","?","M","R","BOSS"],"items_purchased_type":["Relic","Card","Card","Card","Relic","Relic","Card"],"build_version":"2020-12-22","purchased_purges":2,"victory":false,"max_hp_per_floor":[75,75,75,75,75,75,75,75,75,75,75,75,75,75,75,75,75,75,75,75,75,75,75,82,82,82,82,82,82,82,82,82,82,82],"card_choices":[{"not_picked":["Body Slam","Heavy Blade"],"picked":"Iron Wave","floor":1},{"not_picked":["Havoc","Evolve"],"picked":"Metallicize","floor":2},{"not_picked":["Pommel Strike","Pummel"],"picked":"Wild Strike","floor":4},{"not_picked":["ReplayTheSpireMod:Strike From Hell","Clothesline"],"picked":"Pommel Strike","floor":6},{"not_picked":["Uppercut","Life Link"],"picked":"Power Through","floor":7},{"not_picked":["Disarm","Inflame"],"picked":"Perfected Strike","floor":10},{"not_picked":["ReplayTheSpireMod:LeadingStrike","Defy Death"],"picked":"Ghostly Armor","floor":12},{"not_picked":["Bludgeon","True Grit"],"picked":"Clothesline","floor":14},{"not_picked":["Double Tap","Feed"],"picked":"Corruption","floor":16},{"not_picked":["Clothesline","Disarm"],"picked":"Cleave","floor":18},{"not_picked":["Battle Trance","Iron Wave"],"picked":"ReplayTheSpireMod:LeadingStrike","floor":19},{"not_picked":["Sword Boomerang","Cleave"],"picked":"Spot Weakness","floor":21},{"not_picked":["Abandon","Clash"],"picked":"Bloodletting","floor":28},{"not_picked":["Body Slam","Thunderclap"],"picked":"Shrug It Off","floor":29},{"not_picked":["ReplayTheSpireMod:Strike From Hell","True Grit"],"picked":"Run Through","floor":31}],"player_experience":223004,"relics_obtained":[{"floor":6,"key":"Unceasing Top"},{"floor":9,"key":"Mummified Hand"},{"floor":12,"key":"ReplayTheSpireMod:Spearhead"},{"floor":26,"key":"Garlic"},{"floor":30,"key":"Nunchaku"}],"event_choices":[{"damage_healed":0,"gold_gain":0,"player_choice":"Grow","damage_taken":0,"max_hp_gain":0,"max_hp_loss":0,"event_name":"Living Wall","floor":3,"gold_loss":0,"cards_upgraded":["Bash"]},{"damage_healed":0,"gold_gain":0,"player_choice":"Cursed","damage_taken":0,"max_hp_gain":0,"max_hp_loss":0,"event_name":"Wheel of Change","floor":5,"gold_loss":0,"cards_obtained":["Decay"]},{"damage_healed":0,"gold_gain":275,"player_choice":"Desecrate","damage_taken":0,"max_hp_gain":0,"max_hp_loss":0,"event_name":"Golden Shrine","floor":22,"gold_loss":0,"cards_obtained":["Regret"]}],"is_beta":false,"boss_relics":[{"not_picked":["Velvet Choker","Ring of Chaos"],"picked":"Pandora\u0027s Box"}],"items_purged_floors":[20,24],"is_endless":false,"potions_floor_spawned":[4,6,7,12,16,19,21,31],"killed_by":"Pondfish","ascension_level":15}}