{"host":"5ty8fyb0ngp9gspj","time":1610978270,"event":{"mods":["2.2 Compatiblity","AchievementEnabler","Act Like it!","BaseMod","Colored Map","Downfall","Hubris","Minty Spire (QoL Compilation)","Rare Cards Sparkle","Relic Stats","StSLib","The Jungle","slay the spire mod where everything is the same but ironclad has a cowboy hat"],"gold_per_floor":[99,109,120,132,143,143,143,165,179,179,179,179],"floor_reached":11,"language":"ENG","playtime":411,"items_purged":[],"score":65,"play_id":"153569ca-559f-4f30-92bc-2fe26873d0b5","local_time":"20210119005750","is_ascension_mode":false,"campfire_choices":[{"data":"bronze:Replicate","floor":1,"key":"SMITH"}],"circlet_count":0,"master_deck":["bronze:Strike","bronze:Strike","bronze:Strike","bronze:Strike","bronze:Defend","bronze:Defend","bronze:Defend","bronze:Defend","bronze:Replicate+1","bronze:Goto","bronze:Shell","bronze:WhirlingStrike","bronze:Return","bronze:Overload","bronze:Optimize","bronze:DelayedGuard"],"relics":["bronze:BronzeCore","hubris:Potato","hubris:DisguiseKit","Odd Mushroom"],"acts_visited":["Exordium"],"potions_floor_usage":[8],"damage_taken":[{"damage":3,"enemies":"2 Louse","floor":2,"turns":3},{"damage":3,"enemies":"Small Slimes","floor":3,"turns":3},{"damage":1,"enemies":"Cultist","floor":4,"turns":3},{"damage":32,"enemies":"Exordium Thugs","floor":5,"turns":6},{"damage":20,"enemies":"The Mushroom Lair","floor":8,"turns":3},{"damage":11,"enemies":"Large Slime","floor":9,"turns":6},{"damage":12,"enemies":"3 Sentries","floor":11,"turns":2}],"seed_played":"-2258107100295295366","potions_obtained":[{"floor":4,"key":"hexamod:SoulburnPotion"},{"floor":9,"key":"Energy Potion"}],"is_trial":false,"path_per_floor":["R","M","M","M","M","?","T","?","M","?","E"],"character_chosen":"THE_AUTOMATON","items_purchased":[],"campfire_rested":0,"item_purchase_floors":[],"current_hp_per_floor":[77,74,71,70,38,35,35,15,4,4,0,0],"gold":179,"neow_bonus":"TEN_PERCENT_HP_BONUS","is_daily":false,"chose_seed":false,"campfire_upgraded":1,"win_rate":0.0,"timestamp":1610978270,"path_taken":["R","M","M","M","M","?","T","?","M","?","E"],"items_purchased_type":[],"build_version":"2020-12-22","purchased_purges":0,"victory":false,"max_hp_per_floor":[77,77,77,77,77,77,77,77,77,77,77,77],"relic_stats":{"counters":[7,26],"obtain_stats":[{"hubris:DisguiseKit":7,"bronze:BronzeCore":0,"Odd Mushroom":8,"hubris:Potato":6},{"hubris:DisguiseKit":4,"bronze:BronzeCore":0,"Odd Mushroom":5,"hubris:Potato":4},{"hubris:DisguiseKit":15,"bronze:BronzeCore":0,"Odd Mushroom":18,"hubris:Potato":15}]},"card_choices":[{"not_picked":["bronze:Turbo","bronze:Deprecate"],"picked":"bronze:Shell","floor":2},{"not_picked":["bronze:Return","bronze:BuggyMess"],"picked":"bronze:WhirlingStrike","floor":3},{"not_picked":["bronze:ForLoop","bronze:Shield"],"picked":"bronze:Return","floor":4},{"not_picked":["bronze:WhirlingStrike","bronze:BugBarrage"],"picked":"bronze:Overload","floor":5},{"not_picked":["bronze:Return","bronze:CloningBeam","Omniscience"],"picked":"bronze:Optimize","floor":8},{"not_picked":["bronze:MaxOutput","bronze:OilSpill","Prostrate"],"picked":"bronze:DelayedGuard","floor":9}],"player_experience":396329,"relics_obtained":[{"floor":7,"key":"hubris:DisguiseKit"},{"floor":8,"key":"Odd Mushroom"}],"event_choices":[{"damage_healed":0,"gold_gain":0,"player_choice":"Success","damage_taken":3,"relics_obtained":["hubris:Potato"],"max_hp_gain":0,"max_hp_loss":0,"event_name":"Scrap Ooze","floor":6,"gold_loss":0},{"damage_healed":0,"gold_gain":0,"player_choice":"Fought Mushrooms","damage_taken":0,"max_hp_gain":0,"max_hp_loss":0,"event_name":"Mushrooms","floor":8,"gold_loss":0}],"is_beta":false,"boss_relics":[],"items_purged_floors":[],"is_endless":false,"potions_floor_spawned":[4,9],"killed_by":"3 Sentries","ascension_level":0}}