{"host":"yqveedbda5h7irme","time":1610958872,"event":{"mods":["AchievementEnabler","Aspiration","BaseMod","BetterRewards","Colored Powertips","Conspire","GifTheSpireLib","Hubris","Infinite Spire","Marked Mod","Minty Spire (QoL Compilation)","Replay The Spire","StSLib","Stuff the Spire","The Death Knight","The Jungle","The Necromancer","The Servant 0.9.4"],"gold_per_floor":[109,19,38,38,38,38,66,66,140,160,175,140,140,140,140,175,175,270,270,285,335,353,353,373,398,398,427,427,437,451,451,465,465,465,567,567,579,579,579,596,187,187,187],"floor_reached":42,"language":"ENG","playtime":2252,"items_purged":["Defend_W","Strike_W","Defend_W"],"score":624,"play_id":"99dd5c3e-9969-4814-a75c-f921994caba4","local_time":"20210118093432","is_ascension_mode":true,"campfire_choices":[{"floor":6,"key":"REST"},{"data":"Uncharnel","floor":8,"key":"SMITH"},{"data":"Uncharnel","floor":15,"key":"SMITH"},{"floor":17,"key":"REST"},{"data":"Summon_Death_Knight","floor":26,"key":"SMITH"},{"data":"ReplayTheSpireMod:Chaos Vortex","floor":34,"key":"SMITH"}],"circlet_count":0,"master_deck":["Strike_W","Strike_W","Defend_W","Defend_W","Negative_Energy_Arrows","Bone_Wall","Uncharnel+1","Spectral_Walk","Blood_Curse+1","Summon_Undead_Army+1","Shackles_Of_Pain","Uncharnel+1","Negative_Energy_Javelin","Negative_Energy_Javelin","Bone_Armory","Pot Of Greed","Pot Of Greed","Death_March_Dance","Summon_Death_Knight+1","Bone_Shift","Vampiric_Strike+1","Summon_Vampire_Lady","Life_Drain","Negative_Energy_Sphere+1","Pot Of Greed","Finger_Of_Death","hubris:Fate","ReplayTheSpireMod:Chaos Vortex+1","StuffTheSpire:Ambrosia","Cloudkill","Consume_Illness","Bone_Armor","Summon_Undead_Army+1"],"relics":["Vampire_Amulet","Strange Spoon","Letter Opener","hubris:SphereOfDissonance","Grinning Jar","StuffTheSpire:Kangaroo","InkBottle","Oddly Smooth Stone","Runic Pyramid","Bottled Lightning"],"acts_visited":["Exordium","TheCity","TheBeyond"],"potions_floor_usage":[22,22,25,35,35,35,35,35],"damage_taken":[{"damage":0,"enemies":"conspire:RoseBush","floor":1,"turns":4},{"damage":21,"enemies":"Small Slimes","floor":3,"turns":4},{"damage":15,"enemies":"Replay:BlueRogue","floor":7,"turns":5},{"damage":6,"enemies":"2 Louse","floor":10,"turns":2},{"damage":5,"enemies":"Red Slaver","floor":11,"turns":2},{"damage":28,"enemies":"3 Sentries","floor":16,"turns":6},{"damage":30,"enemies":"Hexaghost","floor":18,"turns":8},{"damage":6,"enemies":"Chosen","floor":20,"turns":4},{"damage":6,"enemies":"2 Thieves","floor":22,"turns":4},{"damage":15,"enemies":"Snake Plant","floor":24,"turns":4},{"damage":10,"enemies":"Book of Stabbing","floor":25,"turns":4},{"damage":8,"enemies":"conspire:Head Lice","floor":27,"turns":8},{"damage":10,"enemies":"conspire:HollyBat","floor":29,"turns":5},{"damage":34,"enemies":"3 Cultists","floor":30,"turns":5},{"damage":4,"enemies":"Centurion and Healer","floor":32,"turns":4},{"damage":5,"enemies":"Collector","floor":35,"turns":8},{"damage":47,"enemies":"3 Darklings","floor":37,"turns":5},{"damage":0,"enemies":"Orb Walker","floor":40,"turns":3},{"damage":85,"enemies":"Giant Head","floor":42,"turns":8}],"seed_played":"-782359113337367845","potions_obtained":[{"floor":1,"key":"AttackPotion"},{"floor":16,"key":"Languid Potion"},{"floor":18,"key":"Adrenaline Potion"},{"floor":22,"key":"DeathKnight:BottledBloodEchoes"},{"floor":25,"key":"FearPotion"},{"floor":27,"key":"EntropicBrew"},{"floor":30,"key":"Strength Potion"}],"is_trial":false,"path_per_floor":["M","$","M","?","?","R","E","R","T","M","M","?","PTL","PTL","R","E","R","B",null,"M","?","M","?","M","E","R","E","T","M","M","AVR","M","?","R","B",null,"M","?","?","M","$","E"],"character_chosen":"NECROMANCER","items_purchased":["Spectral_Walk","Strange Spoon","Summon_Undead_Army","Shackles_Of_Pain","Bottled Lightning","Summon_Undead_Army+1"],"campfire_rested":2,"item_purchase_floors":[0,0,2,2,41,41],"current_hp_per_floor":[57,57,40,33,33,55,42,42,42,40,37,55,55,55,55,33,55,27,75,71,71,69,69,56,52,52,75,75,67,45,45,45,45,45,76,76,53,53,53,60,60,0,0],"gold":187,"neow_bonus":"","is_daily":false,"chose_seed":false,"campfire_upgraded":4,"win_rate":0.0,"timestamp":1610958872,"path_taken":["M","$","M","?","?","R","E","R","T","M","M","?","PTL","PTL","R","E","R","BOSS","M","?","?","?","?","E","R","E","T","M","M","AVR","M","?","R","BOSS","M","?","?","?","$","E"],"items_purchased_type":["Card","Relic","Card","Card","Relic","Card"],"build_version":"2020-12-22","purchased_purges":3,"victory":false,"max_hp_per_floor":[75,75,75,75,75,75,75,75,75,75,75,75,75,75,75,75,75,75,75,75,75,75,75,75,75,75,75,75,75,75,75,75,75,75,76,76,77,77,77,78,78,79,79],"card_choices":[{"not_picked":["Death_Coil","Consume_Illness"],"picked":"Blood_Curse","floor":1},{"not_picked":["Scare","Blood_Whip"],"picked":"Uncharnel","floor":3},{"not_picked":["Blood_Magic","Death_Coil"],"picked":"Negative_Energy_Javelin","floor":7},{"not_picked":["Chill_Blood","Deaths_Shadow"],"picked":"Negative_Energy_Javelin","floor":10},{"not_picked":["Bone_Bullets","Reap_The_Weak"],"picked":"Bone_Armory","floor":11},{"not_picked":["Bone_Spikes","Chill_Blood"],"picked":"Death_March_Dance","floor":16},{"not_picked":["Hellfire","Reap_The_Weak"],"picked":"Summon_Death_Knight","floor":18},{"not_picked":["Shackles_Of_Pain+1","Vampiric_Strike","Death_March_Dance+1"],"picked":"SKIP","floor":20},{"not_picked":["Death_Coil","Negative_Energy_Sphere"],"picked":"Bone_Shift","floor":22},{"not_picked":["Shade_Step+1","Consume_Illness"],"picked":"Vampiric_Strike+1","floor":24},{"not_picked":["Negative_Energy_Javelin","Blood_Curse+1"],"picked":"Summon_Vampire_Lady","floor":25},{"not_picked":["Negative_Energy_Sphere","Death_Coil+1"],"picked":"Life_Drain","floor":27},{"not_picked":["Death_Coil","Shackles_Of_Pain"],"picked":"Negative_Energy_Sphere+1","floor":29},{"not_picked":["Necromantic_Selection","Consume_Illness"],"picked":"Finger_Of_Death","floor":30},{"not_picked":["Bone_Bullets","Siphon_Strength","Bone_Shift"],"picked":"SKIP","floor":32},{"not_picked":["StuffTheSpire:Rapture","StuffTheSpire:Harmony"],"picked":"StuffTheSpire:Ambrosia","floor":33},{"not_picked":["Negative_Energy_Bomb","Skeleton_Dragon"],"picked":"Cloudkill","floor":35},{"not_picked":["Death_Knell","Plague_Bolt+1"],"picked":"Consume_Illness","floor":37},{"not_picked":["Chill_Blood","Flesh_Made_Foul"],"picked":"Bone_Armor","floor":40}],"player_experience":128005,"relics_obtained":[{"floor":7,"key":"Letter Opener"},{"floor":9,"key":"hubris:SphereOfDissonance"},{"floor":16,"key":"Grinning Jar"},{"floor":25,"key":"InkBottle"},{"floor":27,"key":"Oddly Smooth Stone"},{"floor":28,"key":"ReplayTheSpireMod:Lightbulb"}],"event_choices":[{"cards_removed":["Strike_W"],"damage_healed":0,"gold_gain":0,"player_choice":"Card Removal","damage_taken":7,"max_hp_gain":0,"max_hp_loss":0,"event_name":"Golden Wing","floor":4,"gold_loss":0},{"damage_healed":18,"gold_gain":0,"player_choice":"Healed","damage_taken":0,"max_hp_gain":0,"max_hp_loss":0,"event_name":"The Cleric","floor":12,"gold_loss":35},{"damage_healed":0,"gold_gain":100,"player_choice":"Bet on Murderer","damage_taken":0,"max_hp_gain":0,"max_hp_loss":0,"event_name":"The Joust","floor":21,"gold_loss":50},{"damage_healed":0,"gold_gain":0,"player_choice":"Upgraded","damage_taken":0,"max_hp_gain":0,"max_hp_loss":0,"event_name":"Upgrade Shrine","floor":23,"gold_loss":0,"cards_upgraded":["Blood_Curse"]},{"damage_healed":0,"gold_gain":0,"player_choice":"Leave","damage_taken":0,"max_hp_gain":0,"max_hp_loss":0,"event_name":"conspire:Investor","floor":38,"gold_loss":0},{"damage_healed":0,"gold_gain":0,"player_choice":"Bought 0 Potions","damage_taken":0,"max_hp_gain":0,"max_hp_loss":0,"event_name":"The Woman in Blue","floor":39,"gold_loss":0}],"is_beta":false,"boss_relics":[{"not_picked":["Replay:Fungal Core","hubris:TerracottaHorce"],"picked":"StuffTheSpire:Kangaroo"},{"not_picked":["Runic Dome","Kintsugi"],"picked":"Runic Pyramid"}],"items_purged_floors":[0,31,41],"is_endless":false,"potions_floor_spawned":[1,16,18,22,25,27,30],"killed_by":"Giant Head","ascension_level":1}}