{"host":"kqe6w2igxc79vo14","time":1610953502,"event":{"mods":["AchievementEnabler","BaseMod","Downfall","Minty Spire (QoL Compilation)","Quick Restart","StSLib"],"gold_per_floor":[112,132,147,147,158,158,178,178,201,214,240,268,268,292,292,292,292],"floor_reached":16,"language":"ENG","playtime":773,"items_purged":[],"score":156,"play_id":"10051606-fd7f-4ed2-b7fc-55a17050162e","local_time":"20210118090502","is_ascension_mode":true,"campfire_choices":[{"data":"Magnetism","floor":6,"key":"SMITH"},{"floor":8,"key":"REST"},{"floor":13,"key":"REST"},{"floor":15,"key":"REST"}],"circlet_count":0,"master_deck":["AscendersBane","Strike_P","Strike_P","Strike_P","Defend_P","Defend_P","Defend_P","Defend_P","Eruption","Vigilance","Magnetism+1","CutThroughFate","EmptyBody","WindmillStrike"],"relics":["PureWater","Boot","Potion Belt","CeramicFish"],"acts_visited":["Exordium"],"potions_floor_usage":[5,12],"damage_taken":[{"damage":0.0,"enemies":"Cultist","floor":1.0,"turns":3.0},{"damage":2.0,"enemies":"2 Louse","floor":2.0,"turns":2.0},{"damage":5.0,"enemies":"Jaw Worm","floor":3.0,"turns":5.0},{"damage":23,"enemies":"Lots of Slimes","floor":5,"turns":4},{"damage":24,"enemies":"2 Fungi Beasts","floor":7,"turns":5},{"damage":2,"enemies":"Looter","floor":10,"turns":5},{"damage":10,"enemies":"Lagavulin","floor":12,"turns":10},{"damage":29,"enemies":"Large Slime","floor":14,"turns":8},{"damage":56,"enemies":"Slime Boss","floor":16,"turns":7}],"seed_played":"5252574635133517421","potions_obtained":[{"floor":2.0,"key":"FairyPotion"},{"floor":3.0,"key":"champ:CounterPotion"},{"floor":7,"key":"PowerPotion"}],"is_trial":false,"path_per_floor":["M","M","M","?","M","R","M","R","T","M","T","E","R","M","R","B"],"character_chosen":"WATCHER","items_purchased":[],"campfire_rested":3,"item_purchase_floors":[],"current_hp_per_floor":[47,45,40,40,17,17,21,42,42,40,40,30,51,22,43,0,0],"gold":292,"neow_bonus":"RANDOM_COLORLESS_2","is_daily":false,"chose_seed":false,"campfire_upgraded":1,"win_rate":0.0,"timestamp":1610953502,"path_taken":["M","?","M","?","M","R","M","R","T","M","?","E","R","M","R","BOSS"],"items_purchased_type":[],"build_version":"2020-12-22","purchased_purges":0,"victory":false,"max_hp_per_floor":[72,72,72,72,72,72,72,72,72,72,72,72,72,72,72,72,72],"card_choices":[{"not_picked":["Secret Technique","Apotheosis"],"picked":"Magnetism","floor":0.0},{"not_picked":["ThirdEye","FlyingSleeves"],"picked":"CutThroughFate","floor":1.0},{"not_picked":["JustLucky","SignatureMove","BowlingBash"],"picked":"SKIP","floor":2.0},{"not_picked":["Perseverance","Evaluate","Nirvana"],"picked":"SKIP","floor":3.0},{"not_picked":["Halt","BowlingBash","ThirdEye"],"picked":"SKIP","floor":5},{"not_picked":["Scrawl","BattleHymn"],"picked":"EmptyBody","floor":7},{"not_picked":["CrushJoints","BowlingBash","EmptyBody"],"picked":"SKIP","floor":10},{"not_picked":["WheelKick","Swivel","Halt"],"picked":"SKIP","floor":12},{"not_picked":["Evaluate","Prostrate"],"picked":"WindmillStrike","floor":14}],"player_experience":916701,"relics_obtained":[{"floor":9,"key":"Boot"},{"floor":11,"key":"Potion Belt"},{"floor":12,"key":"CeramicFish"}],"event_choices":[{"cards_removed":["Strike_P"],"damage_healed":0.0,"max_hp_gain":0.0,"max_hp_loss":0.0,"gold_gain":0.0,"event_name":"Living Wall","player_choice":"Forget","floor":4.0,"gold_loss":0.0,"damage_taken":0.0}],"is_beta":false,"boss_relics":[],"items_purged_floors":[],"is_endless":false,"potions_floor_spawned":[2,3,7],"killed_by":"Slime Boss","ascension_level":10}}