{"host":"fnk117zi8wf5078t","time":1610977196,"event":{"mods":["AchievementEnabler","BaseMod","Colored Map","Minty Spire (QoL Compilation)","Rare Cards Sparkle","SuperFastMode","everything is the same but u backflip on backflip"],"gold_per_floor":[369,369,369,56,56,83,83,83,83,83,114,133,133,133],"floor_reached":13,"language":"KOR","playtime":287,"items_purged":["Strike_B"],"score":129,"play_id":"3cd5ef3d-1fff-42fb-b128-1ea1e39a63ac","local_time":"20210118223956","is_ascension_mode":true,"campfire_choices":[{"data":"Defend_B","floor":7,"key":"PURGE"}],"circlet_count":0,"master_deck":["Strike_B","Strike_B+1","Strike_B+1","Defend_B","Defend_B","Defend_B+1","Zap","Dualcast+1","Ball Lightning","Meteor Strike","Steam Power"],"relics":["Cracked Core","Eternal Feather","Shuriken","Peace Pipe","Whetstone","Du-Vu Doll","Pantograph","Gremlin Horn"],"acts_visited":["Exordium"],"potions_floor_usage":[6],"damage_taken":[{"damage":6,"enemies":"Cultist","floor":1,"turns":3},{"damage":30,"enemies":"Lagavulin","floor":6,"turns":7},{"damage":24,"enemies":"3 Sentries","floor":11,"turns":6},{"damage":0,"enemies":"2 Louse","floor":12,"turns":1},{"damage":15,"enemies":"Lagavulin","floor":13,"turns":3}],"seed_played":"-3147447068264412005","potions_obtained":[{"floor":1,"key":"Regen Potion"}],"is_trial":false,"path_per_floor":["M","T","?","$","T","E","R","?","T","T","E","M","E"],"character_chosen":"DEFECT","items_purchased":["Shuriken"],"campfire_rested":0,"item_purchase_floors":[4],"current_hp_per_floor":[62,62,55,55,55,40,46,31,31,31,7,7,0,0],"gold":133,"neow_bonus":"TWO_FIFTY_GOLD","is_daily":false,"chose_seed":false,"campfire_upgraded":0,"win_rate":0.0,"timestamp":1610977196,"path_taken":["M","?","?","$","?","E","R","?","T","?","E","M","E"],"items_purchased_type":["Relic"],"build_version":"2020-12-22","purchased_purges":1,"victory":false,"max_hp_per_floor":[75,75,75,75,75,75,75,75,75,75,75,75,75,75],"card_choices":[{"not_picked":["Conserve Battery","Barrage"],"picked":"Ball Lightning","floor":1},{"not_picked":["Stack","Steam"],"picked":"Meteor Strike","floor":6},{"not_picked":["Rainbow","Capacitor"],"picked":"Steam Power","floor":11},{"not_picked":["Cold Snap","Storm","Doom and Gloom"],"picked":"SKIP","floor":12}],"player_experience":409599,"relics_obtained":[{"floor":2,"key":"Eternal Feather"},{"floor":5,"key":"Peace Pipe"},{"floor":6,"key":"Whetstone"},{"floor":9,"key":"Du-Vu Doll"},{"floor":10,"key":"Pantograph"},{"floor":11,"key":"Gremlin Horn"}],"event_choices":[{"cards_removed":["Injury"],"damage_healed":0,"gold_gain":0,"player_choice":"Card Removal","damage_taken":7,"max_hp_gain":0,"max_hp_loss":0,"event_name":"Golden Wing","floor":3,"gold_loss":0},{"damage_healed":0,"gold_gain":0,"player_choice":"Entered Light","damage_taken":15,"max_hp_gain":0,"max_hp_loss":0,"event_name":"Shining Light","floor":8,"gold_loss":0,"cards_upgraded":["Defend_B","Dualcast"]}],"is_beta":false,"boss_relics":[],"items_purged_floors":[4],"is_endless":false,"potions_floor_spawned":[1],"killed_by":"Lagavulin","ascension_level":9}}