{"host":"la6t950uoatqs0xt","time":1610941759,"event":{"mods":["AchievementEnabler","BaseMod","Colored Powertips","Minty Spire (QoL Compilation)","Quick Restart","Rare Cards Sparkle"],"gold_per_floor":[117,135,155,105,121,154,154,183,183,183,197,207,207,223,223,326,326,340,330,330,405,405,405,405],"floor_reached":23,"language":"ENG","playtime":643,"items_purged":[],"score":233,"play_id":"494ff069-43ae-4d38-8ccf-45de46cf274e","local_time":"20210117224919","is_ascension_mode":true,"campfire_choices":[{"floor":15,"key":"REST"}],"circlet_count":0,"master_deck":["Strike_B","Strike_B","Strike_B","Defend_B","Defend_B","Defend_B","Defend_B","Zap","Dualcast","Redo","Auto Shields","Ball Lightning","Ball Lightning","Ball Lightning","Doom and Gloom","Auto Shields","Capacitor","Leap+1","Lockon","Decay"],"relics":["Cracked Core","Peace Pipe","Regal Pillow","Tiny Chest","Nunchaku","Black Star","Singing Bowl"],"acts_visited":["Exordium","TheCity"],"potions_floor_usage":[6,16,16,23,23],"damage_taken":[{"damage":8,"enemies":"Jaw Worm","floor":1,"turns":4},{"damage":2,"enemies":"2 Louse","floor":2,"turns":2},{"damage":0,"enemies":"Small Slimes","floor":3,"turns":3},{"damage":11,"enemies":"Exordium Thugs","floor":5,"turns":3},{"damage":28,"enemies":"Gremlin Nob","floor":6,"turns":4},{"damage":20,"enemies":"3 Sentries","floor":8,"turns":5},{"damage":8,"enemies":"Blue Slaver","floor":11,"turns":3},{"damage":1,"enemies":"2 Fungi Beasts","floor":12,"turns":3},{"damage":1,"enemies":"Looter","floor":14,"turns":3},{"damage":38,"enemies":"Slime Boss","floor":16,"turns":6},{"damage":45,"enemies":"Shell Parasite","floor":18,"turns":6},{"damage":23,"enemies":"2 Thieves","floor":19,"turns":4},{"damage":43,"enemies":"Book of Stabbing","floor":23,"turns":5}],"seed_played":"-6026587600632284265","potions_obtained":[{"floor":1,"key":"DistilledChaos"},{"floor":2,"key":"SpeedPotion"},{"floor":8,"key":"Weak Potion"},{"floor":11,"key":"DistilledChaos"},{"floor":13,"key":"Fruit Juice"},{"floor":13,"key":"PowerPotion"},{"floor":19,"key":"Regen Potion"}],"is_trial":false,"path_per_floor":["M","M","M","?","M","E","?","E","T","T","M","M","?","M","R","B",null,"M","M","?","T","?","E"],"character_chosen":"DEFECT","items_purchased":[],"campfire_rested":1,"item_purchase_floors":[],"current_hp_per_floor":[74,72,72,72,61,33,33,13,13,13,5,4,4,3,42,9,87,42,19,19,19,19,0,0],"gold":405,"neow_bonus":"TEN_PERCENT_HP_BONUS","is_daily":false,"chose_seed":false,"campfire_upgraded":0,"win_rate":0.0,"timestamp":1610941759,"path_taken":["M","M","M","?","M","E","?","E","T","?","M","M","?","M","R","BOSS","M","M","?","?","?","E"],"items_purchased_type":[],"build_version":"2020-12-22","purchased_purges":0,"victory":false,"max_hp_per_floor":[82,82,82,82,82,82,82,82,82,82,82,82,82,82,82,87,87,87,87,87,87,87,87,87],"card_choices":[{"not_picked":["Heatsinks","Gash"],"picked":"Redo","floor":1},{"not_picked":["Go for the Eyes","Redo"],"picked":"Auto Shields","floor":2},{"not_picked":["Scrape","Genetic Algorithm"],"picked":"Ball Lightning","floor":3},{"not_picked":["Undo","Coolheaded"],"picked":"Ball Lightning","floor":5},{"not_picked":["Barrage","Coolheaded"],"picked":"Ball Lightning","floor":6},{"not_picked":["Redo","Turbo"],"picked":"Doom and Gloom","floor":8},{"not_picked":["Gash","FTL"],"picked":"Auto Shields","floor":11},{"not_picked":["Echo Form","Ball Lightning"],"picked":"Capacitor","floor":12},{"not_picked":["Reprogram","Gash","Cold Snap"],"picked":"SKIP","floor":14},{"not_picked":["Coolheaded","Steam"],"picked":"Leap+1","floor":18},{"not_picked":["Recycle","Fusion+1"],"picked":"Lockon","floor":19}],"player_experience":260837,"relics_obtained":[{"floor":6,"key":"Peace Pipe"},{"floor":8,"key":"Regal Pillow"},{"floor":9,"key":"Tiny Chest"},{"floor":10,"key":"Nunchaku"},{"floor":21,"key":"Singing Bowl"}],"event_choices":[{"cards_removed":["Strike_B"],"damage_healed":0,"gold_gain":0,"player_choice":"Card Removal","damage_taken":0,"max_hp_gain":0,"max_hp_loss":0,"event_name":"The Cleric","floor":4,"gold_loss":50},{"damage_healed":0,"gold_gain":0,"player_choice":"Ignored","damage_taken":0,"max_hp_gain":0,"max_hp_loss":0,"event_name":"Golden Idol","floor":7,"gold_loss":0},{"damage_healed":0,"gold_gain":0,"player_choice":"Got Potions","damage_taken":0,"max_hp_gain":0,"max_hp_loss":0,"event_name":"Lab","floor":13,"gold_loss":0},{"damage_healed":0,"gold_gain":0,"player_choice":"Ignored","damage_taken":0,"max_hp_gain":0,"max_hp_loss":0,"event_name":"Ghosts","floor":20,"gold_loss":0},{"damage_healed":0,"gold_gain":0,"player_choice":"Smashed Altar","damage_taken":0,"max_hp_gain":0,"max_hp_loss":0,"event_name":"Forgotten Altar","floor":22,"gold_loss":0,"cards_obtained":["Decay"]}],"is_beta":false,"boss_relics":[{"not_picked":["Sozu","Tiny House"],"picked":"Black Star"}],"items_purged_floors":[],"is_endless":false,"potions_floor_spawned":[1,2,8,11,14,19],"killed_by":"Book of Stabbing","ascension_level":3}}