{"host":"hk3n60c9tb8azi3z","time":1610957327,"event":{"mods":["AchievementEnabler","BaseMod","Minty Spire (QoL Compilation)","Relic Sorter","Relic Stats"],"gold_per_floor":[115,115,80,155,22,53,63,63,63,86,98,110,155,195,207,297,309,309,69,44,44,44,44,44,44,44,44,0,0,0,0,0,0,0,0,0,0,0,0,0,0,0,0,0,0,0,0,0,0,0,0,0,0,0,0,0],"floor_reached":57,"language":"ENG","playtime":5598,"items_purged":[],"score":3119,"play_id":"ca42c28e-da71-44eb-ae38-85c89f9c3d61","local_time":"20210118090847","daily_mods":["SealedDeck","Heirloom","Flight","Elite Swarm","Lethality"],"is_ascension_mode":true,"campfire_choices":[{"floor":8.0,"key":"REST"},{"floor":12.0,"key":"REST"},{"floor":15.0,"key":"REST"},{"data":"Wraith Form v2","floor":23.0,"key":"SMITH"},{"floor":25.0,"key":"REST"},{"floor":27.0,"key":"REST"},{"floor":32.0,"key":"REST"},{"floor":40.0,"key":"RECALL"},{"data":"Panacea","floor":41.0,"key":"SMITH"},{"floor":42.0,"key":"REST"},{"data":"Wraith Form v2","floor":49.0,"key":"SMITH"},{"data":"Adrenaline","floor":53.0,"key":"SMITH"}],"circlet_count":0,"master_deck":["AscendersBane","Distraction+1","PiercingWail+1","Backflip+1","Bane+1","Deadly Poison+1","Acrobatics+1","Backflip+1","Deadly Poison+1","Noxious Fumes+1","Reflex+1","Backflip+1","Panacea+1","Night Terror+1","Dagger Spray+1","Underhanded Strike+1","Venomology+1","Prepared+1","Wraith Form v2+1","Skewer+1","Well Laid Plans+1","Underhanded Strike+1","Pain","J.A.X.+1","Burst+1","Crippling Poison+1","Burst+1","Corpse Explosion+1","Panacea+1","Shame","Wraith Form v2+1","Adrenaline+1","Night Terror"],"relics":["Ring of the Snake","TungstenRod","Oddly Smooth Stone","MawBank","Pear","Odd Mushroom","Ectoplasm","Juzu Bracelet","WarpedTongs","Incense Burner","InkBottle","Molten Egg 2","Cursed Key","Mark of the Bloom","Torii","Tough Bandages","Regal Pillow","Red Mask","Smiling Mask","Kunai"],"acts_visited":["TheEnding"],"potions_floor_usage":[55,56,56,56,56],"damage_taken":[{"damage":3.0,"enemies":"Small Slimes","floor":1.0,"turns":3.0},{"damage":46.0,"enemies":"3 Sentries","floor":6.0,"turns":7.0},{"damage":0.0,"enemies":"Jaw Worm","floor":7.0,"turns":4.0},{"damage":8.0,"enemies":"Cultist","floor":10.0,"turns":3.0},{"damage":10.0,"enemies":"Lagavulin","floor":13.0,"turns":7.0},{"damage":12.0,"enemies":"The Mushroom Lair","floor":14.0,"turns":4.0},{"damage":0.0,"enemies":"Slime Boss","floor":16.0,"turns":4.0},{"damage":0.0,"enemies":"Chosen","floor":18.0,"turns":3.0},{"damage":54.0,"enemies":"Book of Stabbing","floor":24.0,"turns":8.0},{"damage":19.0,"enemies":"2 Thieves","floor":28.0,"turns":4.0},{"damage":2.0,"enemies":"Gremlin Leader","floor":31.0,"turns":8.0},{"damage":20.0,"enemies":"Collector","floor":33.0,"turns":11.0},{"damage":23.0,"enemies":"Orb Walker","floor":35.0,"turns":3.0},{"damage":0.0,"enemies":"Nemesis","floor":44.0,"turns":9.0},{"damage":0.0,"enemies":"2 Orb Walkers","floor":45.0,"turns":2.0},{"damage":19.0,"enemies":"Reptomancer","floor":46.0,"turns":7.0},{"damage":2.0,"enemies":"Giant Head","floor":48.0,"turns":5.0},{"damage":0.0,"enemies":"Time Eater","floor":50.0,"turns":15.0},{"damage":11.0,"enemies":"Awakened One","floor":51.0,"turns":12.0},{"damage":0,"enemies":"Shield and Spear","floor":55,"turns":6},{"damage":1,"enemies":"The Heart","floor":56,"turns":13}],"seed_played":"8555684597932366847","potions_obtained":[{"floor":7.0,"key":"SteroidPotion"},{"floor":10.0,"key":"ColorlessPotion"},{"floor":13.0,"key":"SpeedPotion"},{"floor":18.0,"key":"FearPotion"}],"is_trial":true,"path_per_floor":["M","?","?","?","$","E","M","R","T","M","$","R","E","?","R","B",null,"M","$","$","?","?","R","E","R","T","R","M","?","$","E","R","B",null,"M","?","?","?","?","R","R","R","T","E","?","E","?","E","R","B","B",null,"R","$","E","B",null],"character_chosen":"THE_SILENT","items_purchased":["Backflip","Panacea","Well Laid Plans","Juzu Bracelet","Underhanded Strike"],"campfire_rested":7,"item_purchase_floors":[5,5,19,19,20],"current_hp_per_floor":[56,56,66,56,56,10,10,29,29,21,21,40,40,28,50,50,70,70,70,70,70,70,70,16,38,38,60,41,36,36,34,56,36,66,43,43,43,43,43,43,43,43,43,43,43,24,24,22,22,22,11,11,11,11,11,10],"gold":0,"neow_bonus":"","is_daily":false,"chose_seed":false,"campfire_upgraded":4,"win_rate":0.0,"timestamp":1610957327,"path_taken":["M","?","?","?","$","E","?","R","T","M","?","R","E","?","R","BOSS","M","$","$","?","?","R","E","R","T","R","M","?","?","E","R","BOSS","M","?","?","?","?","R","R","R","T","E","?","E","?","E","R","BOSS","BOSS","R","$","E","BOSS"],"items_purchased_type":["Card","Card","Card","Relic","Card"],"build_version":"2020-12-22","purchased_purges":0,"victory":true,"max_hp_per_floor":[66,66,66,66,66,66,66,66,66,66,66,66,76,76,76,76,76,76,76,76,76,76,76,76,76,76,76,76,76,76,76,76,76,76,76,76,72,72,72,72,72,72,72,72,72,72,72,72,72,72,72,72,72,72,72,72],"relic_stats":{"Mark of the Bloom":46,"Regal Pillow":0,"Torii":0,"counters":[2,19],"Juzu Bracelet":0,"MawBank":0,"Cursed Key":0,"Smiling Mask":0,"WarpedTongs":[0],"Tough Bandages":[21],"Ectoplasm":29,"Kunai":[1],"obtain_stats":[{"Mark of the Bloom":0,"Regal Pillow":0,"Pear":0,"Torii":0,"Oddly Smooth Stone":0,"Juzu Bracelet":0,"Incense Burner":0,"Odd Mushroom":0,"MawBank":0,"Cursed Key":0,"Smiling Mask":0,"WarpedTongs":0,"Tough Bandages":0,"Molten Egg 2":0,"Ectoplasm":0,"Red Mask":0,"Kunai":55,"TungstenRod":0,"InkBottle":0,"Ring of the Snake":0},{"Mark of the Bloom":0,"Regal Pillow":0,"Pear":0,"Torii":0,"Oddly Smooth Stone":0,"Juzu Bracelet":0,"Incense Burner":0,"Odd Mushroom":0,"MawBank":0,"Cursed Key":0,"Smiling Mask":0,"WarpedTongs":0,"Tough Bandages":0,"Molten Egg 2":0,"Ectoplasm":0,"Red Mask":0,"Kunai":1,"TungstenRod":0,"InkBottle":0,"Ring of the Snake":0},{"Mark of the Bloom":0,"Regal Pillow":0,"Pear":0,"Torii":0,"Oddly Smooth Stone":0,"Juzu Bracelet":0,"Incense Burner":0,"Odd Mushroom":0,"MawBank":0,"Cursed Key":0,"Smiling Mask":0,"WarpedTongs":0,"Tough Bandages":0,"Molten Egg 2":0,"Ectoplasm":0,"Red Mask":0,"Kunai":6,"TungstenRod":0,"InkBottle":0,"Ring of the Snake":0}],"TungstenRod":136,"InkBottle":[9],"Ring of the Snake":[4]},"card_choices":[{"not_picked":["Deadly Poison","Prepared","Acrobatics"],"picked":"SKIP","floor":1.0},{"not_picked":["After Image","Phantasmal Killer"],"picked":"Night Terror","floor":6.0},{"not_picked":["Cloak And Dagger","Prepared"],"picked":"Dagger Spray","floor":7.0},{"not_picked":["Deflect","Quick Slash"],"picked":"Underhanded Strike","floor":10.0},{"not_picked":["Grand Finale","Night Terror"],"picked":"Venomology","floor":13.0},{"not_picked":["Dagger Spray","Deadly Poison"],"picked":"Prepared","floor":14.0},{"not_picked":["Envenom","Adrenaline"],"picked":"Wraith Form v2","floor":16.0},{"not_picked":["Quick Slash+1","Dagger Spray"],"picked":"Skewer","floor":18.0},{"not_picked":["Adrenaline","Grand Finale"],"picked":"Burst","floor":24.0},{"not_picked":["PiercingWail","Choke+1"],"picked":"Crippling Poison","floor":28.0},{"not_picked":["Venomology","Glass Knife+1"],"picked":"Burst","floor":31.0},{"not_picked":["Phantasmal Killer","Tools of the Trade"],"picked":"Corpse Explosion","floor":33.0},{"not_picked":["Poisoned Stab+1","Bane+1","Dagger Spray+1"],"picked":"SKIP","floor":35.0},{"not_picked":["Bandage Up","Secret Weapon"],"picked":"Panacea","floor":39.0},{"not_picked":["Corpse Explosion","Envenom"],"picked":"Wraith Form v2","floor":44.0},{"not_picked":["Corpse Explosion","Burst"],"picked":"Adrenaline","floor":46.0},{"not_picked":["Die Die Die+1","Envenom","Burst"],"picked":"SKIP","floor":48.0},{"not_picked":["Corpse Explosion","Envenom"],"picked":"Night Terror","floor":55}],"player_experience":1510168,"relics_obtained":[{"floor":6.0,"key":"Oddly Smooth Stone"},{"floor":9.0,"key":"MawBank"},{"floor":13.0,"key":"Pear"},{"floor":14.0,"key":"Odd Mushroom"},{"floor":24.0,"key":"Incense Burner"},{"floor":26.0,"key":"InkBottle"},{"floor":31.0,"key":"Molten Egg 2"},{"floor":44.0,"key":"Torii"},{"floor":45.0,"key":"Tough Bandages"},{"floor":46.0,"key":"Regal Pillow"},{"floor":48.0,"key":"Smiling Mask"},{"floor":55,"key":"Kunai"}],"event_choices":[{"damage_healed":0.0,"max_hp_gain":0.0,"max_hp_loss":0.0,"gold_gain":0.0,"event_name":"Golden Wing","player_choice":"Ignored","floor":2.0,"gold_loss":0.0,"damage_taken":0.0},{"damage_healed":16.0,"max_hp_gain":0.0,"max_hp_loss":0.0,"gold_gain":0.0,"event_name":"The Cleric","player_choice":"Healed","floor":3.0,"gold_loss":35.0,"damage_taken":0.0},{"damage_healed":0.0,"max_hp_gain":0.0,"max_hp_loss":0.0,"gold_gain":75.0,"event_name":"World of Goop","player_choice":"Gather Gold","floor":4.0,"gold_loss":0.0,"damage_taken":11.0},{"damage_healed":0.0,"max_hp_gain":0.0,"max_hp_loss":0.0,"gold_gain":0.0,"event_name":"Mushrooms","player_choice":"Fought Mushrooms","floor":14.0,"gold_loss":0.0,"damage_taken":0.0},{"damage_healed":0.0,"max_hp_gain":0.0,"max_hp_loss":0.0,"gold_gain":0.0,"event_name":"Accursed Blacksmith","player_choice":"Rummage","floor":21.0,"gold_loss":0.0,"damage_taken":0.0,"relics_obtained":["WarpedTongs"],"cards_obtained":["Pain"]},{"damage_healed":0.0,"max_hp_gain":0.0,"max_hp_loss":0.0,"gold_gain":0.0,"event_name":"Drug Dealer","player_choice":"Obtain J.A.X.","floor":22.0,"gold_loss":0.0,"damage_taken":0.0,"cards_obtained":["J.A.X."]},{"damage_healed":0.0,"max_hp_gain":0.0,"max_hp_loss":0.0,"gold_gain":0.0,"event_name":"Nest","player_choice":"Joined the Cult","floor":29.0,"gold_loss":0.0,"damage_taken":6.0,"cards_obtained":["RitualDagger"]},{"damage_healed":0.0,"max_hp_gain":0.0,"max_hp_loss":0.0,"gold_gain":0.0,"event_name":"MindBloom","player_choice":"Upgrade","floor":36.0,"gold_loss":0.0,"damage_taken":0.0,"cards_upgraded":["Distraction","PiercingWail","Backflip","Bane","Deadly Poison","Acrobatics","Backflip","Deadly Poison","Noxious Fumes","Reflex","Backflip","Panacea","Night Terror","Dagger Spray","Underhanded Strike","Venomology","Prepared","Skewer","Well Laid Plans","Underhanded Strike","J.A.X.","Burst","Crippling Poison","RitualDagger","Burst","Corpse Explosion"],"relics_obtained":["Mark of the Bloom"]},{"damage_healed":0.0,"max_hp_gain":0.0,"max_hp_loss":4.0,"gold_gain":0.0,"event_name":"Winding Halls","player_choice":"Max HP","floor":37.0,"gold_loss":0.0,"damage_taken":0.0},{"cards_removed":["RitualDagger"],"damage_healed":0.0,"max_hp_gain":0.0,"max_hp_loss":0.0,"gold_gain":0.0,"event_name":"Falling","player_choice":"Removed Attack","floor":38.0,"gold_loss":0.0,"damage_taken":0.0},{"damage_healed":0.0,"max_hp_gain":0.0,"max_hp_loss":0.0,"gold_gain":0.0,"event_name":"SensoryStone","player_choice":"Memory 1","floor":39.0,"gold_loss":0.0,"damage_taken":0.0},{"damage_healed":0.0,"max_hp_gain":0.0,"max_hp_loss":0.0,"gold_gain":0.0,"event_name":"Mysterious Sphere","player_choice":"Fight","floor":45.0,"gold_loss":0.0,"damage_taken":0.0},{"damage_healed":0.0,"max_hp_gain":0.0,"max_hp_loss":0.0,"gold_gain":0.0,"event_name":"Tomb of Lord Red Mask","player_choice":"Paid","floor":47.0,"gold_loss":0.0,"damage_taken":0.0,"relics_obtained":["Red Mask"]}],"is_beta":false,"boss_relics":[{"not_picked":["Snecko Eye","Empty Cage"],"picked":"Ectoplasm"},{"not_picked":["Ring of the Serpent","Busted Crown"],"picked":"Cursed Key"}],"items_purged_floors":[],"is_endless":false,"potions_floor_spawned":[7,10,13,16,18,28,46],"ascension_level":20}}