{"host":"a3oe3gstxz77c7qu","time":1610986643,"event":{"mods":["2.2 Compatiblity","Act Like it!","Astrologer","BaseMod","Bestiary","Better Altar","Better Match","Better Note","Better Skull","Better Third Choice","Block Reminder","Curses Come First","Custom Start","Dark Map","Downfall","Fox Events","Friendly Minions","GifTheSpireLib","Hallownest","Hermit","Jorbs\u0027s Wanderer Trilogy","Lobotomy","LobotomyExtend","Marisa????????","Minty Spire (QoL Compilation)","Permanent Neow","Quick Restart","Relic Stats","StSLib","The Bug Knight","The Cursed","The Disciple","The Jungle","Uncapped","Unknown Chances","Wandering Minibosses"],"gold_per_floor":[99,119,135,153,303,11,11,11,24,24,24,42,72,92,109,207,207,7,7,7,7,0,0,53,63,95,114,14,14,14,33,48,147,147,147,221,221,221],"floor_reached":37,"language":"ENG","playtime":2472,"items_purged":["downfall:Icky","bronze:Strike"],"score":387,"play_id":"8622a39a-78c5-4eb6-9215-a77b89207768","local_time":"20210118161723","is_ascension_mode":false,"campfire_choices":[{"data":"bronze:Replicate","floor":1,"key":"SMITH"},{"floor":18,"key":"RECALL"},{"floor":28,"key":"REST"},{"data":"bronze:ChosenStrike","floor":30,"key":"SMITH"},{"data":"bronze:Boost","floor":35,"key":"SMITH"}],"circlet_count":0,"master_deck":["bronze:Strike","bronze:Defend+1","bronze:Defend","bronze:Defend+1","bronze:Defend","bronze:Replicate+1","bronze:Goto","bronze:DelayedSlice+1","bronze:Constructor","bronze:BitShift","bronze:WhirlingStrike","bronze:Fortify","bronze:Assembly","bronze:Flail","bronze:ChosenStrike+1","bronze:Replicate+1","bronze:CutThrough+1","bronze:FineTuning","bronze:Boost+1","bronze:ThunderWave","wanderingMiniBosses:FinaleOfPromise","bronze:Branch+1"],"relics":["bronze:BronzeCore","PreservedInsect","Pear","SlaversCollar","downfall:HeartBlessingBlue","downfall:HeartBlessingGreen","Art of War","Pantograph","downfall:HeartBlessingRed","Runic Pyramid","wanderingMiniBosses:Blackblade","Frozen Eye"],"acts_visited":["Exordium","TheCity","TheBeyond"],"potions_floor_usage":[13,16,27,32,33,33,33,37],"damage_taken":[{"damage":0,"enemies":"Jaw Worm","floor":2,"turns":5},{"damage":1,"enemies":"2 Louse","floor":3,"turns":4},{"damage":0,"enemies":"Cultist","floor":4,"turns":3},{"damage":0,"enemies":"downfall:FleeingMerchant","floor":6,"turns":4},{"damage":0,"enemies":"2 Fungi Beasts","floor":9,"turns":2},{"damage":12,"enemies":"Blue Slaver","floor":12,"turns":3},{"damage":4,"enemies":"Lagavulin","floor":13,"turns":6},{"damage":13,"enemies":"Large Slime","floor":14,"turns":8},{"damage":0,"enemies":"2 Fungi Beasts","floor":15,"turns":2},{"damage":40,"enemies":"DF_ARCHETYPE_STREAMLINE","floor":16,"turns":10},{"damage":0,"enemies":"Chosen","floor":19,"turns":1},{"damage":9,"enemies":"downfall:FleeingMerchant","floor":22,"turns":4},{"damage":31,"enemies":"Shelled Parasite and Fungi","floor":25,"turns":5},{"damage":14,"enemies":"Book of Stabbing","floor":26,"turns":5},{"damage":1,"enemies":"Cultist and Chosen","floor":27,"turns":6},{"damage":2,"enemies":"Centurion and Healer","floor":31,"turns":4},{"damage":13,"enemies":"Snake Plant","floor":32,"turns":4},{"damage":72,"enemies":"IC_MUSHROOM_ARCHETYPE","floor":33,"turns":11},{"damage":31,"enemies":"downfall:FleeingMerchant","floor":36,"turns":8},{"damage":46,"enemies":"Orin","floor":37,"turns":6}],"seed_played":"-183356426914967683","potions_obtained":[{"floor":3,"key":"Swift Potion"},{"floor":9,"key":"BlessingOfTheForge"},{"floor":13,"key":"PowerPotion"},{"floor":15,"key":"LiquidMemories"},{"floor":16,"key":"ColorlessPotion"},{"floor":31,"key":"Regen Potion"},{"floor":32,"key":"Block Potion"},{"floor":33,"key":"Fire Potion"}],"is_trial":false,"path_per_floor":["R","M","M","M","?","$","T","?","M","?","?","M","E","M","M","B",null,"R","M","?","?","$","?","T","M","E","M","R","?","R","M","M","B",null,"R","$","?"],"character_chosen":"THE_AUTOMATON","items_purchased":["PreservedInsect","bronze:WhirlingStrike","Frozen Eye"],"campfire_rested":1,"item_purchase_floors":[6,6,36],"current_hp_per_floor":[70,70,69,69,69,69,69,69,69,69,69,57,63,50,50,10,80,90,90,90,82,73,73,73,42,28,27,54,54,54,52,39,45,76,76,45,0,0],"gold":221,"neow_bonus":"REMOVE_CARD","is_daily":false,"chose_seed":false,"campfire_upgraded":3,"win_rate":0.0,"timestamp":1610986643,"path_taken":["R","M","M","M","?","$","T","?","?","?","?","M","E","M","M","BOSS","R","M","?","?","$","?","T","?","E","M","R","?","R","M","M","BOSS","R","$","?"],"items_purchased_type":["Relic","Card","Relic"],"build_version":"2020-12-22","purchased_purges":2,"victory":false,"max_hp_per_floor":[70,70,70,70,70,70,70,70,70,70,70,70,80,80,80,80,80,90,90,90,90,90,90,90,90,90,90,90,76,76,76,76,76,76,76,76,76,76],"relic_stats":{"counters":[20,101],"Pantograph":25,"PreservedInsect":147,"Art of War":[1],"obtain_stats":[{"bronze:BronzeCore":0,"Pear":13,"downfall:HeartBlessingRed":28,"downfall:HeartBlessingGreen":18,"PreservedInsect":6,"SlaversCollar":17,"Frozen Eye":36,"downfall:BrokenWingStatue":11,"wanderingMiniBosses:Blackblade":36,"downfall:HeartBlessingBlue":18,"Pantograph":26,"LetterFromLob":2,"Art of War":24,"Runic Pyramid":34},{"bronze:BronzeCore":0,"Pear":7,"downfall:HeartBlessingRed":15,"downfall:HeartBlessingGreen":10,"PreservedInsect":4,"SlaversCollar":10,"Frozen Eye":19,"downfall:BrokenWingStatue":5,"wanderingMiniBosses:Blackblade":19,"downfall:HeartBlessingBlue":10,"Pantograph":14,"LetterFromLob":1,"Art of War":12,"Runic Pyramid":18},{"bronze:BronzeCore":0,"Pear":27,"downfall:HeartBlessingRed":68,"downfall:HeartBlessingGreen":47,"PreservedInsect":16,"SlaversCollar":47,"Frozen Eye":95,"downfall:BrokenWingStatue":18,"wanderingMiniBosses:Blackblade":95,"downfall:HeartBlessingBlue":47,"Pantograph":62,"LetterFromLob":5,"Art of War":52,"Runic Pyramid":87}]},"card_choices":[{"not_picked":["bronze:OilSpill","bronze:MaxOutput","bronze:Deprecate"],"picked":"SKIP","floor":2},{"not_picked":["bronze:Turbo","bronze:ChildClass"],"picked":"bronze:DelayedSlice","floor":3},{"not_picked":["bronze:HyperBeam","bronze:Separator"],"picked":"bronze:Constructor","floor":4},{"not_picked":["bronze:ItsAFeature","bronze:SpaghettiCode"],"picked":"bronze:BitShift","floor":6},{"not_picked":["bronze:Constructor","bronze:OilSpill"],"picked":"bronze:Fortify","floor":9},{"not_picked":["bronze:WildBeam","bronze:ForceShield","bronze:Fortify"],"picked":"SKIP","floor":12},{"not_picked":["bronze:Frontload","bronze:ThunderWave","bronze:Deprecate"],"picked":"SKIP","floor":13},{"not_picked":["bronze:DelayedGuard","bronze:Return","bronze:Deprecate"],"picked":"SKIP","floor":14},{"not_picked":["bronze:Turbo","bronze:Iterate","bronze:SpaghettiCode"],"picked":"SKIP","floor":15},{"not_picked":["bronze:HardenedForm","bronze:Mutator"],"picked":"bronze:Assembly","floor":16},{"not_picked":["bronze:Deprecate","bronze:Constructor"],"picked":"bronze:Flail","floor":19},{"not_picked":["bronze:BronzeOrb+1","bronze:FineTuning"],"picked":"bronze:ChosenStrike","floor":22},{"not_picked":["bronze:Allocate+1","bronze:Invalidate","bronze:Constructor"],"picked":"SKIP","floor":25},{"not_picked":["bronze:OilSpill","bronze:DelayedSlice"],"picked":"bronze:CutThrough+1","floor":26},{"not_picked":["bronze:Turbo","bronze:DelayedSlice+1","bronze:Constructor"],"picked":"SKIP","floor":27},{"not_picked":["bronze:BurnOut","bronze:Repulsor"],"picked":"bronze:FineTuning","floor":31},{"not_picked":["bronze:CutThrough+1","bronze:Refactor"],"picked":"bronze:Boost","floor":32},{"not_picked":["bronze:AlphaBuild","bronze:Verify"],"picked":"bronze:ThunderWave","floor":33},{"not_picked":[],"picked":"wanderingMiniBosses:FinaleOfPromise","floor":36},{"not_picked":["bronze:Overheat","bronze:BuggyMess"],"picked":"bronze:Branch+1","floor":36}],"player_experience":1048721,"relics_obtained":[{"floor":2,"key":"LetterFromLob"},{"floor":3,"key":"LetterFromLob"},{"floor":12,"key":"LetterFromLob"},{"floor":13,"key":"Pear"},{"floor":24,"key":"Art of War"},{"floor":26,"key":"Pantograph"},{"floor":36,"key":"wanderingMiniBosses:Blackblade"}],"event_choices":[{"cards_removed":["bronze:Strike"],"damage_healed":0,"gold_gain":0,"player_choice":"Card Removal","damage_taken":0,"max_hp_gain":0,"max_hp_loss":0,"event_name":"The Cleric","floor":10,"gold_loss":0},{"damage_healed":0,"gold_gain":0,"player_choice":"Fight","damage_taken":0,"max_hp_gain":0,"max_hp_loss":0,"event_name":"OrinTheCat","floor":37,"gold_loss":0}],"is_beta":false,"boss_relics":[{"not_picked":["Snecko Eye","Calling Bell"],"picked":"SlaversCollar"},{"not_picked":["Pandora\u0027s Box","Astrolabe"],"picked":"Runic Pyramid"}],"items_purged_floors":[6,36],"is_endless":false,"potions_floor_spawned":[3,9,13,15,16,31,32,33],"killed_by":"Orin","ascension_level":0}}