{"host":"h3vysik1bw5w0dm6","time":1610963908,"event":{"mods":["AchievementEnabler","Aspiration","BaseMod","Better Note","Better Sensory Stone","Better Vampires","BetterRewards","Colored Powertips","Conspire","Downfall","Friendly Minions","Googly Eyes","Gremlin Skip","Halation","Infinite Spire","Minty Spire (QoL Compilation)","Quick Restart","Shop Mod","StSLib"],"gold_per_floor":[112,112,130,141,151,151,151,164,188,199,199,199,199,231,231,328,328,338,338,338,17,32,65,76,103,103,103,121,121,121,134,134,238,238,255,255,11,28,39,39,39,51,128,140,173,173,27,41,41,41,41],"floor_reached":50,"language":"ENG","playtime":2499,"items_purged":["Night Terror","Grand Finale"],"score":764,"play_id":"2361f473-1e91-47df-b618-5fc1f941ad23","local_time":"20210118105828","daily_mods":["Shiny","Vintage"],"is_ascension_mode":false,"campfire_choices":[{"floor":6.0,"key":"REST"},{"data":"Envenom","floor":11.0,"key":"SMITH"},{"data":"Adrenaline","floor":15.0,"key":"SMITH"},{"data":"After Image","floor":32.0,"key":"SMITH"},{"data":"infinitespire:Neurotoxin","floor":40,"key":"SMITH"},{"data":"Bullet Time","floor":46,"key":"SMITH"},{"data":"Burst","floor":49,"key":"SMITH"}],"circlet_count":0,"master_deck":["Corpse Explosion+1","Adrenaline+1","Wraith Form v2","Venomology","Phantasmal Killer","Unload","Bullet Time+1","Die Die Die","Envenom+1","Burst+1","Tools of the Trade+1","After Image+1","A Thousand Cuts","aspiration:Lunge","infinitespire:Neurotoxin+1","Storm of Steel","Glass Knife","Adrenaline+1","Bullet Time+1","bronze:SpaghettiCode+1","Envenom+1","Prepared+1"],"relics":["Ring of the Snake","aspiration:HummingbirdHeart","Toxic Egg 2","aspiration:HiddenCompartment","infinitespire:PuzzleCube","Omamori","PreservedInsect","Strawberry","aspiration:Lifesprig","infinitespire:Beetle Shell","Calling Bell","Ancient Tea Set","Slimebound:PreparedRelic","hexamod:Sixitude","aspiration:FrozenJewel","conspire:Flyswatter","Frozen Egg 2","Mercury Hourglass","halation:PromiseList","infinitespire:Eraser","Blood Vial","MutagenicStrength","Mummified Hand","halation:EternalFortune","Nilry\u0027s Codex","halation:BlackBeret","Busted Crown","CeramicFish","WarpedTongs","aspiration:VileToxins","Turnip","Blue Candle","Mango","White Beast Statue","Ninja Scroll","Pen Nib","conspire:TreasureMap","Gremlin Horn"],"acts_visited":["Exordium","TheCity","TheBeyond"],"potions_floor_usage":[38,39,42,44,50,50,50],"damage_taken":[{"damage":1.0,"enemies":"Jaw Worm","floor":1.0,"turns":2.0},{"damage":0.0,"enemies":"Small Slimes","floor":3.0,"turns":3.0},{"damage":0.0,"enemies":"2 Louse","floor":4.0,"turns":2.0},{"damage":2.0,"enemies":"Blue Slaver","floor":5.0,"turns":2.0},{"damage":2.0,"enemies":"Gremlin Gang","floor":8.0,"turns":3.0},{"damage":0.0,"enemies":"Exordium Wildlife","floor":10.0,"turns":2.0},{"damage":5.0,"enemies":"Lagavulin","floor":14.0,"turns":3.0},{"damage":7.0,"enemies":"Hexaghost","floor":16.0,"turns":5.0},{"damage":0.0,"enemies":"3 Byrds","floor":18.0,"turns":3.0},{"damage":4.0,"enemies":"Shell Parasite","floor":22.0,"turns":2.0},{"damage":3.0,"enemies":"Nightmare","floor":23.0,"turns":4.0},{"damage":6.0,"enemies":"Shelled Parasite and Fungi","floor":24.0,"turns":2.0},{"damage":0.0,"enemies":"Slavers","floor":25.0,"turns":2.0},{"damage":0.0,"enemies":"Cultist and Chosen","floor":28.0,"turns":2.0},{"damage":0.0,"enemies":"Snecko","floor":31.0,"turns":2.0},{"damage":0.0,"enemies":"Collector","floor":33.0,"turns":3.0},{"damage":0.0,"enemies":"3 Darklings","floor":35.0,"turns":1.0},{"damage":0,"enemies":"Orb Walker","floor":38,"turns":1},{"damage":0,"enemies":"Spire Growth","floor":39,"turns":3},{"damage":0,"enemies":"Sphere and 2 Shapes","floor":42,"turns":2},{"damage":0,"enemies":"Maw","floor":44,"turns":3},{"damage":0,"enemies":"Giant Head","floor":45,"turns":2},{"damage":0,"enemies":"4 Shapes","floor":48,"turns":2},{"damage":139,"enemies":"conspire:OrnateMirror","floor":50,"turns":2}],"seed_played":"8122928276158258865","potions_obtained":[{"floor":1.0,"key":"FearPotion"},{"floor":28.0,"key":"SteroidPotion"},{"floor":44,"key":"Poison Potion"},{"floor":48,"key":"DistilledChaos"}],"is_trial":true,"path_per_floor":["M","?","M","M","M","R","?","M","T","M","R","?","?","E","R","B",null,"M","?","?","$","M","NM","M","E","T","?","M","?","?","M","R","B",null,"M","?","$","M","M","R","?","M","T","M","E","R","$","M","R","B"],"character_chosen":"THE_SILENT","items_purchased":["conspire:Flyswatter","aspiration:VileToxins","conspire:TreasureMap"],"campfire_rested":1,"item_purchase_floors":[21,37,47],"current_hp_per_floor":[69,55,55,55,53,70,70,68,75,75,75,68,68,63,63,56,77,77,77,77,77,73,70,64,64,64,64,66,69,53,55,55,60,83,83,83,83,83,83,83,83,97,97,97,100,100,100,100,100,0,0],"gold":41,"neow_bonus":"","is_daily":false,"chose_seed":false,"campfire_upgraded":6,"win_rate":0.0,"timestamp":1610963908,"path_taken":["M","?","M","M","M","R","?","M","T","M","R","?","?","E","R","BOSS","M","?","?","$","?","NM","M","E","T","?","M","?","?","M","R","BOSS","M","?","?","M","M","R","?","?","T","M","E","R","?","M","R","BOSS"],"items_purchased_type":["Relic","Relic","Relic"],"build_version":"2020-12-22","purchased_purges":2,"victory":false,"max_hp_per_floor":[70,70,70,70,70,70,70,70,77,77,77,77,77,77,77,77,77,77,77,77,77,77,77,77,77,77,77,77,80,80,80,80,83,83,83,83,83,83,83,83,83,97,97,97,100,100,100,100,100,100,100],"card_choices":[{"not_picked":["Underhanded Strike","Flying Knee"],"picked":"Adrenaline+1","floor":14.0},{"not_picked":["aspiration:Lunge","A Thousand Cuts"],"picked":"Bullet Time+1","floor":16.0},{"not_picked":["Deflect+1","Underhanded Strike+1"],"picked":"Envenom+1","floor":23.0},{"not_picked":["conspire:DoublingDagger+1","Noxious Fumes+1"],"picked":"Prepared+1","floor":25.0},{"not_picked":["Quick Slash+1"],"picked":"SKIP","floor":45}],"player_experience":394774,"relics_obtained":[{"floor":1.0,"key":"aspiration:HummingbirdHeart"},{"floor":3.0,"key":"Toxic Egg 2"},{"floor":4.0,"key":"aspiration:HiddenCompartment"},{"floor":5.0,"key":"infinitespire:PuzzleCube"},{"floor":8.0,"key":"PreservedInsect"},{"floor":9.0,"key":"Strawberry"},{"floor":10.0,"key":"aspiration:Lifesprig"},{"floor":14.0,"key":"infinitespire:Beetle Shell"},{"floor":17.0,"key":"Ancient Tea Set"},{"floor":17.0,"key":"Slimebound:PreparedRelic"},{"floor":17.0,"key":"hexamod:Sixitude"},{"floor":18.0,"key":"aspiration:FrozenJewel"},{"floor":22.0,"key":"Frozen Egg 2"},{"floor":23.0,"key":"Mercury Hourglass"},{"floor":24.0,"key":"halation:PromiseList"},{"floor":25.0,"key":"infinitespire:Eraser"},{"floor":26.0,"key":"Blood Vial"},{"floor":28.0,"key":"Mummified Hand"},{"floor":30.0,"key":"Nilry\u0027s Codex"},{"floor":31.0,"key":"halation:BlackBeret"},{"floor":33.0,"key":"halation:EternalFortune"},{"floor":35.0,"key":"CeramicFish"},{"floor":38,"key":"Turnip"},{"floor":39,"key":"Blue Candle"},{"floor":42,"key":"Mango"},{"floor":43,"key":"White Beast Statue"},{"floor":44,"key":"Ninja Scroll"},{"floor":45,"key":"halation:EternalFortune"},{"floor":45,"key":"Pen Nib"},{"floor":48,"key":"Gremlin Horn"}],"event_choices":[{"damage_healed":0.0,"max_hp_gain":0.0,"max_hp_loss":0.0,"gold_gain":0.0,"event_name":"Shining Light","player_choice":"Entered Light","floor":2.0,"gold_loss":0.0,"damage_taken":14.0,"cards_upgraded":["Tools of the Trade","Corpse Explosion"]},{"damage_healed":0.0,"max_hp_gain":0.0,"max_hp_loss":0.0,"gold_gain":0.0,"event_name":"Dead Adventurer","player_choice":"Searched \u00272\u0027 times","floor":7.0,"gold_loss":0.0,"damage_taken":0.0,"relics_obtained":["Omamori"]},{"cards_removed":["Doppelganger"],"damage_healed":0.0,"max_hp_gain":0.0,"max_hp_loss":0.0,"gold_gain":0.0,"event_name":"Golden Wing","player_choice":"Card Removal","floor":12.0,"gold_loss":0.0,"damage_taken":7.0},{"cards_removed":["Adrenaline"],"damage_healed":0.0,"max_hp_gain":0.0,"max_hp_loss":0.0,"gold_gain":0.0,"event_name":"betterNote:BetterNote","player_choice":"Take \u0026 Give","floor":19.0,"gold_loss":0.0,"damage_taken":0.0,"cards_obtained":["bronze:SpaghettiCode"]},{"cards_removed":["Malaise"],"damage_healed":0.0,"max_hp_gain":0.0,"max_hp_loss":0.0,"gold_gain":0.0,"event_name":"Purifier","player_choice":"Purged","floor":20.0,"gold_loss":0.0,"damage_taken":0.0},{"damage_healed":0.0,"max_hp_gain":0.0,"max_hp_loss":0.0,"gold_gain":0.0,"event_name":"Drug Dealer","player_choice":"Inject Mutagens","floor":27.0,"gold_loss":0.0,"damage_taken":0.0,"relics_obtained":["MutagenicStrength"]},{"damage_healed":0.0,"max_hp_gain":0.0,"max_hp_loss":0.0,"gold_gain":0.0,"event_name":"Cursed Tome","player_choice":"Obtained Book","floor":30.0,"gold_loss":0.0,"damage_taken":16.0},{"damage_healed":0.0,"max_hp_gain":0.0,"max_hp_loss":0.0,"gold_gain":0.0,"event_name":"Accursed Blacksmith","player_choice":"Rummage","floor":36.0,"gold_loss":0.0,"damage_taken":0.0,"relics_obtained":["WarpedTongs"],"cards_obtained":["Pain"]},{"damage_healed":0,"gold_gain":0,"player_choice":"Ignored","damage_taken":0,"max_hp_gain":0,"max_hp_loss":0,"event_name":"SecretPortal","floor":41,"gold_loss":0}],"is_beta":false,"boss_relics":[{"not_picked":["sneckomod:SneckoTalon","Cursed Key"],"picked":"Calling Bell"},{"not_picked":["Sozu","halation:CatFaceCupcake"],"picked":"Busted Crown"}],"items_purged_floors":[21,37],"is_endless":true,"potions_floor_spawned":[1,3,10,14,16,23,24,28,31,33,35,44,45,48],"killed_by":"conspire:OrnateMirror","ascension_level":0}}