{"host":"dcj2yvrgcvh5dl2s","time":1610973821,"event":{"mods":["BaseMod","Better Note","Block Reminder","Colored Powertips","DeckTracker","Minty Spire (QoL Compilation)","Quick Restart","Rare Cards Sparkle","Relic Stats","StSLib"],"gold_per_floor":[117,117,135,135,148,148,183,202,202,202,202,0,14,27,27,131,131,151,151,161,86,103,103,114,114,114],"floor_reached":25,"language":"ENG","playtime":1462,"items_purged":["Unload"],"score":267,"play_id":"9258785a-76b7-4c09-bc1d-31d2ac01e873","local_time":"20210118224341","is_ascension_mode":true,"campfire_choices":[{"data":"After Image","floor":6,"key":"SMITH"},{"floor":10,"key":"REST"},{"floor":15,"key":"REST"},{"floor":23,"key":"REST"}],"circlet_count":0,"master_deck":["Survivor","Neutralize+1","Footwork","After Image+1","Choke","Glass Knife","Leg Sweep","Storm of Steel","Noxious Fumes","Footwork","Riddle With Holes","Slice","PiercingWail","Glass Knife","Accuracy","Backflip","Infinite Blades","A Thousand Cuts","Blade Dance+1","Blur","Slice"],"relics":["Pandora\u0027s Box","Tingsha","Turnip","Black Star","Nilry\u0027s Codex"],"acts_visited":["Exordium","TheCity"],"potions_floor_usage":[22,25,25],"damage_taken":[{"damage":0,"enemies":"Jaw Worm","floor":1,"turns":2},{"damage":3,"enemies":"Small Slimes","floor":3,"turns":3},{"damage":0,"enemies":"Cultist","floor":5,"turns":2},{"damage":11,"enemies":"Gremlin Nob","floor":7,"turns":4},{"damage":3,"enemies":"Blue Slaver","floor":8,"turns":2},{"damage":10,"enemies":"2 Fungi Beasts","floor":13,"turns":3},{"damage":13,"enemies":"Exordium Thugs","floor":14,"turns":3},{"damage":19,"enemies":"Hexaghost","floor":16,"turns":8},{"damage":20,"enemies":"Spheric Guardian","floor":18,"turns":4},{"damage":11,"enemies":"3 Byrds","floor":20,"turns":6},{"damage":14,"enemies":"Snake Plant","floor":22,"turns":4},{"damage":7,"enemies":"Snecko","floor":24,"turns":4},{"damage":41,"enemies":"Book of Stabbing","floor":25,"turns":6}],"seed_played":"1689275340834410887","potions_obtained":[{"floor":3,"key":"Weak Potion"},{"floor":13,"key":"FairyPotion"},{"floor":18,"key":"GamblersBrew"},{"floor":24,"key":"Block Potion"}],"is_trial":false,"path_per_floor":["M","?","M","?","M","R","E","M","T","R","?","$","M","M","R","B",null,"M","?","M","?","M","R","M","E"],"character_chosen":"THE_SILENT","items_purchased":["Backflip","Infinite Blades"],"campfire_rested":3,"item_purchase_floors":[12,12],"current_hp_per_floor":[63,63,60,53,53,53,42,39,39,60,70,70,60,47,68,49,65,45,29,18,18,4,25,18,0,0],"gold":114,"neow_bonus":"BOSS_RELIC","is_daily":false,"chose_seed":false,"campfire_upgraded":1,"win_rate":0.0,"timestamp":1610973821,"path_taken":["M","?","M","?","M","R","E","M","T","R","?","$","M","M","R","BOSS","M","?","M","?","M","R","M","E"],"items_purchased_type":["Card","Card"],"build_version":"2020-12-22","purchased_purges":1,"victory":false,"max_hp_per_floor":[70,70,70,70,70,70,70,70,70,70,70,70,70,70,70,70,70,70,70,70,70,70,70,70,70,70],"relic_stats":{"counters":[13,51],"Pandora\u0027s Box":["Footwork","Eviscerate","After Image","Choke","Glass Knife","Leg Sweep","Storm of Steel","Noxious Fumes","Footwork","Unload"],"Tingsha":[78],"Turnip":[7],"Black Star":0,"obtain_stats":[{"Nilry\u0027s Codex":19,"Pandora\u0027s Box":0,"Tingsha":7,"Turnip":9,"Black Star":17,"Ring of the Snake":0},{"Nilry\u0027s Codex":9,"Pandora\u0027s Box":0,"Tingsha":4,"Turnip":5,"Black Star":8,"Ring of the Snake":0},{"Nilry\u0027s Codex":31,"Pandora\u0027s Box":0,"Tingsha":11,"Turnip":13,"Black Star":27,"Ring of the Snake":0}]},"card_choices":[{"not_picked":["Quick Slash","Poisoned Stab"],"picked":"Riddle With Holes","floor":1},{"not_picked":["Blade Dance","Eviscerate"],"picked":"Slice","floor":3},{"not_picked":["Flying Knee","Outmaneuver"],"picked":"PiercingWail","floor":5},{"not_picked":["Underhanded Strike","Dash"],"picked":"Glass Knife","floor":7},{"not_picked":["Bane","Blade Dance"],"picked":"Accuracy","floor":8},{"not_picked":["Poisoned Stab","Dagger Spray","Caltrops"],"picked":"SKIP","floor":13},{"not_picked":["Bane","Blur"],"picked":"Deadly Poison","floor":14},{"not_picked":["Grand Finale","Glass Knife"],"picked":"A Thousand Cuts","floor":16},{"not_picked":["Dagger Spray","Acrobatics","Outmaneuver"],"picked":"SKIP","floor":18},{"not_picked":["Concentrate","Deadly Poison"],"picked":"Blade Dance+1","floor":20},{"not_picked":["Reflex","Dagger Spray"],"picked":"Blur","floor":22},{"not_picked":["PiercingWail","Deflect"],"picked":"Slice","floor":24}],"player_experience":2240899,"relics_obtained":[{"floor":7,"key":"Tingsha"},{"floor":9,"key":"Turnip"},{"floor":19,"key":"Nilry\u0027s Codex"}],"event_choices":[{"damage_healed":0,"gold_gain":0,"player_choice":"Grow","damage_taken":0,"max_hp_gain":0,"max_hp_loss":0,"event_name":"Living Wall","floor":2,"gold_loss":0,"cards_upgraded":["Neutralize"]},{"cards_removed":["Eviscerate"],"damage_healed":0,"gold_gain":0,"player_choice":"Card Removal","damage_taken":7,"max_hp_gain":0,"max_hp_loss":0,"event_name":"Golden Wing","floor":4,"gold_loss":0},{"damage_healed":10,"gold_gain":0,"player_choice":"Full Heal","damage_taken":0,"max_hp_gain":0,"max_hp_loss":0,"event_name":"Wheel of Change","floor":11,"gold_loss":0},{"damage_healed":0,"gold_gain":0,"player_choice":"Obtained Book","damage_taken":16,"max_hp_gain":0,"max_hp_loss":0,"event_name":"Cursed Tome","floor":19,"gold_loss":0},{"cards_removed":["Deadly Poison"],"damage_healed":0,"gold_gain":0,"player_choice":"Gave Gold","damage_taken":0,"max_hp_gain":0,"max_hp_loss":0,"event_name":"Beggar","floor":21,"gold_loss":75}],"is_beta":false,"boss_relics":[{"not_picked":["Velvet Choker","Runic Pyramid"],"picked":"Black Star"}],"items_purged_floors":[12],"is_endless":false,"potions_floor_spawned":[3,13,18,24],"killed_by":"Book of Stabbing","ascension_level":6}}