{"host":"t4ahr8360jjehcuv","time":1610969120,"event":{"mods":["BaseMod","Colored Map","DeckTracker","Highlight Path","Keyboard Shortcuts","Minty Spire (QoL Compilation)","Permanent Neow","Quick Restart","SuperFastMode","everything is the same but u backflip on backflip"],"gold_per_floor":[114,39,52,63,63,94,94,94,94,94,111,127,184,202,202,299,299,310,327,216,226,246,246,246,276,301,58,72,86,86,86],"floor_reached":30,"language":"KOR","playtime":1768,"items_purged":["Strike_G"],"score":312,"play_id":"893b9f4e-8120-4b04-9d89-becf4e062007","local_time":"20210118202520","is_ascension_mode":true,"campfire_choices":[{"data":"Neutralize","floor":8.0,"key":"SMITH"},{"data":"Well Laid Plans","floor":10.0,"key":"SMITH"},{"floor":15.0,"key":"REST"},{"floor":23.0,"key":"REST"}],"circlet_count":0,"master_deck":["Defend_G","Defend_G","Defend_G","Defend_G","Defend_G","Survivor","Neutralize+1","Burst","Eviscerate","Well Laid Plans+1","Terror","Regret","After Image+1","Dagger Throw","Underhanded Strike","Prepared","Tools of the Trade+1","Eviscerate","Dash","Blur","Backflip+1","Bullet Time","Deadly Poison","Unload","Reflex+1","Backstab+1"],"relics":["Ring of the Snake","Frozen Egg 2","Pocketwatch","White Beast Statue","Potion Belt","Empty Cage","Red Mask","Tiny Chest","Bottled Lightning"],"acts_visited":["Exordium","TheCity"],"potions_floor_usage":[],"damage_taken":[{"damage":0.0,"enemies":"2 Louse","floor":1.0,"turns":4.0},{"damage":0.0,"enemies":"Jaw Worm","floor":3.0,"turns":4.0},{"damage":0.0,"enemies":"Cultist","floor":4.0,"turns":4.0},{"damage":25.0,"enemies":"Lagavulin","floor":6.0,"turns":5.0},{"damage":7.0,"enemies":"Large Slime","floor":11.0,"turns":7.0},{"damage":4.0,"enemies":"Looter","floor":12.0,"turns":4.0},{"damage":15.0,"enemies":"Gremlin Nob","floor":13.0,"turns":4.0},{"damage":17.0,"enemies":"Exordium Wildlife","floor":14.0,"turns":5.0},{"damage":7.0,"enemies":"Slime Boss","floor":16.0,"turns":7.0},{"damage":23.0,"enemies":"Shell Parasite","floor":18.0,"turns":7.0},{"damage":10.0,"enemies":"3 Byrds","floor":19.0,"turns":5.0},{"damage":5.0,"enemies":"Cultist and Chosen","floor":21.0,"turns":6.0},{"damage":3.0,"enemies":"3 Cultists","floor":22.0,"turns":5.0},{"damage":30.0,"enemies":"Masked Bandits","floor":25.0,"turns":5.0},{"damage":5.0,"enemies":"Snecko","floor":28.0,"turns":4.0},{"damage":6.0,"enemies":"Cultist and Chosen","floor":29.0,"turns":8.0},{"damage":9,"enemies":"Snake Plant","floor":30,"turns":1}],"seed_played":"3691770580850988381","potions_obtained":[{"floor":1.0,"key":"AttackPotion"},{"floor":7.0,"key":"Strength Potion"},{"floor":7.0,"key":"Energy Potion"},{"floor":7.0,"key":"Energy Potion"},{"floor":11.0,"key":"Explosive Potion"},{"floor":12.0,"key":"Ancient Potion"},{"floor":13.0,"key":"SteroidPotion"},{"floor":14.0,"key":"ColorlessPotion"},{"floor":16.0,"key":"DistilledChaos"},{"floor":18.0,"key":"Energy Potion"},{"floor":19.0,"key":"CunningPotion"},{"floor":21.0,"key":"CunningPotion"},{"floor":22.0,"key":"LiquidMemories"},{"floor":25.0,"key":"LiquidMemories"},{"floor":28.0,"key":"SteroidPotion"},{"floor":29.0,"key":"Block Potion"}],"is_trial":false,"path_per_floor":["M","$","M","M","?","E","?","R","T","R","M","M","?","M","R","B",null,"M","M","$","M","M","R","?","?","T","$","M","M","M"],"character_chosen":"THE_SILENT","items_purchased":["Well Laid Plans","Blur","Bottled Lightning"],"campfire_rested":2,"item_purchase_floors":[2,20,27],"current_hp_per_floor":[70,70,70,70,70,45,45,45,45,45,38,34,19,2,23,16,70,47,37,37,32,29,50,50,20,20,20,15,9,0,0],"gold":86,"neow_bonus":"ONE_RANDOM_RARE_CARD","is_daily":false,"chose_seed":false,"campfire_upgraded":2,"win_rate":0.0,"timestamp":1610969120,"path_taken":["M","$","M","M","?","E","?","R","T","R","M","?","?","M","R","BOSS","M","M","$","M","M","R","?","?","T","$","M","M","M"],"items_purchased_type":["Card","Card","Relic"],"build_version":"2020-12-22","purchased_purges":1,"victory":false,"max_hp_per_floor":[70,70,70,70,70,70,70,70,70,70,70,70,70,70,70,70,70,70,70,70,70,70,70,70,70,70,70,70,70,70,70],"card_choices":[{"not_picked":["Acrobatics","Dagger Throw"],"picked":"Eviscerate","floor":1.0},{"not_picked":["Acrobatics","Cloak And Dagger"],"picked":"Terror","floor":3.0},{"not_picked":["Deadly Poison","Escape Plan","Acrobatics"],"picked":"SKIP","floor":4.0},{"not_picked":["Blur","Dagger Spray"],"picked":"After Image+1","floor":6.0},{"not_picked":["Blade Dance","Heel Hook","Escape Plan"],"picked":"SKIP","floor":11.0},{"not_picked":["Outmaneuver","Slice"],"picked":"Dagger Throw","floor":12.0},{"not_picked":["PiercingWail","Bane"],"picked":"Underhanded Strike","floor":13.0},{"not_picked":["Acrobatics","Underhanded Strike"],"picked":"Prepared","floor":14.0},{"not_picked":["A Thousand Cuts+1","Venomology"],"picked":"Tools of the Trade+1","floor":16.0},{"not_picked":["Well Laid Plans+1","Tactician"],"picked":"Eviscerate","floor":18.0},{"not_picked":["Outmaneuver+1","Choke"],"picked":"Dash","floor":19.0},{"not_picked":["Bouncing Flask","Flying Knee"],"picked":"Backflip+1","floor":21.0},{"not_picked":["Deflect","Cloak And Dagger"],"picked":"Bullet Time","floor":22.0},{"not_picked":["Cloak And Dagger","Deadly Poison"],"picked":"Reflex+1","floor":25.0},{"not_picked":["Infinite Blades+1","Well Laid Plans+1","Cloak And Dagger"],"picked":"SKIP","floor":28.0},{"not_picked":["Poisoned Stab","Backflip"],"picked":"Backstab+1","floor":29.0}],"player_experience":52019,"relics_obtained":[{"floor":6.0,"key":"Pocketwatch"},{"floor":9.0,"key":"White Beast Statue"},{"floor":25.0,"key":"Red Mask"},{"floor":26.0,"key":"Tiny Chest"}],"event_choices":[{"damage_healed":0.0,"max_hp_gain":0.0,"max_hp_loss":0.0,"gold_gain":0.0,"event_name":"Big Fish","player_choice":"Box","floor":5.0,"gold_loss":0.0,"damage_taken":0.0,"relics_obtained":["Frozen Egg 2"],"cards_obtained":["Regret"]},{"damage_healed":0.0,"max_hp_gain":0.0,"max_hp_loss":0.0,"gold_gain":0.0,"event_name":"Lab","player_choice":"Got Potions","floor":7.0,"gold_loss":0.0,"damage_taken":0.0},{"damage_healed":0.0,"max_hp_gain":0.0,"max_hp_loss":0.0,"gold_gain":0.0,"event_name":"Dead Adventurer","player_choice":"Searched \u00272\u0027 times","floor":13.0,"gold_loss":0.0,"damage_taken":0.0,"relics_obtained":["Potion Belt"]},{"damage_healed":0.0,"max_hp_gain":0.0,"max_hp_loss":0.0,"gold_gain":0.0,"cards_transformed":["Strike_G","Strike_G"],"event_name":"Drug Dealer","player_choice":"Became Test Subject","floor":24.0,"gold_loss":0.0,"damage_taken":0.0,"cards_obtained":["Deadly Poison","Unload"]},{"damage_healed":0.0,"max_hp_gain":0.0,"max_hp_loss":0.0,"gold_gain":0.0,"event_name":"Masked Bandits","player_choice":"Fought Bandits","floor":25.0,"gold_loss":0.0,"damage_taken":0.0}],"is_beta":false,"boss_relics":[{"not_picked":["Snecko Eye","Astrolabe"],"picked":"Empty Cage"}],"items_purged_floors":[20],"is_endless":false,"potions_floor_spawned":[1,11,12,13,14,16,18,19,21,22,25,28,29],"killed_by":"Snake Plant","ascension_level":2}}