{"host":"5dk97cf2ubw2v967","time":1610933445,"event":{"mods":["AlwaysNeverKeys","BaseMod","Better Altar","Better Vampires","Block Reminder","Colored Powertips","Downfall","Googly Eyes","Highlight Path","Minty Spire (QoL Compilation)","Permanent Neow","Potion Indicator Mod","Quick Restart","Relic Filter","Relic Stats","Say the Spire","Spicy Shops","StSLib","Waifu the Spire","everything is the same but u backflip on backflip"],"gold_per_floor":[99,114,133,583,598,498,498,526,536,436,74,101,101,86,102,198,198,198,216,229,229,243,3,3,15,27,27,27,27,47,77,97,198,198,198,248,0,14,27,27,104,4,38,38,65,65,81,114,127,127,127,159,19,19,19,19],"floor_reached":57,"language":"ENG","playtime":3927,"items_purged":["Guardian:Strike_Guardian","Guardian:Strike_Guardian","Guardian:Strike_Guardian","Guardian:Strike_Guardian"],"score":1691,"play_id":"94ea2084-ab50-46b8-95d7-ceb9ea2b77b9","local_time":"20210118013045","is_ascension_mode":true,"campfire_choices":[{"floor":1.0,"key":"RECALL"},{"data":"Guardian:TwinSlam","floor":6.0,"key":"SMITH"},{"floor":10.0,"key":"REST"},{"data":"expansioncontent:DashGenerateEvil","floor":13.0,"key":"SMITH"},{"data":"Guardian:Defend_Guardian","floor":18.0,"key":"PURGE"},{"data":"Guardian:CompilePackage","floor":27,"key":"SMITH"},{"data":"Guardian:Repulse","floor":35,"key":"SMITH"},{"data":"Guardian:BaubleBeam","floor":42,"key":"SMITH"},{"data":"Guardian:CompilePackage","floor":46,"key":"SMITH"},{"floor":54,"key":"REST"}],"circlet_count":0,"master_deck":["Guardian:Defend_Guardian+1","Guardian:Defend_Guardian","Guardian:Defend_Guardian+1","Guardian:CurlUp","Guardian:TwinSlam+1","Guardian:FloatingOrbs","Guardian:EvasiveProtocol","downfall:Icky","downfall:Icky","downfall:Icky","Guardian:DecasProtection","Guardian:Recover","Guardian:Repulse+1","expansioncontent:DashGenerateEvil+1","Guardian:SpikerProtocol","Guardian:CompilePackage+1","Guardian:PiercingHide","Guardian:BaubleBeam+1","CurseOfTheBell","Guardian:CompilePackage+1","Guardian:FloatingOrbs+1","Guardian:EvasiveProtocol","Guardian:DonusPower+1","Guardian:EvasiveProtocol","Guardian:SphericShield+1","Guardian:Clone+1","expansioncontent:DashGenerateEvil+1","downfall:Aged","Decay","Guardian:Orbwalk","Guardian:FloatingOrbs","Guardian:ConstructionForm"],"relics":["Guardian:StasisSlotReductionRelic","downfall:HeartBlessingRed","Calipers","War Paint","downfall:HeartBlessingGreen","Pantograph","Calling Bell","Peace Pipe","Gremlin Horn","CaptainsWheel","Toxic Egg 2","Mummified Hand","Sundial","Cursed Key","Shovel","InkBottle","Guardian:StasisEgg","downfall:HeartBlessingBlue","StrikeDummy","Molten Egg 2","Art of War","Pen Nib"],"acts_visited":["Exordium","TheCity","TheBeyond","TheEnding"],"potions_floor_usage":[20,32,43,55],"damage_taken":[{"damage":8.0,"enemies":"Jaw Worm","floor":2.0,"turns":4.0},{"damage":7.0,"enemies":"Small Slimes","floor":3.0,"turns":3.0},{"damage":11.0,"enemies":"2 Louse","floor":5.0,"turns":2.0},{"damage":15.0,"enemies":"3 Sentries","floor":8.0,"turns":7.0},{"damage":19.0,"enemies":"Exordium Thugs","floor":9.0,"turns":5.0},{"damage":0.0,"enemies":"downfall:FleeingMerchant","floor":11.0,"turns":4.0},{"damage":3.0,"enemies":"Lagavulin","floor":12.0,"turns":6.0},{"damage":0.0,"enemies":"downfall:FleeingMerchant","floor":14.0,"turns":4.0},{"damage":1.0,"enemies":"2 Fungi Beasts","floor":15.0,"turns":3.0},{"damage":21.0,"enemies":"IC_STATUS_ARCHETYPE","floor":16.0,"turns":11.0},{"damage":5,"enemies":"Shell Parasite","floor":19,"turns":5},{"damage":26,"enemies":"Chosen","floor":20,"turns":7},{"damage":20,"enemies":"Snecko","floor":22,"turns":7},{"damage":0,"enemies":"downfall:FleeingMerchant","floor":23,"turns":4},{"damage":12,"enemies":"Shelled Parasite and Fungi","floor":25,"turns":6},{"damage":0,"enemies":"Cultist and Chosen","floor":26,"turns":6},{"damage":0,"enemies":"Chosen and Byrds","floor":30,"turns":4},{"damage":0,"enemies":"Gremlin Leader","floor":31,"turns":6},{"damage":8,"enemies":"Shelled Parasite and Fungi","floor":32,"turns":6},{"damage":0,"enemies":"WA_ARCHETYPE_CALM","floor":33,"turns":8},{"damage":0,"enemies":"WA_ARCHETYPE_CALM","floor":36,"turns":8},{"damage":0,"enemies":"downfall:FleeingMerchant","floor":37,"turns":4},{"damage":0,"enemies":"3 Darklings","floor":38,"turns":5},{"damage":4,"enemies":"3 Shapes","floor":39,"turns":2},{"damage":9,"enemies":"Reptomancer","floor":43,"turns":6},{"damage":0,"enemies":"Nemesis","floor":45,"turns":5},{"damage":0,"enemies":"Sphere and 2 Shapes","floor":47,"turns":5},{"damage":2,"enemies":"Reptomancer","floor":48,"turns":4},{"damage":0,"enemies":"Spire Growth","floor":49,"turns":4},{"damage":8,"enemies":"SI_POISON_ARCHETYPE","floor":50,"turns":7},{"damage":40,"enemies":"downfall:CharBossMerchant","floor":52,"turns":8},{"damage":7,"enemies":"downfall:NeowBoss","floor":55,"turns":9},{"damage":105,"enemies":"downfall:NeowBossFinal","floor":56,"turns":11}],"seed_played":"-2589227532391085341","potions_obtained":[{"floor":2.0,"key":"champ:CounterPotion"},{"floor":8.0,"key":"DuplicationPotion"},{"floor":9.0,"key":"SteroidPotion"},{"floor":12.0,"key":"Regen Potion"},{"floor":25,"key":"SkillPotion"},{"floor":33,"key":"DuplicationPotion"},{"floor":45,"key":"Guardian:AcceleratePotion"}],"is_trial":false,"path_per_floor":["R","M","M","?","M","R","T","E","M","R","$","E","R","$","M","B",null,"R","M","M","?","M","$","T","M","M","R","T","?","M","E","M","B",null,"R","?","?","M","M","?","T","R","E","$","E","R","M","E","M","B",null,"E","$","R","B","B",null],"character_chosen":"GUARDIAN","items_purchased":["expansioncontent:DashGenerateEvil","FairyPotion","InkBottle","expansioncontent:DashGenerateEvil+1","Guardian:ConstructionForm"],"campfire_rested":2,"item_purchase_floors":[11,11,37,37,53],"current_hp_per_floor":[80,72,65,65,54,54,54,39,20,44,44,41,41,41,40,44,80,80,75,59,59,39,39,39,27,27,27,27,27,27,27,29,54,80,80,80,80,80,76,76,76,86,77,77,77,77,77,75,75,82,90,50,50,77,83,27],"gold":19,"neow_bonus":"BOSS_RELIC","is_daily":false,"chose_seed":false,"campfire_upgraded":6,"win_rate":0.0,"timestamp":1610933445,"path_taken":["R","M","M","?","M","R","T","E","M","R","$","E","R","?","M","BOSS","R","M","M","?","M","$","T","M","M","R","?","?","M","E","M","BOSS","R","?","?","M","M","?","T","R","E","$","E","R","M","E","M","BOSS","E","$","R","BOSS","BOSS"],"items_purchased_type":["Card","Potion","Relic","Card","Card"],"build_version":"2020-12-22","purchased_purges":4,"victory":true,"max_hp_per_floor":[80,80,80,80,80,80,80,80,80,80,80,80,80,80,80,80,80,80,80,80,80,80,80,80,80,80,80,80,80,80,80,80,80,80,80,80,80,80,80,80,80,90,90,90,90,90,90,90,90,90,90,90,90,90,90,90],"relic_stats":{"Gremlin Horn":[25,25],"counters":[33,186],"Pen Nib":[7],"War Paint":["Guardian:Defend_Guardian","Guardian:Defend_Guardian"],"Cursed Key":1,"Peace Pipe":1,"Shovel":0,"Mummified Hand":[205],"Sundial":[10],"Pantograph":85,"Art of War":[3],"obtain_stats":[{"Guardian:StasisSlotReductionRelic":0,"Calipers":7,"downfall:HeartBlessingRed":6,"Gremlin Horn":17,"Guardian:StasisEgg":40,"Guardian:ModeShifter":0,"downfall:HeartBlessingGreen":10,"Pen Nib":52,"War Paint":8,"Cursed Key":34,"Calling Bell":17,"Peace Pipe":17,"CaptainsWheel":17,"Shovel":36,"Mummified Hand":28,"Sundial":31,"downfall:HeartBlessingBlue":42,"Pantograph":12,"Molten Egg 2":45,"Art of War":48,"Toxic Egg 2":24,"StrikeDummy":43,"InkBottle":37},{"Guardian:StasisSlotReductionRelic":0,"Calipers":3,"downfall:HeartBlessingRed":3,"Gremlin Horn":10,"Guardian:StasisEgg":24,"Guardian:ModeShifter":0,"downfall:HeartBlessingGreen":5,"Pen Nib":31,"War Paint":4,"Cursed Key":20,"Calling Bell":10,"Peace Pipe":10,"CaptainsWheel":10,"Shovel":21,"Mummified Hand":16,"Sundial":18,"downfall:HeartBlessingBlue":24,"Pantograph":7,"Molten Egg 2":26,"Art of War":28,"Toxic Egg 2":14,"StrikeDummy":25,"InkBottle":22},{"Guardian:StasisSlotReductionRelic":0,"Calipers":9,"downfall:HeartBlessingRed":9,"Gremlin Horn":49,"Guardian:StasisEgg":127,"Guardian:ModeShifter":0,"downfall:HeartBlessingGreen":21,"Pen Nib":166,"War Paint":16,"Cursed Key":108,"Calling Bell":49,"Peace Pipe":49,"CaptainsWheel":49,"Shovel":116,"Mummified Hand":84,"Sundial":94,"downfall:HeartBlessingBlue":127,"Pantograph":31,"Molten Egg 2":138,"Art of War":147,"Toxic Egg 2":72,"StrikeDummy":133,"InkBottle":120}],"InkBottle":[50]},"card_choices":[{"not_picked":["Guardian:Reroute","Guardian:TemporalShield"],"picked":"Guardian:FloatingOrbs","floor":2.0},{"not_picked":["Guardian:Reroute","Guardian:Gem_Lightblue"],"picked":"Guardian:EvasiveProtocol","floor":3.0},{"not_picked":["Guardian:Reroute","Guardian:WalkerClaw"],"picked":"Guardian:Gem_Fragmented","floor":5.0},{"not_picked":["Guardian:WalkerClaw","Guardian:PolyBeam"],"picked":"Guardian:DecasProtection","floor":8.0},{"not_picked":["Guardian:BodySlam","Guardian:Reroute"],"picked":"Guardian:Recover","floor":9.0},{"not_picked":["Guardian:Incinerate","Guardian:GuardianWhirl"],"picked":"Guardian:Repulse","floor":11.0},{"not_picked":["Guardian:TemporalStrike","Guardian:VentSteam"],"picked":"Guardian:SpikerProtocol","floor":12.0},{"not_picked":["Guardian:BronzeArmor","Guardian:ShieldCharger"],"picked":"Guardian:CompilePackage","floor":14.0},{"not_picked":["Guardian:Reroute","Guardian:SentryBeam"],"picked":"Guardian:PiercingHide","floor":15.0},{"not_picked":["Guardian:GemFinder","Guardian:StasisEngine"],"picked":"Guardian:BaubleBeam","floor":16.0},{"not_picked":["Guardian:RollAttack+1","Guardian:Incinerate"],"picked":"Guardian:Gem_Green","floor":19},{"not_picked":["Guardian:RollAttack","Guardian:FuturePlans+1"],"picked":"Guardian:Gem_Cyan","floor":20},{"not_picked":["Guardian:WalkerClaw","Guardian:PiercingHide","Guardian:PrimingBeam+1"],"picked":"SKIP","floor":22},{"not_picked":["Guardian:RefractedBeam","Guardian:VentSteam"],"picked":"Guardian:CompilePackage","floor":23},{"not_picked":["Guardian:TemporalStrike","Guardian:ShieldSpikes+1"],"picked":"Guardian:FloatingOrbs+1","floor":25},{"not_picked":["Guardian:Gem_Crimson","Guardian:BronzeOrb+1"],"picked":"Guardian:Gem_Red","floor":26},{"not_picked":["Guardian:PrimingBeam","Guardian:Planning+1"],"picked":"Guardian:EvasiveProtocol","floor":30},{"not_picked":["Guardian:FloatingOrbs","Guardian:Gem_Lightblue"],"picked":"Guardian:DonusPower+1","floor":31},{"not_picked":["Guardian:Gem_White","Guardian:FierceBash"],"picked":"Guardian:EvasiveProtocol","floor":32},{"not_picked":["Guardian:StasisField+1","Guardian:GemFinder"],"picked":"Guardian:SphericShield+1","floor":33},{"not_picked":["Guardian:ShieldSpikes+1","Guardian:SentryBeam"],"picked":"Guardian:Clone+1","floor":36},{"not_picked":["Guardian:ShieldCharger+1","Guardian:Gem_Cyan","Guardian:Preprogram+1"],"picked":"SKIP","floor":37},{"not_picked":["Guardian:BronzeOrb+1","Guardian:ShieldCharger+1","Guardian:Planning+1"],"picked":"SKIP","floor":38},{"not_picked":["Guardian:RollAttack+1","Guardian:ShieldCharger+1","Guardian:Incinerate+1"],"picked":"SKIP","floor":39},{"not_picked":["Guardian:TemporalShield+1","Guardian:Gem_Blue"],"picked":"Guardian:Orbwalk","floor":43},{"not_picked":["Guardian:PrimingBeam+1","Guardian:FastForward+1"],"picked":"Guardian:FloatingOrbs","floor":45},{"not_picked":["Guardian:Recover+1","Guardian:RollAttack+1","Guardian:PrimingBeam+1"],"picked":"SKIP","floor":47},{"not_picked":["Guardian:Gem_Fragmented","Guardian:Incinerate+1","Guardian:Suspension+1"],"picked":"SKIP","floor":48},{"not_picked":["Guardian:Incinerate+1","Guardian:PrimingBeam+1","Guardian:WalkerClaw+1"],"picked":"SKIP","floor":49},{"not_picked":["Guardian:Recover+1","Guardian:GuardianWhirl+1","Guardian:Incinerate+1"],"picked":"SKIP","floor":52}],"player_experience":1198549,"relics_obtained":[{"floor":7.0,"key":"Calipers"},{"floor":8.0,"key":"War Paint"},{"floor":12.0,"key":"Pantograph"},{"floor":17.0,"key":"Peace Pipe"},{"floor":17.0,"key":"Gremlin Horn"},{"floor":17.0,"key":"CaptainsWheel"},{"floor":24,"key":"Toxic Egg 2"},{"floor":28,"key":"Mummified Hand"},{"floor":31,"key":"Sundial"},{"floor":36,"key":"Shovel"},{"floor":43,"key":"StrikeDummy"},{"floor":45,"key":"Molten Egg 2"},{"floor":48,"key":"Art of War"},{"floor":52,"key":"Pen Nib"}],"event_choices":[{"damage_healed":0,"gold_gain":0,"player_choice":"Ignored","damage_taken":0,"max_hp_gain":0,"max_hp_loss":0,"event_name":"Vampires","floor":21,"gold_loss":0}],"is_beta":false,"boss_relics":[{"not_picked":["Ectoplasm","Astrolabe"],"picked":"Calling Bell"},{"not_picked":["Empty Cage","Coffee Dripper"],"picked":"Cursed Key"}],"items_purged_floors":[11,23,23,37],"is_endless":false,"potions_floor_spawned":[2,8,9,12,25,26,30,33,38,39,45,49,52],"ascension_level":4}}