{"host":"rhakyh2m1vy6smuu","time":1610997253,"event":{"mods":["BaseMod","Downfall","Minty Spire (QoL Compilation)","StSLib","The Hierophant"],"gold_per_floor":[28,36,54,129,129,129,129,162,162,162,190,237,91,148,148,272,272,336,402,446,446,520,520,735,757,757,757,757,781,823,541,541,654,654,715,715,786,853,912,912,912,559,586,586,330,418,418,416,416,400],"floor_reached":51,"language":"ENG","playtime":4975,"items_purged":["hierophant:Defend_Hierophant"],"score":668,"play_id":"72f6fe7f-007c-4314-b5c7-3edd03a7ad7f","local_time":"20210118121413","is_ascension_mode":false,"campfire_choices":[{"data":"hierophant:Empathy","floor":6,"key":"SMITH"},{"data":"hierophant:Kindle","floor":10,"key":"SMITH"},{"data":"hierophant:Dazzle","floor":15,"key":"SMITH"},{"data":"hierophant:Levitation","floor":23,"key":"SMITH"},{"floor":28,"key":"REST"},{"floor":32,"key":"REST"},{"floor":40,"key":"REST"},{"data":"hierophant:ChurchCoffers","floor":44,"key":"SMITH"},{"data":"hierophant:Community","floor":47,"key":"SMITH"},{"floor":49,"key":"REST"}],"circlet_count":0,"master_deck":["hierophant:Punish","hierophant:Defend_Hierophant","hierophant:Defend_Hierophant","hierophant:ChurchCoffers+1","hierophant:Dazzle+1","hierophant:Kindle+1","hierophant:Doubloon","hierophant:Patience","hierophant:Sermon","hierophant:Doubloon","hierophant:Charity","hierophant:Empathy+1","hierophant:Purify+1","hierophant:SecretStash","hierophant:Doubloon","hierophant:ConvertCurrency","hierophant:Smite+1","hierophant:Levitation+1","hierophant:Doubloon+1","hierophant:Zeal+1","hierophant:FieryStrike+1","hierophant:PassingBell+1","hierophant:PassingBell+1","hierophant:Endure","hierophant:WrathOfGod+1","hierophant:FlamingChariot+1","hierophant:CursedGold","hierophant:Doubloon","hierophant:Kindle+1","hierophant:Encroach","hierophant:Kindle","hierophant:HolyVerse","hierophant:PristineSoul+1","hierophant:Doubloon","hierophant:CoinFling+1","hierophant:Charity","hierophant:Doubloon","Mayhem","hierophant:Community+1","hierophant:DisplayOfPower+1","hierophant:Endure+1"],"relics":["hierophant:PropheticMaskRelic","Molten Egg 2","Ice Cream","Membership Card","sneckomod:SneckoTalon","Red Mask","Kunai","Old Coin","White Beast Statue","Incense Burner","Happy Flower","Lantern","DollysMirror","SacredBark","TheAbacus","Sundial","Vajra","Strange Spoon","Akabeko","Anchor"],"acts_visited":["Exordium","TheCity","TheBeyond"],"potions_floor_usage":[11,19,50,50],"damage_taken":[{"damage":6,"enemies":"Cultist","floor":1,"turns":3},{"damage":1,"enemies":"Small Slimes","floor":2,"turns":3},{"damage":0,"enemies":"2 Louse","floor":3,"turns":2},{"damage":4,"enemies":"Looter","floor":5,"turns":3},{"damage":8,"enemies":"Blue Slaver","floor":8,"turns":6},{"damage":0,"enemies":"Large Slime","floor":11,"turns":5},{"damage":18,"enemies":"Lots of Slimes","floor":12,"turns":5},{"damage":5,"enemies":"2 Fungi Beasts","floor":14,"turns":3},{"damage":16,"enemies":"The Guardian","floor":16,"turns":11},{"damage":21,"enemies":"Chosen","floor":18,"turns":7},{"damage":11,"enemies":"Masked Bandits","floor":19,"turns":5},{"damage":2,"enemies":"Shell Parasite","floor":20,"turns":4},{"damage":20,"enemies":"3 Cultists","floor":25,"turns":6},{"damage":17,"enemies":"Chosen and Byrds","floor":29,"turns":6},{"damage":7,"enemies":"Snake Plant","floor":30,"turns":3},{"damage":50,"enemies":"Automaton","floor":33,"turns":10},{"damage":17,"enemies":"Orb Walker","floor":35,"turns":3},{"damage":10,"enemies":"3 Shapes","floor":37,"turns":3},{"damage":7,"enemies":"Transient","floor":38,"turns":5},{"damage":18,"enemies":"Spire Growth","floor":39,"turns":5},{"damage":0,"enemies":"3 Darklings","floor":46,"turns":3},{"damage":1,"enemies":"Jaw Worm Horde","floor":48,"turns":4},{"damage":44,"enemies":"Time Eater","floor":50,"turns":9}],"seed_played":"-4020444239438971790","potions_obtained":[{"floor":2,"key":"SkillPotion"},{"floor":11,"key":"ColorlessPotion"},{"floor":12,"key":"SneckoOil"},{"floor":16,"key":"CultistPotion"},{"floor":29,"key":"FairyPotion"},{"floor":33,"key":"BlessingOfTheForge"},{"floor":35,"key":"bronze:BurnAndBuffPotion"},{"floor":48,"key":"FairyPotion"}],"is_trial":false,"path_per_floor":["M","M","M","?","M","R","?","M","T","R","M","M","$","M","R","B",null,"M","?","M","?","T","R","?","M","T","T","R","M","M","$","R","B",null,"M","?","M","M","M","R","?","$","T","R","$","M","R","M","R","B",null],"character_chosen":"HIEROPHANT","items_purchased":["Membership Card","Happy Flower","Lantern","hierophant:CursedGold","DollysMirror","hierophant:Encroach","TheAbacus","Sundial","hierophant:Charity","Mayhem","hierophant:Community","Strange Spoon","Akabeko","Anchor"],"campfire_rested":4,"item_purchase_floors":[13,31,31,31,31,31,42,42,42,42,45,45,45,45],"current_hp_per_floor":[69,68,68,57,53,53,50,42,42,42,42,24,24,19,19,3,75,54,43,41,41,41,41,41,21,21,21,43,26,19,19,41,13,75,58,58,48,41,23,45,45,45,45,45,45,45,45,44,66,22],"gold":400,"neow_bonus":"TRANSFORM_TWO_CARDS","is_daily":false,"chose_seed":false,"campfire_upgraded":6,"win_rate":0.0,"timestamp":1610997253,"path_taken":["M","M","?","?","M","R","?","M","T","R","M","M","$","M","R","BOSS","M","?","M","?","?","R","?","M","T","?","R","M","?","$","R","BOSS","M","?","?","M","M","R","?","$","T","R","$","M","R","M","R","BOSS"],"items_purchased_type":["Relic","Relic","Relic","Card","Relic","Card","Relic","Relic","Card","Card","Card","Relic","Relic","Relic"],"build_version":"2020-12-22","purchased_purges":1,"victory":true,"max_hp_per_floor":[75,75,75,75,75,75,75,75,75,75,75,75,75,75,75,75,75,75,75,75,75,75,75,75,75,75,75,75,75,75,75,75,75,75,75,75,75,75,75,75,75,75,75,75,75,75,75,75,75,75],"card_choices":[{"not_picked":["hierophant:ArchangelShield","hierophant:MorningPrayer"],"picked":"hierophant:Patience","floor":1},{"not_picked":["hierophant:Shelter","hierophant:HolyVerse"],"picked":"hierophant:Sermon","floor":2},{"not_picked":["hierophant:Empathy","hierophant:ThreeLashes"],"picked":"hierophant:Charity","floor":3},{"not_picked":["hierophant:RepressedViolence","hierophant:PassingBell"],"picked":"hierophant:Empathy","floor":5},{"not_picked":["hierophant:AuricShield","hierophant:Doubloon"],"picked":"hierophant:Purify+1","floor":8},{"not_picked":["hierophant:HammerAndAnvil","hierophant:Doubloon"],"picked":"hierophant:SecretStash","floor":11},{"not_picked":["hierophant:MirrorShield","hierophant:ArchangelShield"],"picked":"hierophant:ConvertCurrency","floor":12},{"not_picked":["hierophant:HolyVerse","hierophant:DisplayOfPower+1"],"picked":"hierophant:Smite+1","floor":14},{"not_picked":["hierophant:BulkyChest","hierophant:DeathKnell"],"picked":"hierophant:Levitation","floor":16},{"not_picked":["hierophant:Charity","hierophant:Prophecy+1"],"picked":"hierophant:Doubloon+1","floor":18},{"not_picked":["hierophant:ConvertCurrency","hierophant:HolyVerse"],"picked":"hierophant:Zeal+1","floor":19},{"not_picked":["hierophant:Purify+1","hierophant:OrnateJavelin+1"],"picked":"hierophant:FieryStrike+1","floor":20},{"not_picked":["hierophant:HolyVerse","hierophant:AuricShield+1"],"picked":"hierophant:Endure","floor":25},{"not_picked":["hierophant:ConvertCurrency","hierophant:AuricBeam+1"],"picked":"hierophant:WrathOfGod+1","floor":29},{"not_picked":["hierophant:SealAway+1","hierophant:FieryStrike+1"],"picked":"hierophant:FlamingChariot+1","floor":30},{"not_picked":["hierophant:DeathKnell","hierophant:Levitation"],"picked":"hierophant:Kindle","floor":33},{"not_picked":["hierophant:HammerAndAnvil+1","hierophant:Prophecy+1"],"picked":"hierophant:HolyVerse","floor":35},{"not_picked":["hierophant:PassingBell+1","hierophant:Patience"],"picked":"hierophant:PristineSoul+1","floor":37},{"not_picked":["hierophant:Purify+1","hierophant:AuricShield","hierophant:HammerAndAnvil"],"picked":"SKIP","floor":38},{"not_picked":["hierophant:HammerAndAnvil+1","hierophant:Dazzle+1"],"picked":"hierophant:CoinFling+1","floor":39},{"not_picked":["hierophant:Encroach","hierophant:Dazzle"],"picked":"hierophant:DisplayOfPower+1","floor":46},{"not_picked":["hierophant:Doubloon","hierophant:PristineSoul+1"],"picked":"hierophant:Endure+1","floor":48}],"player_experience":1607611,"relics_obtained":[{"floor":9,"key":"Ice Cream"},{"floor":19,"key":"Red Mask"},{"floor":22,"key":"Kunai"},{"floor":26,"key":"White Beast Statue"},{"floor":27,"key":"Incense Burner"},{"floor":43,"key":"Vajra"}],"event_choices":[{"damage_healed":0,"gold_gain":75,"player_choice":"Gather Gold","damage_taken":11,"max_hp_gain":0,"max_hp_loss":0,"event_name":"World of Goop","floor":4,"gold_loss":0},{"damage_healed":0,"gold_gain":0,"player_choice":"Success","damage_taken":3,"relics_obtained":["Molten Egg 2"],"max_hp_gain":0,"max_hp_loss":0,"event_name":"Scrap Ooze","floor":7,"gold_loss":0},{"damage_healed":0,"gold_gain":0,"player_choice":"Fought Bandits","damage_taken":0,"max_hp_gain":0,"max_hp_loss":0,"event_name":"Masked Bandits","floor":19,"gold_loss":0},{"damage_healed":0,"gold_gain":0,"cards_transformed":["hierophant:Strike_Hierophant","hierophant:Strike_Hierophant"],"player_choice":"Became Test Subject","damage_taken":0,"max_hp_gain":0,"max_hp_loss":0,"event_name":"Drug Dealer","floor":21,"gold_loss":0,"cards_obtained":["hierophant:PassingBell","hierophant:PassingBell"]},{"damage_healed":0,"gold_gain":0,"player_choice":"Obtained Relic","damage_taken":0,"relics_obtained":["Old Coin"],"max_hp_gain":0,"max_hp_loss":0,"event_name":"Addict","floor":24,"gold_loss":85},{"cards_removed":["hierophant:Strike_Hierophant"],"damage_healed":0,"gold_gain":0,"player_choice":"Purged","damage_taken":0,"max_hp_gain":0,"max_hp_loss":0,"event_name":"Purifier","floor":36,"gold_loss":0},{"damage_healed":0,"gold_gain":0,"player_choice":"Ignored","damage_taken":0,"max_hp_gain":0,"max_hp_loss":0,"event_name":"Mysterious Sphere","floor":41,"gold_loss":0}],"is_beta":false,"boss_relics":[{"not_picked":["Philosopher\u0027s Stone","Calling Bell"],"picked":"sneckomod:SneckoTalon"},{"not_picked":["Black Star","Fusion Hammer"],"picked":"SacredBark"}],"items_purged_floors":[42],"is_endless":false,"potions_floor_spawned":[2,11,12,16,18,29,30,33,35,37,38,39,46,48],"ascension_level":0}}