{"host":"s41rn2jhghpwfrvz","time":1610983557,"event":{"mods":["BaseMod","Minty Spire (QoL Compilation)","Quick Restart","Relic Stats","SuperFastMode"],"gold_per_floor":[114,127,127,68,68,68,95,115,115,142,153,153,180,190,190,266,266,281,281,308,321,352,352,392,317,317,342,342,362,391,391,391,462,462,477,477,527,260,297,330,344,371,371,403,403,428,504,538,538,538,538,538,538,96,124,124],"floor_reached":57,"language":"ENG","playtime":1576,"items_purged":["Flex+1","Sword Boomerang+1","True Grit+1"],"score":4140,"play_id":"0c90da94-41ab-4758-af10-051a24a71781","local_time":"20210118172557","daily_mods":["SealedDeck","Vintage","DeadlyEvents"],"is_ascension_mode":true,"campfire_choices":[{"data":"Body Slam","floor":6.0,"key":"SMITH"},{"data":"True Grit","floor":12,"key":"SMITH"},{"data":"Feel No Pain","floor":15,"key":"SMITH"},{"data":"Feel No Pain","floor":23,"key":"SMITH"},{"data":"Body Slam","floor":28,"key":"SMITH"},{"data":"Feel No Pain","floor":32,"key":"SMITH"},{"data":"Power Through","floor":45,"key":"SMITH"},{"floor":49,"key":"RECALL"},{"data":"Evolve","floor":53,"key":"SMITH"}],"circlet_count":0,"master_deck":["AscendersBane","Pommel Strike+1","Power Through+1","Evolve+1","Feel No Pain+1","Body Slam+1","Feel No Pain+1","Feel No Pain+1","Shrug It Off+1","Body Slam+1","Dark Embrace+1"],"relics":["Burning Blood","Meat on the Bone","Ornamental Fan","Ice Cream","Sundial","Toxic Egg 2","CaptainsWheel","Orichalcum","Mercury Hourglass","War Paint","Black Star","Whetstone","Blood Vial","Charon\u0027s Ashes","Art of War","Red Mask","Letter Opener","CeramicFish","Gremlin Horn","Shuriken","Matryoshka","Lantern","PreservedInsect","Anchor","InkBottle","Busted Crown","Frozen Egg 2","Gambling Chip","TheAbacus","MealTicket","FossilizedHelix","Centennial Puzzle","Bronze Scales","Torii","Toy Ornithopter","White Beast Statue","Dream Catcher","Bag of Preparation","Red Skull","Omamori","Mummified Hand","Kunai","Akabeko","Medical Kit","Boot","Oddly Smooth Stone","Strawberry"],"acts_visited":["Exordium","TheCity","TheBeyond","TheEnding"],"potions_floor_usage":[10,56],"damage_taken":[{"damage":7.0,"enemies":"Jaw Worm","floor":1.0,"turns":3.0},{"damage":0.0,"enemies":"2 Louse","floor":2.0,"turns":3.0},{"damage":0.0,"enemies":"Lagavulin","floor":7.0,"turns":7.0},{"damage":4.0,"enemies":"Small Slimes","floor":8.0,"turns":4.0},{"damage":30,"enemies":"Gremlin Nob","floor":10,"turns":5},{"damage":1,"enemies":"Red Slaver","floor":11,"turns":4},{"damage":0,"enemies":"Lagavulin","floor":13,"turns":5},{"damage":0,"enemies":"Blue Slaver","floor":14,"turns":3},{"damage":0,"enemies":"Slime Boss","floor":16,"turns":5},{"damage":10,"enemies":"Shell Parasite","floor":18,"turns":4},{"damage":26,"enemies":"Slavers","floor":20,"turns":6},{"damage":7,"enemies":"2 Thieves","floor":21,"turns":4},{"damage":25,"enemies":"Masked Bandits","floor":22,"turns":4},{"damage":0,"enemies":"Gremlin Leader","floor":24,"turns":4},{"damage":11,"enemies":"Slavers","floor":27,"turns":4},{"damage":31,"enemies":"Snecko","floor":29,"turns":7},{"damage":0,"enemies":"Gremlin Leader","floor":30,"turns":4},{"damage":0,"enemies":"Champ","floor":33,"turns":3},{"damage":0,"enemies":"3 Darklings","floor":35,"turns":2},{"damage":0,"enemies":"2 Orb Walkers","floor":37,"turns":3},{"damage":0,"enemies":"Reptomancer","floor":39,"turns":2},{"damage":0,"enemies":"Nemesis","floor":40,"turns":3},{"damage":0,"enemies":"3 Shapes","floor":41,"turns":2},{"damage":0,"enemies":"Reptomancer","floor":42,"turns":2},{"damage":0,"enemies":"Giant Head","floor":44,"turns":3},{"damage":0,"enemies":"Reptomancer","floor":46,"turns":2},{"damage":0,"enemies":"Nemesis","floor":48,"turns":3},{"damage":0,"enemies":"Time Eater","floor":50,"turns":3},{"damage":0,"enemies":"Donu and Deca","floor":51,"turns":2},{"damage":0,"enemies":"Shield and Spear","floor":55,"turns":1},{"damage":0,"enemies":"The Heart","floor":56,"turns":4}],"seed_played":"-2504334684746427605","potions_obtained":[{"floor":2.0,"key":"Swift Potion"},{"floor":8.0,"key":"FairyPotion"},{"floor":10,"key":"EssenceOfSteel"},{"floor":16,"key":"SteroidPotion"},{"floor":18,"key":"CultistPotion"},{"floor":30,"key":"Swift Potion"},{"floor":41,"key":"Dexterity Potion"}],"is_trial":true,"path_per_floor":["M","M","?","$","?","R","E","M","T","E","M","R","E","M","R","B",null,"M","?","E","M","?","R","E","$","T","E","R","M","E","T","R","B",null,"M","?","?","$","E","E","M","E","T","E","R","E","T","E","R","B","B",null,"R","$","E","B",null],"character_chosen":"IRONCLAD","items_purchased":["Shrug It Off","TheAbacus","Medical Kit","Boot"],"campfire_rested":0,"item_purchase_floors":[4,38,54,54],"current_hp_per_floor":[67,73,78,78,78,78,80,80,80,56,61,61,67,73,73,79,80,76,76,56,57,52,52,60,60,60,57,57,46,54,54,54,62,76,80,76,76,76,76,76,76,76,76,76,76,76,76,76,76,76,76,76,76,76,83,83],"gold":124,"neow_bonus":"","is_daily":false,"chose_seed":false,"campfire_upgraded":8,"win_rate":0.0,"timestamp":1610983557,"path_taken":["M","M","?","$","?","R","E","M","T","E","M","R","E","M","R","BOSS","M","?","?","?","?","R","E","?","T","E","R","M","?","?","R","BOSS","M","?","?","$","?","E","M","E","T","?","R","E","?","E","R","BOSS","BOSS","R","$","E","BOSS"],"items_purchased_type":["Card","Relic","Relic","Relic"],"build_version":"2020-12-22","purchased_purges":3,"victory":true,"max_hp_per_floor":[75,75,80,80,80,80,80,80,80,80,80,80,80,80,80,80,80,80,80,80,80,80,80,80,80,80,80,80,80,80,80,80,80,80,80,76,76,76,76,76,76,76,76,76,76,76,76,76,76,76,76,76,76,76,83,83],"relic_stats":{"Gremlin Horn":[21,22],"Torii":0,"CeramicFish":18,"Bag of Preparation":[12],"Whetstone":["Pommel Strike","Sword Boomerang"],"Boot":[0],"Burning Blood":104,"Blood Vial":16,"Centennial Puzzle":[0],"Dream Catcher":0,"TheAbacus":[486],"Sundial":[102],"Mummified Hand":[21],"Gambling Chip":[3],"MealTicket":0,"Kunai":[10],"InkBottle":[26],"counters":[31,110],"Charon\u0027s Ashes":[315],"PreservedInsect":488,"Letter Opener":[107],"Orichalcum":[18],"War Paint":["Shrug It Off","Flex"],"Medical Kit":[26],"Mercury Hourglass":[384],"Busted Crown":16,"Ornamental Fan":[156],"Shuriken":[33],"Bronze Scales":[81],"Black Star":11,"Art of War":[7],"obtain_stats":[{"Ice Cream":7,"Lantern":30,"Gremlin Horn":27,"Torii":41,"CeramicFish":24,"Bag of Preparation":44,"Whetstone":18,"Boot":54,"Burning Blood":0,"Blood Vial":20,"Centennial Puzzle":40,"Dream Catcher":43,"Matryoshka":29,"TheAbacus":38,"Sundial":8,"Mummified Hand":47,"Gambling Chip":37,"Strawberry":55,"MealTicket":39,"Red Mask":22,"Kunai":48,"Toxic Egg 2":9,"InkBottle":31,"Red Skull":44,"Oddly Smooth Stone":55,"Charon\u0027s Ashes":20,"PreservedInsect":30,"Omamori":46,"Letter Opener":24,"Orichalcum":11,"War Paint":14,"Frozen Egg 2":35,"Medical Kit":54,"White Beast Statue":42,"Akabeko":48,"Mercury Hourglass":13,"CaptainsWheel":10,"Anchor":31,"Busted Crown":34,"Ornamental Fan":2,"Shuriken":27,"Bronze Scales":40,"Black Star":17,"Art of War":21,"FossilizedHelix":39,"Toy Ornithopter":42,"Meat on the Bone":1},{"Ice Cream":3,"Lantern":17,"Gremlin Horn":15,"Torii":23,"CeramicFish":14,"Bag of Preparation":25,"Whetstone":10,"Boot":29,"Burning Blood":0,"Blood Vial":11,"Centennial Puzzle":22,"Dream Catcher":24,"Matryoshka":16,"TheAbacus":20,"Sundial":4,"Mummified Hand":26,"Gambling Chip":20,"Strawberry":30,"MealTicket":21,"Red Mask":13,"Kunai":27,"Toxic Egg 2":4,"InkBottle":17,"Red Skull":25,"Oddly Smooth Stone":30,"Charon\u0027s Ashes":11,"PreservedInsect":17,"Omamori":26,"Letter Opener":14,"Orichalcum":6,"War Paint":8,"Frozen Egg 2":19,"Medical Kit":29,"White Beast Statue":24,"Akabeko":27,"Mercury Hourglass":7,"CaptainsWheel":5,"Anchor":17,"Busted Crown":18,"Ornamental Fan":2,"Shuriken":15,"Bronze Scales":22,"Black Star":9,"Art of War":12,"FossilizedHelix":21,"Toy Ornithopter":24,"Meat on the Bone":1},{"Ice Cream":13,"Lantern":75,"Gremlin Horn":65,"Torii":90,"CeramicFish":61,"Bag of Preparation":95,"Whetstone":43,"Boot":105,"Burning Blood":0,"Blood Vial":49,"Centennial Puzzle":88,"Dream Catcher":92,"Matryoshka":71,"TheAbacus":83,"Sundial":17,"Mummified Hand":97,"Gambling Chip":83,"Strawberry":106,"MealTicket":85,"Red Mask":57,"Kunai":100,"Toxic Egg 2":17,"InkBottle":75,"Red Skull":95,"Oddly Smooth Stone":106,"Charon\u0027s Ashes":49,"PreservedInsect":75,"Omamori":97,"Letter Opener":61,"Orichalcum":26,"War Paint":34,"Frozen Egg 2":80,"Medical Kit":105,"White Beast Statue":92,"Akabeko":100,"Mercury Hourglass":31,"CaptainsWheel":22,"Anchor":75,"Busted Crown":78,"Ornamental Fan":6,"Shuriken":65,"Bronze Scales":88,"Black Star":39,"Art of War":53,"FossilizedHelix":85,"Toy Ornithopter":92,"Meat on the Bone":3}],"Toy Ornithopter":0,"Meat on the Bone":24},"card_choices":[{"not_picked":["Clothesline","Pommel Strike","Dropkick"],"picked":"SKIP","floor":7.0},{"not_picked":["Clothesline","Exhume+1","Flex+1"],"picked":"SKIP","floor":10},{"not_picked":["Flex+1","Iron Wave","Headbutt"],"picked":"SKIP","floor":13},{"not_picked":["Heavy Blade","Limit Break+1","Sword Boomerang"],"picked":"SKIP","floor":20},{"not_picked":["Rage+1","Second Wind+1"],"picked":"Body Slam","floor":24},{"not_picked":["Twin Strike","Heavy Blade","Perfected Strike"],"picked":"SKIP","floor":27},{"not_picked":["Shrug It Off+1","Armaments+1","Immolate"],"picked":"SKIP","floor":30},{"not_picked":[],"picked":"Dark Embrace+1","floor":39},{"not_picked":["Burning Pact+1"],"picked":"SKIP","floor":40},{"not_picked":["Rage+1"],"picked":"SKIP","floor":42},{"not_picked":["Feel No Pain+1"],"picked":"SKIP","floor":44},{"not_picked":["Thunderclap+1"],"picked":"SKIP","floor":46},{"not_picked":["Rampage"],"picked":"SKIP","floor":48},{"not_picked":["Perfected Strike"],"picked":"SKIP","floor":55}],"player_experience":1791759,"relics_obtained":[{"floor":1.0,"key":"Meat on the Bone"},{"floor":2.0,"key":"Ornamental Fan"},{"floor":7.0,"key":"Ice Cream"},{"floor":8.0,"key":"Sundial"},{"floor":9.0,"key":"Toxic Egg 2"},{"floor":10,"key":"CaptainsWheel"},{"floor":11,"key":"Orichalcum"},{"floor":13,"key":"Mercury Hourglass"},{"floor":14,"key":"War Paint"},{"floor":18,"key":"Whetstone"},{"floor":20,"key":"Blood Vial"},{"floor":20,"key":"Charon\u0027s Ashes"},{"floor":21,"key":"Art of War"},{"floor":22,"key":"Red Mask"},{"floor":24,"key":"Letter Opener"},{"floor":24,"key":"CeramicFish"},{"floor":27,"key":"Gremlin Horn"},{"floor":27,"key":"Shuriken"},{"floor":29,"key":"Matryoshka"},{"floor":30,"key":"Lantern"},{"floor":30,"key":"PreservedInsect"},{"floor":31,"key":"Anchor"},{"floor":31,"key":"InkBottle"},{"floor":35,"key":"Frozen Egg 2"},{"floor":37,"key":"Gambling Chip"},{"floor":39,"key":"MealTicket"},{"floor":39,"key":"FossilizedHelix"},{"floor":40,"key":"Centennial Puzzle"},{"floor":40,"key":"Bronze Scales"},{"floor":41,"key":"Torii"},{"floor":42,"key":"Toy Ornithopter"},{"floor":42,"key":"White Beast Statue"},{"floor":43,"key":"Dream Catcher"},{"floor":44,"key":"Bag of Preparation"},{"floor":44,"key":"Red Skull"},{"floor":46,"key":"Omamori"},{"floor":47,"key":"Mummified Hand"},{"floor":48,"key":"Kunai"},{"floor":48,"key":"Akabeko"},{"floor":55,"key":"Oddly Smooth Stone"},{"floor":55,"key":"Strawberry"}],"event_choices":[{"damage_healed":0.0,"max_hp_gain":5.0,"max_hp_loss":0.0,"gold_gain":0.0,"event_name":"Big Fish","player_choice":"Donut","floor":3.0,"gold_loss":0.0,"damage_taken":0.0},{"damage_healed":0.0,"max_hp_gain":0.0,"max_hp_loss":0.0,"gold_gain":0.0,"event_name":"Liars Game","player_choice":"Ignored","floor":5.0,"gold_loss":0.0,"damage_taken":0.0},{"damage_healed":0,"gold_gain":0,"player_choice":"Ignored","damage_taken":0,"max_hp_gain":0,"max_hp_loss":0,"event_name":"Transmorgrifier","floor":19,"gold_loss":0},{"damage_healed":0,"gold_gain":0,"player_choice":"Fought Bandits","damage_taken":0,"max_hp_gain":0,"max_hp_loss":0,"event_name":"Masked Bandits","floor":22,"gold_loss":0},{"damage_healed":0,"gold_gain":0,"player_choice":"Max HP","damage_taken":0,"max_hp_gain":0,"max_hp_loss":4,"event_name":"Winding Halls","floor":36,"gold_loss":0},{"damage_healed":0,"gold_gain":0,"player_choice":"Fight","damage_taken":0,"max_hp_gain":0,"max_hp_loss":0,"event_name":"Mysterious Sphere","floor":37,"gold_loss":0}],"is_beta":false,"boss_relics":[{"not_picked":["Mark of Pain","Coffee Dripper"],"picked":"Black Star"},{"not_picked":["Velvet Choker","Runic Cube"],"picked":"Busted Crown"}],"items_purged_floors":[25,38,54],"is_endless":false,"potions_floor_spawned":[2,8,10,14,16,18,20,24,30,37,41,42,44,46,48,55],"ascension_level":20}}