{"host":"dpbezu80jg8zk7un","time":1610982904,"event":{"mods":["BaseMod","Colored Map","Colored Powertips","Custom Start","DeckTracker","Minty Spire (QoL Compilation)","Quick Restart","StSLib","SuperFastMode"],"gold_per_floor":[119,119,130,16,35,66,66,98,98,98,98,116,127,142,142,213,213,225,245,145,155,205,231,231,256,256,256,288,303,316,347,347,422,422,436,386,398,398,175,200,200,225,249,30,43,77,93,105,105,105,105,105,105,55,85,85,85],"floor_reached":56,"language":"KOR","playtime":2266,"items_purged":["Strike_P","Defend_P","Defend_P","Strike_P","Strike_P","Defend_P"],"score":2454,"play_id":"1e46284f-71d1-43a3-af21-7f750975e28f","local_time":"20210119001504","is_ascension_mode":true,"campfire_choices":[{"data":"Apotheosis","floor":7.0,"key":"SMITH"},{"data":"Eruption","floor":11.0,"key":"SMITH"},{"data":"MentalFortress","floor":15.0,"key":"SMITH"},{"floor":24.0,"key":"REST"},{"data":"Vault","floor":27.0,"key":"SMITH"},{"floor":32.0,"key":"RECALL"},{"floor":41.0,"key":"REST"},{"data":"WheelKick","floor":49.0,"key":"SMITH"},{"floor":53.0,"key":"REST"}],"circlet_count":0,"master_deck":["AscendersBane","Eruption+1","Vigilance","Apotheosis+1","FollowUp","FlurryOfBlows","WheelKick+1","MentalFortress+1","EmptyFist","Vault+1","FearNoEvil","Vault+1","CrushJoints+1"],"relics":["PureWater","Yang","Prayer Wheel","Thread and Needle","Runic Dome","Smiling Mask","Akabeko","Ornamental Fan","Centennial Puzzle","Mercury Hourglass","VioletLotus","Medical Kit","Art of War","Gremlin Horn","Bag of Preparation","Darkstone Periapt","Pen Nib"],"acts_visited":["Exordium","TheCity","TheBeyond","TheEnding"],"potions_floor_usage":[56],"damage_taken":[{"damage":2.0,"enemies":"2 Louse","floor":1.0,"turns":5.0},{"damage":0.0,"enemies":"Cultist","floor":3.0,"turns":3.0},{"damage":0.0,"enemies":"Small Slimes","floor":5.0,"turns":2.0},{"damage":0.0,"enemies":"3 Sentries","floor":6.0,"turns":3.0},{"damage":0.0,"enemies":"Lagavulin","floor":8.0,"turns":5.0},{"damage":2.0,"enemies":"Exordium Thugs","floor":12.0,"turns":4.0},{"damage":0.0,"enemies":"3 Louse","floor":13.0,"turns":2.0},{"damage":0.0,"enemies":"Gremlin Gang","floor":14.0,"turns":4.0},{"damage":0.0,"enemies":"The Guardian","floor":16.0,"turns":8.0},{"damage":10.0,"enemies":"3 Byrds","floor":18.0,"turns":6.0},{"damage":0.0,"enemies":"2 Thieves","floor":19.0,"turns":2.0},{"damage":0.0,"enemies":"Snake Plant","floor":21.0,"turns":5.0},{"damage":18.0,"enemies":"Slavers","floor":23.0,"turns":6.0},{"damage":1.0,"enemies":"Book of Stabbing","floor":25.0,"turns":4.0},{"damage":0.0,"enemies":"Slavers","floor":28.0,"turns":7.0},{"damage":0.0,"enemies":"Sentry and Sphere","floor":29.0,"turns":5.0},{"damage":0.0,"enemies":"Centurion and Healer","floor":30.0,"turns":3.0},{"damage":0.0,"enemies":"Gremlin Leader","floor":31.0,"turns":5.0},{"damage":34.0,"enemies":"Automaton","floor":33.0,"turns":8.0},{"damage":0.0,"enemies":"3 Darklings","floor":35.0,"turns":4.0},{"damage":0.0,"enemies":"3 Shapes","floor":37.0,"turns":3.0},{"damage":16.0,"enemies":"Giant Head","floor":40.0,"turns":7.0},{"damage":0.0,"enemies":"Reptomancer","floor":42.0,"turns":5.0},{"damage":0.0,"enemies":"Sphere and 2 Shapes","floor":45.0,"turns":2.0},{"damage":0.0,"enemies":"Giant Head","floor":46.0,"turns":6.0},{"damage":0.0,"enemies":"Jaw Worm Horde","floor":47.0,"turns":3.0},{"damage":0.0,"enemies":"4 Shapes","floor":48.0,"turns":5.0},{"damage":9.0,"enemies":"Time Eater","floor":50.0,"turns":8.0},{"damage":7.0,"enemies":"Awakened One","floor":51.0,"turns":8.0},{"damage":0,"enemies":"Shield and Spear","floor":55,"turns":4},{"damage":89,"enemies":"The Heart","floor":56,"turns":7}],"seed_played":"1760610534754697492","potions_obtained":[{"floor":1.0,"key":"SneckoOil"},{"floor":5.0,"key":"FairyPotion"},{"floor":12.0,"key":"DistilledChaos"},{"floor":16.0,"key":"FearPotion"},{"floor":23.0,"key":"SteroidPotion"},{"floor":45.0,"key":"GamblersBrew"}],"is_trial":false,"path_per_floor":["M","?","M","$","M","E","R","E","T","?","R","M","M","M","R","B",null,"M","M","$","M","?","E","R","E","T","R","E","M","M","E","R","B",null,"M","$","M","?","$","E","R","E","T","$","M","E","M","M","R","B","B",null,"R","$","E","B"],"character_chosen":"WATCHER","items_purchased":["WheelKick","Medical Kit","Bag of Preparation"],"campfire_rested":3,"item_purchase_floors":[4,39,44],"current_hp_per_floor":[41,41,41,41,41,41,41,41,41,41,41,39,39,39,39,39,61,51,51,51,51,51,33,53,52,52,52,52,52,52,52,52,18,56,56,56,56,56,56,40,60,60,60,60,60,60,60,60,60,51,44,62,68,68,68,0,0],"gold":85,"neow_bonus":"RANDOM_COLORLESS_2","is_daily":false,"chose_seed":false,"campfire_upgraded":5,"win_rate":0.0,"timestamp":1610982904,"path_taken":["M","?","?","$","M","E","R","E","T","?","R","M","M","M","R","BOSS","M","M","$","M","?","E","R","E","T","R","E","M","M","E","R","BOSS","M","$","M","?","$","E","R","E","T","$","M","E","M","M","R","BOSS","BOSS","R","$","E","BOSS"],"items_purchased_type":["Card","Relic","Relic"],"build_version":"2020-12-22","purchased_purges":6,"victory":false,"max_hp_per_floor":[68,68,68,68,68,68,68,68,68,68,68,68,68,68,68,68,68,68,68,68,68,68,68,68,68,68,68,68,68,68,68,68,68,68,68,68,68,68,68,68,68,68,68,68,68,68,68,68,68,68,68,68,68,68,68,68,68],"card_choices":[{"not_picked":["Secret Technique","Violence"],"picked":"Apotheosis","floor":0.0},{"not_picked":["Collect","LikeWater"],"picked":"FollowUp","floor":1.0},{"not_picked":["PathToVictory","Indignation"],"picked":"FlurryOfBlows","floor":3.0},{"not_picked":["Prostrate","EmptyBody"],"picked":"MentalFortress","floor":5.0},{"not_picked":["FollowUp","Protect","Worship"],"picked":"SKIP","floor":6.0},{"not_picked":["CarveReality","DeceiveReality"],"picked":"EmptyFist","floor":8.0},{"not_picked":["FollowUp","LessonLearned","Pray"],"picked":"SKIP","floor":12.0},{"not_picked":["ThirdEye","SashWhip","Crescendo"],"picked":"SKIP","floor":12.0},{"not_picked":["PathToVictory","Crescendo","Protect"],"picked":"SKIP","floor":13.0},{"not_picked":["EmptyBody","ReachHeaven","ThirdEye"],"picked":"SKIP","floor":13.0},{"not_picked":["JustLucky","BowlingBash","Conclude"],"picked":"SKIP","floor":14.0},{"not_picked":["CarveReality","Protect","FlyingSleeves"],"picked":"SKIP","floor":14.0},{"not_picked":["Establishment","Omniscience"],"picked":"Vault","floor":16.0},{"not_picked":["MentalFortress","ThirdEye","SignatureMove"],"picked":"SKIP","floor":18.0},{"not_picked":["CrushJoints","EmptyBody+1","Evaluate"],"picked":"SKIP","floor":18.0},{"not_picked":["MentalFortress","ThirdEye","SignatureMove"],"picked":"SKIP","floor":18.0},{"not_picked":["CrushJoints","EmptyBody+1","Evaluate"],"picked":"SKIP","floor":18.0},{"not_picked":["ClearTheMind","EmptyMind","JustLucky+1"],"picked":"SKIP","floor":19.0},{"not_picked":["FlurryOfBlows","Perseverance","Halt"],"picked":"SKIP","floor":19.0},{"not_picked":["Judgement","Prostrate","EmptyBody"],"picked":"SKIP","floor":21.0},{"not_picked":["ThirdEye","JustLucky","EmptyBody"],"picked":"SKIP","floor":21.0},{"not_picked":["WheelKick","SashWhip","BowlingBash"],"picked":"SKIP","floor":23.0},{"not_picked":["WheelKick","ThirdEye","EmptyBody+1"],"picked":"SKIP","floor":25.0},{"not_picked":["EmptyFist+1","LessonLearned","Protect"],"picked":"SKIP","floor":28.0},{"not_picked":["SandsOfTime","Worship","CutThroughFate"],"picked":"SKIP","floor":29.0},{"not_picked":["FlurryOfBlows","JustLucky","SignatureMove+1"],"picked":"SKIP","floor":29.0},{"not_picked":["CutThroughFate+1","Halt","ThirdEye"],"picked":"SKIP","floor":30.0},{"not_picked":["CutThroughFate","ThirdEye","TalkToTheHand"],"picked":"SKIP","floor":30.0},{"not_picked":["Crescendo","JustLucky"],"picked":"FearNoEvil","floor":31.0},{"not_picked":["ConjureBlade","Blasphemy"],"picked":"Vault","floor":33.0},{"not_picked":["Worship","DeceiveReality","CutThroughFate"],"picked":"SKIP","floor":35.0},{"not_picked":["Perseverance","JustLucky","FlyingSleeves"],"picked":"SKIP","floor":35.0},{"not_picked":["FlurryOfBlows","CutThroughFate+1","TalkToTheHand"],"picked":"SKIP","floor":37.0},{"not_picked":["MentalFortress","WheelKick","CutThroughFate"],"picked":"SKIP","floor":37.0},{"not_picked":["JustLucky","WheelKick","SignatureMove"],"picked":"SKIP","floor":40.0},{"not_picked":["Evaluate","BowlingBash"],"picked":"CrushJoints+1","floor":42.0},{"not_picked":["WaveOfTheHand","ClearTheMind","SashWhip"],"picked":"SKIP","floor":45.0},{"not_picked":["SashWhip","SignatureMove","Evaluate+1"],"picked":"SKIP","floor":45.0},{"not_picked":["SignatureMove","Wish","Consecrate"],"picked":"SKIP","floor":46.0},{"not_picked":["FlyingSleeves+1","WaveOfTheHand","Wireheading"],"picked":"SKIP","floor":47.0},{"not_picked":["SashWhip","Tantrum+1","JustLucky+1"],"picked":"SKIP","floor":47.0},{"not_picked":["EmptyBody","Protect+1","LessonLearned"],"picked":"SKIP","floor":48.0},{"not_picked":["SashWhip+1","Evaluate","CrushJoints+1"],"picked":"SKIP","floor":48.0},{"not_picked":["Wallop","Consecrate","WaveOfTheHand"],"picked":"SKIP","floor":55}],"player_experience":2891958,"relics_obtained":[{"floor":6.0,"key":"Yang"},{"floor":8.0,"key":"Prayer Wheel"},{"floor":9.0,"key":"Thread and Needle"},{"floor":23.0,"key":"Smiling Mask"},{"floor":25.0,"key":"Akabeko"},{"floor":26.0,"key":"Ornamental Fan"},{"floor":28.0,"key":"Centennial Puzzle"},{"floor":31.0,"key":"Mercury Hourglass"},{"floor":40.0,"key":"Art of War"},{"floor":42.0,"key":"Gremlin Horn"},{"floor":46.0,"key":"Darkstone Periapt"},{"floor":55,"key":"Pen Nib"}],"event_choices":[{"cards_removed":["Defend_P"],"damage_healed":0.0,"max_hp_gain":0.0,"max_hp_loss":0.0,"gold_gain":0.0,"event_name":"Purifier","player_choice":"Purged","floor":2.0,"gold_loss":0.0,"damage_taken":0.0},{"cards_removed":["Strike_P"],"damage_healed":0.0,"max_hp_gain":0.0,"max_hp_loss":0.0,"gold_gain":0.0,"event_name":"Living Wall","player_choice":"Forget","floor":10.0,"gold_loss":0.0,"damage_taken":0.0},{"damage_healed":0.0,"max_hp_gain":0.0,"max_hp_loss":0.0,"gold_gain":50.0,"event_name":"Nest","player_choice":"Stole From Cult","floor":22.0,"gold_loss":0.0,"damage_taken":0.0},{"damage_healed":0.0,"max_hp_gain":0.0,"max_hp_loss":0.0,"gold_gain":0.0,"event_name":"Accursed Blacksmith","player_choice":"Forge","floor":38.0,"gold_loss":0.0,"damage_taken":0.0,"cards_upgraded":["Vault"]}],"is_beta":false,"boss_relics":[{"not_picked":["Ectoplasm","Snecko Eye"],"picked":"Runic Dome"},{"not_picked":["Cursed Key","Sozu"],"picked":"VioletLotus"}],"items_purged_floors":[4,20,36,39,44,54],"is_endless":false,"potions_floor_spawned":[1,5,12,16,18,21,23,37,40,45,46,55],"killed_by":"The Heart","ascension_level":20}}