{"host":"foq4mrde4mssg7vt","time":1610976614,"event":{"mods":["AchievementEnabler","BaseMod","Colored Map","Colored Powertips","Highlight Path","Minty Spire (QoL Compilation)","Relic Stats","everything is the same but u backflip on backflip"],"gold_per_floor":[119,119,136,151,63,96,111,111,111,136,136,167,167,132,132,205,205,225,275,292,292,292,292],"floor_reached":22,"language":"ENG","playtime":790,"items_purged":[],"score":394,"play_id":"aa6bd43b-a5e3-4a1e-adbe-f174ba290b04","local_time":"20210118213014","is_ascension_mode":true,"campfire_choices":[{"floor":8.0,"key":"REST"},{"data":"Recycle","floor":11.0,"key":"SMITH"},{"data":"Loop","floor":13.0,"key":"SMITH"},{"data":"Reinforced Body","floor":15.0,"key":"SMITH"}],"circlet_count":0,"master_deck":["AscendersBane","Strike_B","Strike_B","Defend_B","Defend_B","Defend_B","Zap","Dualcast","Barrage+1","Rebound","Compile Driver","Reinforced Body+1","Recycle+1","Ball Lightning","Loop+1","Fission","Double Energy+1","Recycle+1","Fission+1","Cold Snap","Reprogram"],"relics":["Cracked Core","Pantograph","Matryoshka","Ancient Tea Set","Astrolabe"],"acts_visited":["Exordium","TheCity"],"potions_floor_usage":[],"damage_taken":[{"damage":1.0,"enemies":"Cultist","floor":1.0,"turns":3.0},{"damage":4.0,"enemies":"Small Slimes","floor":3.0,"turns":3.0},{"damage":2.0,"enemies":"Jaw Worm","floor":4.0,"turns":2.0},{"damage":30.0,"enemies":"3 Sentries","floor":6.0,"turns":7.0},{"damage":16.0,"enemies":"Gremlin Gang","floor":7.0,"turns":6.0},{"damage":11.0,"enemies":"Gremlin Nob","floor":10.0,"turns":3.0},{"damage":25.0,"enemies":"3 Sentries","floor":12.0,"turns":7.0},{"damage":43.0,"enemies":"Slime Boss","floor":16.0,"turns":8.0},{"damage":31.0,"enemies":"2 Thieves","floor":18.0,"turns":5.0},{"damage":14,"enemies":"Spheric Guardian","floor":20,"turns":4},{"damage":48,"enemies":"Centurion and Healer","floor":22,"turns":6}],"seed_played":"8568252119065639552","potions_obtained":[{"floor":3.0,"key":"Strength Potion"},{"floor":7.0,"key":"ColorlessPotion"},{"floor":10.0,"key":"DistilledChaos"},{"floor":16.0,"key":"FocusPotion"},{"floor":20,"key":"PotionOfCapacity"}],"is_trial":false,"path_per_floor":["M","?","M","M","$","E","M","R","T","E","R","E","R","?","R","B",null,"M","?","M","?","M"],"character_chosen":"DEFECT","items_purchased":["Compile Driver","Reinforced Body"],"campfire_rested":1,"item_purchase_floors":[5,5],"current_hp_per_floor":[70,70,66,64,64,34,18,41,41,30,30,5,5,24,24,6,60,29,29,15,31,0,0],"gold":292,"neow_bonus":"TEN_PERCENT_HP_BONUS","is_daily":false,"chose_seed":false,"campfire_upgraded":3,"win_rate":0.0,"timestamp":1610976614,"path_taken":["M","?","M","M","$","E","M","R","T","E","R","E","R","?","R","BOSS","M","?","?","?","M"],"items_purchased_type":["Card","Card"],"build_version":"2020-12-22","purchased_purges":0,"victory":false,"max_hp_per_floor":[78,78,78,78,78,78,78,78,78,78,78,78,78,78,78,78,78,78,78,78,78,78,78],"relic_stats":{"counters":[11,53],"Pantograph":25,"Astrolabe":["Double Energy","Recycle","Fission"],"obtain_stats":[{"Matryoshka":10,"Pantograph":9,"Astrolabe":17,"Cracked Core":0,"Ancient Tea Set":12},{"Matryoshka":6,"Pantograph":5,"Astrolabe":8,"Cracked Core":0,"Ancient Tea Set":7},{"Matryoshka":24,"Pantograph":21,"Astrolabe":38,"Cracked Core":0,"Ancient Tea Set":31}]},"card_choices":[{"not_picked":["Darkness","Stack"],"picked":"Barrage","floor":1.0},{"not_picked":["Go for the Eyes","Aggregate"],"picked":"Rebound","floor":3.0},{"not_picked":["Storm","BootSequence","Stack"],"picked":"SKIP","floor":4.0},{"not_picked":["Scrape","BootSequence"],"picked":"Recycle","floor":6.0},{"not_picked":["Reboot","Compile Driver"],"picked":"Ball Lightning","floor":7.0},{"not_picked":["Leap","Amplify","Reboot"],"picked":"SKIP","floor":10.0},{"not_picked":["Melter","Hologram"],"picked":"Loop","floor":12.0},{"not_picked":["Rainbow","Meteor Strike"],"picked":"Fission","floor":16.0},{"not_picked":["Hologram","Barrage"],"picked":"Cold Snap","floor":18.0},{"not_picked":["Self Repair+1","Beam Cell"],"picked":"Reprogram","floor":20}],"player_experience":490955,"relics_obtained":[{"floor":9.0,"key":"Pantograph"},{"floor":10.0,"key":"Matryoshka"},{"floor":12.0,"key":"Ancient Tea Set"}],"event_choices":[{"damage_healed":0.0,"max_hp_gain":0.0,"max_hp_loss":0.0,"gold_gain":0.0,"event_name":"Living Wall","player_choice":"Grow","floor":2.0,"gold_loss":0.0,"damage_taken":0.0,"cards_upgraded":["Barrage"]},{"damage_healed":19.0,"max_hp_gain":0.0,"max_hp_loss":0.0,"gold_gain":0.0,"event_name":"The Cleric","player_choice":"Healed","floor":14.0,"gold_loss":35.0,"damage_taken":0.0},{"damage_healed":0,"gold_gain":100,"player_choice":"Bet on Murderer","damage_taken":0,"max_hp_gain":0,"max_hp_loss":0,"event_name":"The Joust","floor":19,"gold_loss":50},{"damage_healed":16,"gold_gain":0,"player_choice":"Heal","damage_taken":0,"max_hp_gain":0,"max_hp_loss":0,"event_name":"The Library","floor":21,"gold_loss":0}],"is_beta":false,"boss_relics":[{"not_picked":["Philosopher\u0027s Stone","Busted Crown"],"picked":"Astrolabe"}],"items_purged_floors":[],"is_endless":false,"potions_floor_spawned":[3,7,10,16,20],"killed_by":"Centurion and Healer","ascension_level":19}}