{"host":"xen3g9xszuyodjyu","time":1610973695,"event":{"mods":["2.2 Compatiblity","AchievementEnabler","Arknights The Spire","BaseMod","Better Note","Colored Map","Colored Powertips","DeckTracker","Keyboard Shortcuts","Minty Spire (QoL Compilation)","Permanent Neow","Quick Restart","Rare Cards Sparkle","StSLib","SuperFastMode","everything is the same but u backflip on backflip"],"gold_per_floor":[5114,4313,4328,4343,4358,4388,4388,4418,4418,4368,3568,3583,3583,3598,3598,3698,3698,3713,3713,3728,2818,2818,2833,2848,2878,2903,2933,2933,3033,3048,2244,2244,2344,2344,2359,2409,2424,2439,2454,2484,2484,2484],"floor_reached":41,"language":"KOR","playtime":1466,"items_purged":["ats:Revitalization+1","ats:Apocalypse+1","ats:Hammer On+1","ats:Leaping Hammer+1"],"score":800,"play_id":"851837c0-e2a1-4494-95a6-d354c93f018f","local_time":"20210118214135","daily_mods":["Draft","Green Cards","Lethality"],"is_ascension_mode":false,"campfire_choices":[{"data":"ats:Burning Ground","floor":7,"key":"SMITH"},{"data":"ats:Burning Ground","floor":13,"key":"SMITH"},{"floor":15,"key":"DIG"},{"floor":28,"key":"DIG"},{"floor":32,"key":"REST"}],"circlet_count":0,"master_deck":["ats:Overload+1","ats:Ignite+1","ats:Ignite+1","ats:Soul Absorption+1","ats:Flexible Camouflage+1","ats:Cat Scratch+1","ats:Burning Ground+1","ats:Curse Doll+1","ats:Ignite+1","ats:Ignite+1","ats:Apocalypse+1","ats:Apocalypse+1","ats:Emotion Absorption+1","ats:Emotion Absorption+1","ats:Emotion Absorption+1","ats:Ignite+1","ats:Sunburst+1","ats:Assault Order+1","ats:Burning Ground+1","ats:Volcano+1","ats:Sunburst+1","Bandage Up+1","ats:Hook Shot+1","ats:Hook Shot+1","ats:Hook Shot+1","ats:Assault Order+1","ats:Roar Of Ursus","ats:Burning Ground+1","ats:Very Hot Blade+1","Parasite"],"relics":["ats:Sanity","Molten Egg 2","Toxic Egg 2","Molten Egg 2","Mummified Hand","Ice Cream","Dead Branch","Centennial Puzzle","ClockworkSouvenir","ats:Originium","Toy Ornithopter","Shovel","Bottled Tornado","Vajra","ats:Berate","ats:Assault","TungstenRod","Pantograph","Sozu","HandDrill","Mango","Singing Bowl","Lantern","Boot","Blood Vial","FossilizedHelix","Ornamental Fan","ats:Arts","ats:Rhine Circuitry","Shovel","Coffee Dripper","Unceasing Top"],"acts_visited":["Exordium","TheCity","TheBeyond"],"potions_floor_usage":[24,24,25],"damage_taken":[{"damage":0,"enemies":"Cultist","floor":1,"turns":1},{"damage":10,"enemies":"2 Louse","floor":3,"turns":2},{"damage":0,"enemies":"Small Slimes","floor":4,"turns":1},{"damage":4,"enemies":"Blue Slaver","floor":5,"turns":2},{"damage":0,"enemies":"Lagavulin","floor":6,"turns":3},{"damage":0,"enemies":"Gremlin Nob","floor":8,"turns":2},{"damage":0,"enemies":"Looter","floor":12,"turns":1},{"damage":0,"enemies":"3 Louse","floor":14,"turns":1},{"damage":0,"enemies":"Slime Boss","floor":16,"turns":3},{"damage":20,"enemies":"2 Thieves","floor":18,"turns":2},{"damage":16,"enemies":"Shell Parasite","floor":20,"turns":2},{"damage":0,"enemies":"Sentry and Sphere","floor":23,"turns":2},{"damage":10,"enemies":"Shelled Parasite and Fungi","floor":24,"turns":2},{"damage":16,"enemies":"Book of Stabbing","floor":25,"turns":2},{"damage":29,"enemies":"Slavers","floor":27,"turns":2},{"damage":14,"enemies":"Colosseum Slavers","floor":29,"turns":2},{"damage":9,"enemies":"Colosseum Nobs","floor":29,"turns":2},{"damage":0,"enemies":"Centurion and Healer","floor":30,"turns":2},{"damage":2,"enemies":"Champ","floor":33,"turns":3},{"damage":0,"enemies":"3 Shapes","floor":35,"turns":1},{"damage":32,"enemies":"Mind Bloom Boss Battle","floor":36,"turns":3},{"damage":0,"enemies":"3 Darklings","floor":37,"turns":2},{"damage":2,"enemies":"Sphere and 2 Shapes","floor":38,"turns":1},{"damage":0,"enemies":"Writhing Mass","floor":39,"turns":2},{"damage":0,"enemies":"Nemesis","floor":40,"turns":1},{"damage":0,"enemies":"3 Darklings","floor":41,"turns":1}],"seed_played":"-1283480827410872575","potions_obtained":[{"floor":1,"key":"Strength Potion"},{"floor":8,"key":"Explosive Potion"}],"is_trial":false,"path_per_floor":["M","$","M","M","M","E","R","E","T","?","$","M","R","M","R","B",null,"M","?","M","$","?","M","M","E","T","E","R","?","M","$","R","B",null,"M","?","M","M","M","E","M"],"character_chosen":"DOCTOR_CLASS","items_purchased":["Dead Branch","Centennial Puzzle","ClockworkSouvenir","Explosive Potion","ats:Sunburst+1","ats:Assault","TungstenRod","Pantograph","HandDrill","Mango","Singing Bowl","Bandage Up+1","ats:Arts","ats:Rhine Circuitry","Shovel","ats:Assault Order+1"],"campfire_rested":1,"item_purchase_floors":[2,2,2,2,2,11,11,11,21,21,21,21,31,31,31,31],"current_hp_per_floor":[72,72,62,62,58,63,63,63,63,63,63,63,63,63,63,72,72,52,52,46,60,44,56,58,55,55,39,39,39,48,48,78,101,103,105,75,88,88,103,111,111,111],"gold":2484,"neow_bonus":"","is_daily":true,"chose_seed":false,"campfire_upgraded":2,"win_rate":0.0,"timestamp":1610973695,"path_taken":["M","$","?","M","M","E","R","E","T","?","$","M","R","M","R","BOSS","M","?","M","$","?","M","M","E","T","E","R","?","M","$","R","BOSS","M","?","M","M","M","E","M"],"items_purchased_type":["Relic","Relic","Relic","Potion","Card","Relic","Relic","Relic","Relic","Relic","Relic","Card","Relic","Relic","Relic","Card"],"build_version":"2020-12-22","purchased_purges":4,"victory":false,"max_hp_per_floor":[72,72,72,72,72,72,72,72,72,72,72,72,72,72,72,72,72,72,72,72,86,91,93,95,97,97,99,99,101,103,103,103,103,103,105,107,107,107,109,111,111,111],"card_choices":[{"not_picked":["ats:Automatic Cover","ats:Steam Pump"],"picked":"ats:Leaping Hammer","floor":0},{"not_picked":["ats:Hammer On","ats:Song Of Battle"],"picked":"ats:Overload","floor":0},{"not_picked":["ats:Revitalization","ats:Defend Order"],"picked":"ats:Shell Defense","floor":0},{"not_picked":["ats:Hammer On","ats:Revitalization"],"picked":"ats:Ignite","floor":0},{"not_picked":["ats:Explosion Area Strengthen","ats:Healing Strengthening"],"picked":"ats:Ignite","floor":0},{"not_picked":["ats:Hammer On","ats:Counter Healing Mode"],"picked":"ats:Soul Absorption","floor":0},{"not_picked":["ats:Explosion Area Strengthen","ats:Charging Defense"],"picked":"ats:Flexible Camouflage","floor":0},{"not_picked":["ats:Hammer On","ats:Leaping Hammer"],"picked":"ats:Cat Scratch","floor":0},{"not_picked":["ats:Closed Bolt Burst Fire","ats:Explosion Area Strengthen"],"picked":"ats:Hammer On","floor":0},{"not_picked":["ats:Beaten Up","ats:Powerful Strike"],"picked":"ats:Revitalization","floor":0},{"not_picked":["ats:Flexible Camouflage","ats:Curse Doll"],"picked":"ats:Burning Ground","floor":0},{"not_picked":["ats:Defend Order","ats:Cat Scratch"],"picked":"ats:Curse Doll","floor":0},{"not_picked":["ats:Leaping Hammer","ats:Poison Spread"],"picked":"ats:Ignite","floor":0},{"not_picked":["ats:Flexible Camouflage","ats:Powerful Strike"],"picked":"ats:Ignite","floor":0},{"not_picked":["ats:Sword Rain","ats:Powerful Strike"],"picked":"ats:Apocalypse","floor":0},{"not_picked":["ats:Defend Order","ats:LN2 Cannon+1"],"picked":"ats:Ignite+1","floor":1},{"not_picked":["ats:Poison Spread+1","ats:Apocalypse+1","ats:Hammer On+1"],"picked":"SKIP","floor":3},{"not_picked":["ats:Cat Scratch+1","ats:Curse Doll+1","ats:Assault Order+1"],"picked":"SKIP","floor":4},{"not_picked":["ats:Flexible Camouflage+1","ats:Hammer On+1"],"picked":"ats:Assault Order+1","floor":5},{"not_picked":["ats:Charging Defense+1","ats:Cat Scratch+1","ats:Rat Pack+1"],"picked":"SKIP","floor":6},{"not_picked":["ats:Explosion Area Strengthen+1","ats:Magnetic Hammer+1"],"picked":"ats:Burning Ground","floor":8},{"not_picked":["ats:Explosion Area Strengthen+1","ats:Song Of Battle","ats:Hammer On+1"],"picked":"SKIP","floor":12},{"not_picked":["ats:Explosion Area Strengthen+1","ats:Encircling Forest+1","ats:Charging Defense+1"],"picked":"SKIP","floor":14},{"not_picked":["ats:Rat Pack+1","ats:Wolf Pack+1"],"picked":"ats:Volcano+1","floor":16},{"not_picked":["ats:Childhood Dance+1","ats:Blood Oath+1","ats:Ignite+1"],"picked":"SKIP","floor":18},{"not_picked":["ats:Revitalization+1","ats:Childhood Dance+1"],"picked":"ats:Sunburst+1","floor":20},{"not_picked":["ats:Hammer On+1","ats:Revitalization+1","ats:Ignite+1"],"picked":"Singing Bowl","floor":23},{"not_picked":["ats:Assault Order+1","ats:Revitalization+1","ats:Leaping Hammer+1"],"picked":"Singing Bowl","floor":24},{"not_picked":["ats:Demon Strength+1","ats:Ignite+1","ats:Shell Defense+1"],"picked":"Singing Bowl","floor":25},{"not_picked":["ats:Poison Spread+1","ats:Composite Medical Shells","ats:Counter Healing Mode+1"],"picked":"Singing Bowl","floor":27},{"not_picked":["ats:Assault Order+1","ats:Poison Spread+1","ats:Revitalization+1"],"picked":"Singing Bowl","floor":29},{"not_picked":["ats:Shadow Raid+1","ats:Sword Rain+1","ats:Ignite+1"],"picked":"Singing Bowl","floor":30},{"not_picked":["ats:Nebulous Foxfire+1","ats:Echo Reverb+1"],"picked":"ats:Roar Of Ursus","floor":33},{"not_picked":["ats:Ignite+1","ats:Poison Spread+1","ats:Explosion Area Strengthen+1"],"picked":"Singing Bowl","floor":35},{"not_picked":["ats:Flexible Camouflage+1","ats:Revitalization+1","ats:Consecutive Shot Auto+1"],"picked":"Singing Bowl","floor":36},{"not_picked":["ats:Rapid Magazine+1","ats:Hammer On+1"],"picked":"ats:Burning Ground+1","floor":37},{"not_picked":["ats:Leaping Hammer+1","ats:Flame Of Heaven+1"],"picked":"ats:Very Hot Blade+1","floor":38},{"not_picked":["ats:Cat Scratch+1","ats:Assault Order+1","ats:Childhood Dance+1"],"picked":"Singing Bowl","floor":39},{"not_picked":["ats:Fractured Body+1","ats:Revitalization+1","ats:Spore Proliferation+1"],"picked":"Singing Bowl","floor":40}],"player_experience":57140,"relics_obtained":[{"floor":6,"key":"ats:Originium"},{"floor":6,"key":"Toy Ornithopter"},{"floor":8,"key":"ats:Originium"},{"floor":8,"key":"Vajra"},{"floor":9,"key":"ats:Berate"},{"floor":25,"key":"ats:Originium"},{"floor":25,"key":"Lantern"},{"floor":26,"key":"Boot"},{"floor":28,"key":"Blood Vial"},{"floor":29,"key":"FossilizedHelix"},{"floor":29,"key":"Ornamental Fan"},{"floor":36,"key":"Unceasing Top"}],"event_choices":[{"cards_removed":["ats:Shell Defense"],"damage_healed":0,"gold_gain":0,"player_choice":"Card Removal","damage_taken":0,"max_hp_gain":0,"max_hp_loss":0,"event_name":"The Cleric","floor":10,"gold_loss":50},{"damage_healed":0,"gold_gain":0,"player_choice":"Ignored","damage_taken":0,"max_hp_gain":0,"max_hp_loss":0,"event_name":"Vampires","floor":19,"gold_loss":0},{"damage_healed":0,"gold_gain":0,"player_choice":"Shed Blood","damage_taken":22,"max_hp_gain":5,"max_hp_loss":0,"event_name":"Forgotten Altar","floor":22,"gold_loss":0},{"damage_healed":0,"gold_gain":0,"player_choice":"Fight","damage_taken":0,"max_hp_gain":0,"max_hp_loss":0,"event_name":"Colosseum","floor":29,"gold_loss":0},{"damage_healed":0,"gold_gain":0,"player_choice":"Fought Nobs","damage_taken":0,"max_hp_gain":0,"max_hp_loss":0,"event_name":"Colosseum","floor":29,"gold_loss":0},{"damage_healed":0,"gold_gain":0,"player_choice":"Fight","damage_taken":0,"max_hp_gain":0,"max_hp_loss":0,"event_name":"MindBloom","floor":36,"gold_loss":0}],"is_beta":false,"boss_relics":[{"not_picked":["Runic Dome","ats:Tactical Delivery"],"picked":"Sozu"},{"not_picked":["Astrolabe","Velvet Choker"],"picked":"Coffee Dripper"}],"items_purged_floors":[2,11,21,31],"is_endless":false,"potions_floor_spawned":[1,5,8,12,14,27,29,29,35,38,40],"killed_by":"3 Darklings","ascension_level":0}}