{"host":"ockkdcgl3b18tfz9","time":1610986756,"event":{"mods":["2.2 Compatiblity","BaseMod","Better Skull","Better Third Choice","BetterRewards","Hermit","Minty Spire (QoL Compilation)","Quick Restart","Replay The Spire","Spicy Shops","StSLib","SuperFastMode","The Jungle"],"gold_per_floor":[114,129,94,114,114,114,132,166,166,166,193,219,219,229,229,229,306,306,321,341,360,360,285,285,318,318,342,342,369,384,404,435,435,435,435,435,435,447,447,296,296,296,296,391,391,391,391,40,57,90,90,125,125,125,125,125,125,23,55,55,55],"floor_reached":60,"language":"ENG","playtime":1234,"items_purged":["Pain"],"score":1460,"play_id":"3d554ddd-16f3-48e6-8a28-e1ef98de44c0","local_time":"20210118231916","is_ascension_mode":true,"campfire_choices":[{"data":"Blade Dance","floor":6.0,"key":"SMITH"},{"floor":10.0,"key":"REST"},{"floor":15,"key":"DIG"},{"floor":16,"key":"REST"},{"floor":24,"key":"REST"},{"data":"After Image","floor":34,"key":"SMITH"},{"data":"After Image","floor":35,"key":"SMITH"},{"data":"Footwork","floor":43,"key":"SMITH"},{"floor":45,"key":"RECALL"},{"floor":47,"key":"REST"},{"data":"Envenom","floor":51,"key":"SMITH"},{"data":"Accuracy","floor":53,"key":"SMITH"},{"data":"PiercingWail","floor":57,"key":"SMITH"}],"circlet_count":0,"master_deck":["AscendersBane","Survivor","Neutralize","Blade Dance+1","Dagger Spray+1","PiercingWail+1","Quick Slash","Underhanded Strike","Blade Dance+1","Leg Sweep","Envenom+1","Blade Dance+1","Blur","Finisher","After Image+1","Deflect+1","Accuracy","Blur+1","Neutralize","Backstab+1","ReplayTheSpireMod:Scrap Shanks+1","Blade Dance+1","After Image+1","Blade Dance+1","Dodge and Roll","Amnesia","Footwork+1","Blade Dance+1","Enlightenment","Footwork+1","Cloak And Dagger+1","Deflect","Accuracy+1","Blade Dance+1","Catalyst+1","Blade Dance+1","Acrobatics+1","Cloak And Dagger","PiercingWail","Footwork"],"relics":["StrikeDummy","TwistedFunnel","Ornamental Fan","Lantern","Sizzling Blood","WingedGreaves","Iron Hammer","Replay:Bottled Eggs","Sundial","WarpedTongs","Tingsha","WristBlade","Dream Catcher","Anchor","Replay:Rubber Ducky","Turnip","ReplayTheSpireMod:TigerMarble","Ninja Scroll","Pandora\u0027s Box","ReplayTheSpireMod:CursedCoin","MealTicket","Membership Card","Ice Cream","Replay:Mystery Machine","Boot","Orichalcum"],"acts_visited":["Exordium","TheCity","TheBeyond","TheEnding"],"potions_floor_usage":[17,25,32,60],"damage_taken":[{"damage":0.0,"enemies":"Cultist","floor":1.0,"turns":3.0},{"damage":0.0,"enemies":"Jaw Worm","floor":2.0,"turns":2.0},{"damage":0.0,"enemies":"Small Slimes","floor":4.0,"turns":2.0},{"damage":0.0,"enemies":"2 Fungi Beasts","floor":7.0,"turns":2.0},{"damage":10.0,"enemies":"Lagavulin","floor":8.0,"turns":5.0},{"damage":0.0,"enemies":"Gremlin Nob","floor":11.0,"turns":2.0},{"damage":21,"enemies":"Lagavulin","floor":12,"turns":4},{"damage":0,"enemies":"Gremlin Gang","floor":14,"turns":3},{"damage":37,"enemies":"Fading Forest","floor":17,"turns":11},{"damage":9,"enemies":"Shell Parasite","floor":19,"turns":5},{"damage":5,"enemies":"2 Thieves","floor":20,"turns":3},{"damage":29,"enemies":"Snecko","floor":21,"turns":5},{"damage":5,"enemies":"Gremlin Leader","floor":25,"turns":4},{"damage":0,"enemies":"Book of Stabbing","floor":29,"turns":1},{"damage":0,"enemies":"Chosen and Byrds","floor":30,"turns":5},{"damage":9,"enemies":"Snake Plant","floor":31,"turns":4},{"damage":4,"enemies":"Gremlin Leader","floor":32,"turns":5},{"damage":12,"enemies":"Collector","floor":36,"turns":9},{"damage":0,"enemies":"3 Darklings","floor":38,"turns":3},{"damage":0,"enemies":"3 Shapes","floor":49,"turns":3},{"damage":0,"enemies":"Nemesis","floor":50,"turns":3},{"damage":0,"enemies":"R_Hoarder","floor":52,"turns":6},{"damage":2,"enemies":"Replay:Hell Engine","floor":55,"turns":9},{"damage":0,"enemies":"Shield and Spear","floor":59,"turns":6},{"damage":100,"enemies":"The Heart","floor":60,"turns":8}],"seed_played":"-5537135762457941287","potions_obtained":[{"floor":2.0,"key":"AttackPotion"},{"floor":7.0,"key":"Adrenaline Potion"},{"floor":8.0,"key":"Strength Potion"},{"floor":20,"key":"SpeedPotion"},{"floor":21,"key":"DuplicationPotion"},{"floor":30,"key":"SteroidPotion"},{"floor":38,"key":"SpeedPotion"},{"floor":52,"key":"FairyPotion"}],"is_trial":false,"path_per_floor":["M","M","?","M","?","R","M","E","T","R","E","E","?","M","R","R","B",null,"M","M","M","?","?","R","E","?","T","T","E","M","M","E","?","R","R","B",null,"M","?","$","?","?","R","?","R","T","R","$","M","E","R","E","R","R","B",null,"R","$","E","B"],"character_chosen":"THE_SILENT","items_purchased":["StrikeDummy","TwistedFunnel","Ornamental Fan","Blade Dance","Lantern","Dagger Spray+1","PiercingWail","Well Laid Plans","ReplayTheSpireMod:CursedCoin","Footwork","Blade Dance","Membership Card","Ice Cream","Accuracy","Blade Dance","PiercingWail","Footwork"],"campfire_rested":4,"item_purchase_floors":[0,0,0,0,0,0,0,0,40,40,40,48,48,48,48,58,58],"current_hp_per_floor":[31,31,48,48,52,52,56,50,50,72,74,57,57,61,61,74,63,71,66,65,40,40,40,62,61,61,61,61,65,69,64,64,64,64,64,56,70,74,74,74,74,74,74,56,56,56,74,74,74,74,74,74,74,74,74,74,74,74,74,0,0],"gold":55,"neow_bonus":"","is_daily":false,"chose_seed":false,"campfire_upgraded":7,"win_rate":0.0,"timestamp":1610986756,"path_taken":["M","?","?","M","?","R","M","E","T","R","E","E","?","?","R","R","BOSS","M","M","M","?","?","R","E","?","T","T","E","M","?","E","?","R","R","BOSS","M","?","$","?","?","R","?","R","T","R","$","M","E","R","E","R","R","BOSS","R","$","E","BOSS"],"items_purchased_type":["Relic","Relic","Relic","Card","Relic","Card","Card","Card","Relic","Card","Card","Relic","Relic","Card","Card","Card","Card"],"build_version":"2020-12-22","purchased_purges":1,"victory":false,"max_hp_per_floor":[70,70,70,70,74,74,74,74,74,74,74,74,74,74,74,74,74,74,74,74,74,74,74,74,74,74,74,74,74,74,74,74,74,74,74,74,74,74,74,74,74,74,74,74,74,74,74,74,74,74,74,74,74,74,74,74,74,74,74,74,74],"card_choices":[{"not_picked":["Poisoned Stab","Draining Mist"],"picked":"Quick Slash","floor":1.0},{"not_picked":["Flying Knee","Heel Hook"],"picked":"Underhanded Strike","floor":2.0},{"not_picked":["Acrobatics","Terror"],"picked":"Blade Dance","floor":4.0},{"not_picked":["Tactician","Quick Slash"],"picked":"Leg Sweep","floor":7.0},{"not_picked":["Quick Slash","PiercingWail"],"picked":"Envenom","floor":8.0},{"not_picked":["All Out Attack","Dagger Spray"],"picked":"Blade Dance","floor":11.0},{"not_picked":["Eviscerate","Well Laid Plans"],"picked":"Blur","floor":12},{"not_picked":["Distraction","ReplayTheSpireMod:Shiv Toss"],"picked":"Finisher","floor":14},{"not_picked":["Corpse Explosion","Atom Bomb"],"picked":"After Image","floor":17},{"not_picked":["Eviscerate","Slice"],"picked":"Deflect+1","floor":19},{"not_picked":["Quick Slash","Concentrate"],"picked":"Accuracy","floor":20},{"not_picked":["Sucker Punch","Concentrate"],"picked":"Blur+1","floor":21},{"not_picked":["All Out Attack+1","Well Laid Plans","Expertise"],"picked":"SKIP","floor":25},{"not_picked":["ReplayTheSpireMod:Exploit Weakness","Dagger Throw+1"],"picked":"ReplayTheSpireMod:Scrap Shanks+1","floor":29},{"not_picked":["Dagger Throw","Deadly Poison"],"picked":"Blade Dance","floor":30},{"not_picked":["Eviscerate","Tactician"],"picked":"After Image","floor":31},{"not_picked":["Dash","Expertise"],"picked":"Blade Dance","floor":32},{"not_picked":["ReplayTheSpireMod:Scrap Shanks","Dagger Spray"],"picked":"Dodge and Roll","floor":38},{"not_picked":["Discovery","Purity"],"picked":"Enlightenment","floor":41},{"not_picked":["Hidden Blade+1","Crippling Poison"],"picked":"Footwork+1","floor":44},{"not_picked":["Outmaneuver","Underhanded Strike"],"picked":"Cloak And Dagger+1","floor":44},{"not_picked":["ReplayTheSpireMod:Scrap Shanks","ReplayTheSpireMod:Exploit Weakness"],"picked":"Deflect","floor":47},{"not_picked":["Sucker Punch+1","Bouncing Flask"],"picked":"Catalyst+1","floor":49},{"not_picked":["Night Terror","Footwork"],"picked":"Blade Dance+1","floor":50},{"not_picked":["Tactician+1","Slice"],"picked":"Acrobatics+1","floor":52},{"not_picked":["ReplayTheSpireMod:Speed Training","Riddle With Holes"],"picked":"Cloak And Dagger","floor":54},{"not_picked":["Tactician","Flying Knee","Underhanded Strike"],"picked":"SKIP","floor":59}],"player_experience":289936,"relics_obtained":[{"floor":8.0,"key":"WingedGreaves"},{"floor":9.0,"key":"Iron Hammer"},{"floor":11.0,"key":"Replay:Bottled Eggs"},{"floor":12,"key":"Sundial"},{"floor":15,"key":"Tingsha"},{"floor":25,"key":"Dream Catcher"},{"floor":27,"key":"Anchor"},{"floor":28,"key":"Replay:Rubber Ducky"},{"floor":29,"key":"Turnip"},{"floor":32,"key":"ReplayTheSpireMod:TigerMarble"},{"floor":44,"key":"MealTicket"},{"floor":50,"key":"Replay:Mystery Machine"},{"floor":52,"key":"Boot"},{"floor":59,"key":"Orichalcum"}],"event_choices":[{"damage_healed":17.0,"max_hp_gain":0.0,"max_hp_loss":0.0,"gold_gain":0.0,"event_name":"The Cleric","player_choice":"Healed","floor":3.0,"gold_loss":35.0,"damage_taken":0.0},{"damage_healed":0,"gold_gain":0,"player_choice":"Rummage","damage_taken":0,"relics_obtained":["WarpedTongs"],"max_hp_gain":0,"max_hp_loss":0,"event_name":"Accursed Blacksmith","floor":13,"gold_loss":0,"cards_obtained":["Pain"]},{"cards_removed":["Strike_G"],"damage_healed":0,"gold_gain":0,"player_choice":"Elegance","damage_taken":0,"max_hp_gain":0,"max_hp_loss":0,"event_name":"betterThird:BetterWriting","floor":22,"gold_loss":0},{"cards_removed":["Strike_G"],"damage_healed":0,"gold_gain":0,"player_choice":"Gave Gold","damage_taken":0,"max_hp_gain":0,"max_hp_loss":0,"event_name":"Beggar","floor":23,"gold_loss":75},{"damage_healed":0,"gold_gain":0,"player_choice":"2 cards matched","damage_taken":0,"max_hp_gain":0,"max_hp_loss":0,"event_name":"Match and Keep!","floor":26,"gold_loss":0,"cards_obtained":["Neutralize","Backstab"]},{"cards_removed":["Well Laid Plans"],"damage_healed":0,"gold_gain":0,"player_choice":"Removed Power","damage_taken":0,"max_hp_gain":0,"max_hp_loss":0,"event_name":"Falling","floor":39,"gold_loss":0},{"damage_healed":0,"gold_gain":0,"player_choice":"Memory 1","damage_taken":0,"max_hp_gain":0,"max_hp_loss":0,"event_name":"SensoryStone","floor":41,"gold_loss":0},{"damage_healed":0,"gold_gain":0,"player_choice":"Ignored","damage_taken":0,"max_hp_gain":0,"max_hp_loss":0,"event_name":"Tomb of Lord Red Mask","floor":42,"gold_loss":0}],"is_beta":false,"boss_relics":[{"not_picked":["Ring of Chaos","HoveringKite"],"picked":"WristBlade"},{"not_picked":["Replay:Bronze Core","SlaversCollar"],"picked":"Pandora\u0027s Box"}],"items_purged_floors":[40],"is_endless":false,"potions_floor_spawned":[2,7,8,20,21,30,38,52],"killed_by":"The Heart","ascension_level":13}}