{"host":"bl5a1u4dlpugkw55","time":1610961725,"event":{"mods":["BaseMod","Downfall","Highlight Path","Minty Spire (QoL Compilation)","Permanent Neow","StSLib"],"gold_per_floor":[349,359,373,433,451,351,378,411,411,438,452,552,352,387,399,496,496,496,518,541,541,559,559,613,646,669,75,35,35,35,56,66,169,169,169,188,203,216,39,59,113,152,152,152,164,164,181,202,202,202,202],"floor_reached":49,"language":"ENG","playtime":8758,"items_purged":[],"score":637,"play_id":"2d26caaf-d713-45a8-9f4a-c133c54e6fad","local_time":"20210118202205","is_ascension_mode":true,"campfire_choices":[{"floor":1.0,"key":"RECALL"},{"floor":6.0,"key":"REST"},{"floor":13.0,"key":"REST"},{"data":"hexamod:Again","floor":18.0,"key":"SMITH"},{"floor":23.0,"key":"REST"},{"data":"hexamod:RainOfEmbers","floor":30.0,"key":"SMITH"},{"data":"hexamod:TimeOfNeed","floor":35.0,"key":"SMITH"},{"floor":44.0,"key":"REST"},{"floor":46.0,"key":"REST"}],"circlet_count":0,"master_deck":["hexamod:Strike+1","hexamod:Strike+1","hexamod:Strike+1","hexamod:Defend","hexamod:Defend+1","hexamod:Sear","hexamod:Float","hexamod:SwordOfDarkness+1","hexamod:FlamesFromBeyond","hexamod:HexaLevel+1","hexamod:FourthSeal","hexamod:PowerFromBeyond","hexamod:Hexaguard","hexamod:Again+1","hexamod:DynamicBlow+1","hexamod:Hexaguard","hexamod:SecondSeal","hexamod:GhostOfSpireFuture+1","hexamod:SixthSeal","CurseOfTheBell","hexamod:BurningTouch","hexamod:ThermalTransfer","hexamod:TimeWarp","hexamod:RetreatToShadows","hexamod:RainOfEmbers+1","hexamod:FastForward","hexamod:TimeWarp","hexamod:GhostflameInferno+1","hexamod:ThermalTransfer+1","hexamod:ThirdSeal","hexamod:FirstSeal","hexamod:TurnItUp+1","hexamod:TimeOfNeed+1","hexamod:NecessarySacrifice+1","hexamod:GhostflameInferno","expansioncontent:InvincibleStrength","Violence","hexamod:Again+1","hexamod:StepThrough+1","hexamod:FlamesFromBeyond","hexamod:WildfireWeapon"],"relics":["hexamod:SpiritBrand","Sundial","downfall:HeartBlessingRed","Pantograph","downfall:HeartBlessingGreen","downfall:HeartBlessingBlue","Nunchaku","Calling Bell","Oddly Smooth Stone","Shuriken","Pocketwatch","Nloth\u0027s Gift","Omamori","StrikeDummy","Lee\u0027s Waffle","Singing Bowl","Black Star","Potion Belt","Happy Flower","Mango","Kunai","downfall:TeleportStone"],"acts_visited":["TheCity","TheBeyond"],"potions_floor_usage":[49,49],"damage_taken":[{"damage":0.0,"enemies":"Cultist","floor":2.0,"turns":3.0},{"damage":5.0,"enemies":"Small Slimes","floor":3.0,"turns":3.0},{"damage":16.0,"enemies":"3 Sentries","floor":4.0,"turns":8.0},{"damage":2.0,"enemies":"2 Louse","floor":5.0,"turns":3.0},{"damage":12.0,"enemies":"3 Sentries","floor":8.0,"turns":6.0},{"damage":20.0,"enemies":"Lagavulin","floor":10.0,"turns":6.0},{"damage":0.0,"enemies":"Exordium Thugs","floor":11.0,"turns":2.0},{"damage":4.0,"enemies":"downfall:Heads","floor":12.0,"turns":6.0},{"damage":4.0,"enemies":"3 Sentries","floor":14.0,"turns":5.0},{"damage":1.0,"enemies":"Blue Slaver","floor":15.0,"turns":4.0},{"damage":22.0,"enemies":"WA_ARCHETYPE_RETAIN","floor":16.0,"turns":8.0},{"damage":5.0,"enemies":"Spheric Guardian","floor":19.0,"turns":5.0},{"damage":10.0,"enemies":"Shell Parasite","floor":20.0,"turns":4.0},{"damage":5.0,"enemies":"Snake Plant","floor":22.0,"turns":4.0},{"damage":20.0,"enemies":"Slavers","floor":25.0,"turns":6.0},{"damage":3.0,"enemies":"3 Cultists","floor":26.0,"turns":5.0},{"damage":0.0,"enemies":"downfall:FleeingMerchant","floor":27.0,"turns":4.0},{"damage":0.0,"enemies":"downfall:FleeingMerchant","floor":28.0,"turns":4.0},{"damage":23.0,"enemies":"Centurion and Healer","floor":31.0,"turns":6.0},{"damage":0.0,"enemies":"Snecko","floor":32.0,"turns":3.0},{"damage":21.0,"enemies":"DF_ARCHETYPE_CLAW","floor":33.0,"turns":7.0},{"damage":16.0,"enemies":"3 Shapes","floor":36.0,"turns":5.0},{"damage":10.0,"enemies":"Orb Walker","floor":37.0,"turns":3.0},{"damage":28.0,"enemies":"3 Darklings","floor":38.0,"turns":5.0},{"damage":15.0,"enemies":"downfall:FleeingMerchant","floor":39.0,"turns":4.0},{"damage":16.0,"enemies":"Jaw Worm Horde","floor":40.0,"turns":4.0},{"damage":47.0,"enemies":"Reptomancer","floor":42.0,"turns":7.0},{"damage":13.0,"enemies":"Writhing Mass","floor":45.0,"turns":6.0},{"damage":11.0,"enemies":"4 Shapes","floor":47.0,"turns":4.0},{"damage":10.0,"enemies":"Jaw Worm Horde","floor":48.0,"turns":2.0},{"damage":313,"enemies":"IC_BLOCK_ARCHETYPE","floor":49,"turns":7}],"seed_played":"4664070069691079475","potions_obtained":[{"floor":5.0,"key":"AttackPotion"},{"floor":8.0,"key":"champ:CounterPotion"},{"floor":8.0,"key":"Explosive Potion"},{"floor":10.0,"key":"CultistPotion"},{"floor":11.0,"key":"EntropicBrew"},{"floor":12.0,"key":"sneckomod:MuddlingPotion"},{"floor":12.0,"key":"hexamod:SoulburnPotion"},{"floor":14.0,"key":"FairyPotion"},{"floor":15.0,"key":"SkillPotion"},{"floor":16.0,"key":"DistilledChaos"},{"floor":19.0,"key":"EssenceOfSteel"},{"floor":19.0,"key":"Swift Potion"},{"floor":20.0,"key":"PowerPotion"},{"floor":22.0,"key":"hexamod:SoulburnPotion"},{"floor":22.0,"key":"Energy Potion"},{"floor":25.0,"key":"ColorlessPotion"},{"floor":26.0,"key":"CultistPotion"},{"floor":31.0,"key":"Fire Potion"},{"floor":33.0,"key":"LiquidMemories"},{"floor":38.0,"key":"GamblersBrew"},{"floor":38.0,"key":"DuplicationPotion"},{"floor":40.0,"key":"Fire Potion"},{"floor":40.0,"key":"Regen Potion"},{"floor":42.0,"key":"DistilledChaos"},{"floor":45.0,"key":"ColorlessPotion"},{"floor":45.0,"key":"FearPotion"},{"floor":47.0,"key":"Slimebound:ThreeZeroPotion"},{"floor":47.0,"key":"BlessingOfTheForge"}],"is_trial":false,"path_per_floor":["R","M","M","?","M","R","T","E","?","E","M","?","R","E","M","B",null,"R","M","M","?","M","R","T","E","M","$","$","?","R","M","M","B",null,"R","M","M","M","$","M","T","E","?","R","M","R","M","M","B"],"character_chosen":"THE_SPIRIT","items_purchased":["Lee\u0027s Waffle","Singing Bowl","hexamod:FastForward","hexamod:TimeWarp","hexamod:ThermalTransfer","Regen Potion","expansioncontent:InvincibleStrength","Violence","Potion Belt"],"campfire_rested":5,"item_purchase_floors":[27,27,27,27,28,39,39,39,39],"current_hp_per_floor":[49,49,44,28,26,47,47,35,35,15,15,11,45,41,40,43,80,80,75,65,65,60,80,80,60,57,87,87,80,80,66,68,77,91,91,77,69,48,44,49,49,40,40,75,71,106,97,89,0,0,0],"gold":202,"neow_bonus":"TWO_FIFTY_GOLD","is_daily":false,"chose_seed":false,"campfire_upgraded":3,"win_rate":0.0,"timestamp":1610961725,"path_taken":["R","M","?","?","M","R","T","E","?","E","?","?","R","E","M","BOSS","R","M","M","?","M","R","T","E","?","?","$","?","R","M","M","BOSS","R","M","M","M","$","M","T","E","?","R","M","R","M","M","BOSS"],"items_purchased_type":["Relic","Relic","Card","Card","Card","Potion","Card","Card","Relic"],"build_version":"2020-12-22","purchased_purges":0,"victory":false,"max_hp_per_floor":[70,70,70,70,70,70,70,70,70,70,70,70,80,80,80,80,80,80,80,80,80,80,80,80,80,80,87,87,87,87,89,91,91,91,91,93,95,95,99,101,101,117,117,117,119,119,121,123,123,123,123],"card_choices":[{"not_picked":["hexamod:NightmareStrike","hexamod:BurningTouch"],"picked":"hexamod:SwordOfDarkness","floor":2.0},{"not_picked":["hexamod:InspiringFlames","hexamod:HeatShield"],"picked":"hexamod:FlamesFromBeyond","floor":3.0},{"not_picked":["hexamod:NightmareGuise","hexamod:PhantomFireball"],"picked":"hexamod:HexaLevel","floor":4.0},{"not_picked":["hexamod:HeatMetal","hexamod:NightmareStrike"],"picked":"hexamod:FourthSeal","floor":5.0},{"not_picked":["hexamod:RetreatToShadows","hexamod:PhantomCloak"],"picked":"hexamod:PowerFromBeyond","floor":8.0},{"not_picked":["hexamod:GhostOfSpirePast","hexamod:GhostShield"],"picked":"hexamod:Hexaguard","floor":10.0},{"not_picked":["hexamod:NightmareStrike","hexamod:NightmareGuise"],"picked":"hexamod:Again","floor":11.0},{"not_picked":["hexamod:PhantomCloak","hexamod:Firestarter"],"picked":"hexamod:DynamicBlow","floor":12.0},{"not_picked":["hexamod:HauntingEcho","hexamod:SwordOfDarkness"],"picked":"hexamod:SecondSeal","floor":14.0},{"not_picked":["hexamod:GhostLash","hexamod:ThermalTransfer"],"picked":"hexamod:GhostOfSpireFuture","floor":15.0},{"not_picked":["hexamod:HexaLevel","hexamod:UnleashSpirits"],"picked":"hexamod:SixthSeal","floor":16.0},{"not_picked":["hexamod:Firestarter","hexamod:EmpoweredFlame"],"picked":"hexamod:BurningTouch","floor":19.0},{"not_picked":["hexamod:SwordOfDarkness","hexamod:NightmareGuise"],"picked":"hexamod:ThermalTransfer","floor":20.0},{"not_picked":["hexamod:GhostShield","hexamod:GhostLash"],"picked":"hexamod:ThermalTransfer","floor":22.0},{"not_picked":["hexamod:SpectersWail","hexamod:GhostOfSpireFuture"],"picked":"hexamod:TimeWarp","floor":25.0},{"not_picked":["hexamod:FlamesFromBeyond","hexamod:GhostOfSpireFuture"],"picked":"hexamod:RetreatToShadows","floor":26.0},{"not_picked":["hexamod:InspiringFlames+1","hexamod:ShieldOfDarkness"],"picked":"hexamod:RainOfEmbers","floor":27.0},{"not_picked":["hexamod:SoulSteal","hexamod:SwordOfDarkness+1"],"picked":"hexamod:GhostflameInferno","floor":28.0},{"not_picked":["hexamod:SecondSeal","hexamod:BacktrackSmack","hexamod:InspiringFlames+1"],"picked":"Singing Bowl","floor":31.0},{"not_picked":["hexamod:FirstSeal","hexamod:Haunt"],"picked":"hexamod:TurnItUp","floor":31.0},{"not_picked":["hexamod:ThirdSeal","hexamod:GhostLash+1","hexamod:ThermalTransfer+1"],"picked":"Singing Bowl","floor":32.0},{"not_picked":["hexamod:ParanormalForm","hexamod:GhostflameInferno"],"picked":"hexamod:TimeOfNeed","floor":33.0},{"not_picked":["hexamod:Incineration","hexamod:ThermalTransfer","hexamod:BacktrackSmack"],"picked":"Singing Bowl","floor":36.0},{"not_picked":["hexamod:NightmareGuise+1","hexamod:PhantomFireball"],"picked":"hexamod:NecessarySacrifice+1","floor":37.0},{"not_picked":["hexamod:HeatCrush","hexamod:GhostOfSpireFuture","hexamod:FourthSeal"],"picked":"Singing Bowl","floor":37.0},{"not_picked":["hexamod:Firestarter+1","hexamod:FastForward"],"picked":"hexamod:GhostflameInferno","floor":38.0},{"not_picked":["hexamod:Firestarter+1","hexamod:GhostShield+1","hexamod:BacktrackSmack"],"picked":"Singing Bowl","floor":39.0},{"not_picked":["hexamod:NecessarySacrifice","hexamod:SecondSeal","hexamod:RadiantFlame"],"picked":"Singing Bowl","floor":39.0},{"not_picked":["hexamod:Hexaguard","hexamod:HauntingEcho+1"],"picked":"hexamod:Again+1","floor":40.0},{"not_picked":["hexamod:NecessarySacrifice+1","hexamod:TurnItUp","hexamod:SwordOfDarkness"],"picked":"Singing Bowl","floor":40.0},{"not_picked":["hexamod:ParanormalForm","hexamod:Firestarter+1","hexamod:NightmareGuise"],"picked":"Singing Bowl","floor":42.0},{"not_picked":["hexamod:TimeOfNeed","hexamod:HexaLevel"],"picked":"hexamod:StepThrough+1","floor":42.0},{"not_picked":["hexamod:BurningTouch","hexamod:InspiringFlames","hexamod:BacktrackSmack+1"],"picked":"Singing Bowl","floor":45.0},{"not_picked":["hexamod:GhostLash+1","hexamod:RainOfEmbers+1"],"picked":"hexamod:FlamesFromBeyond","floor":45.0},{"not_picked":["hexamod:Incineration","hexamod:BurningTouch+1","hexamod:GhostOfSpirePast"],"picked":"Singing Bowl","floor":47.0},{"not_picked":["hexamod:FastForward+1","hexamod:GhostShield","hexamod:GhostOfSpireFuture+1"],"picked":"Singing Bowl","floor":48.0},{"not_picked":["hexamod:HeatMetal+1","hexamod:PowerFromBeyond+1"],"picked":"hexamod:WildfireWeapon","floor":48.0}],"player_experience":1341217,"relics_obtained":[{"floor":4.0,"key":"Sundial"},{"floor":8.0,"key":"Pantograph"},{"floor":10.0,"key":"Whetstone"},{"floor":14.0,"key":"Nunchaku"},{"floor":17.0,"key":"Oddly Smooth Stone"},{"floor":17.0,"key":"Shuriken"},{"floor":17.0,"key":"Pocketwatch"},{"floor":24.0,"key":"Omamori"},{"floor":25.0,"key":"StrikeDummy"},{"floor":41.0,"key":"Happy Flower"},{"floor":42.0,"key":"Mango"},{"floor":42.0,"key":"Kunai"}],"event_choices":[],"is_beta":false,"boss_relics":[{"not_picked":["Cursed Key","Coffee Dripper"],"picked":"Calling Bell"},{"not_picked":["Pandora\u0027s Box","Empty Cage"],"picked":"Black Star"}],"items_purged_floors":[],"is_endless":false,"potions_floor_spawned":[5,8,10,12,14,15,19,20,22,33,38,40,42,45,47],"killed_by":"IC_BLOCK_ARCHETYPE","ascension_level":1}}