{"host":"qxeepl7ydvsgmfdb","time":1610978869,"event":{"mods":["AchievementEnabler","BaseMod","Colored Powertips","Minty Spire (QoL Compilation)","Quick Restart","slay the spire mod where everything is the same but ironclad has a cowboy hat"],"gold_per_floor":[111,111,61,61,75,75,75,107,107,107,123,123,123,30,30,125,125,139,149,64,64,14,14,33,33,33,33,33,33],"floor_reached":28,"language":"ENG","playtime":567,"items_purged":["Strike_G"],"score":343,"play_id":"6c76c077-7071-4c83-a98b-0a815fd14ceb","local_time":"20210118090749","is_ascension_mode":true,"campfire_choices":[{"data":"Deadly Poison","floor":6.0,"key":"SMITH"},{"data":"Noxious Fumes","floor":12.0,"key":"SMITH"},{"floor":15.0,"key":"REST"},{"floor":23.0,"key":"REST"},{"floor":27,"key":"REST"}],"circlet_count":0,"master_deck":["Strike_G","Strike_G","Defend_G","Defend_G","Defend_G","Defend_G","Defend_G","Survivor","Neutralize","Dagger Spray","Deadly Poison+1","Noxious Fumes+1","Dramatic Entrance","Die Die Die","Slice+1","Dodge and Roll"],"relics":["Ring of the Snake","NeowsBlessing","Smiling Mask","Pantograph","Boot","Spirit Poop","Question Card","Omamori","Mercury Hourglass"],"acts_visited":["Exordium","TheCity"],"potions_floor_usage":[24,28],"damage_taken":[{"damage":0.0,"enemies":"2 Louse","floor":1.0,"turns":1.0},{"damage":0.0,"enemies":"Small Slimes","floor":5.0,"turns":1.0},{"damage":0.0,"enemies":"Gremlin Nob","floor":8.0,"turns":1.0},{"damage":16.0,"enemies":"Jaw Worm","floor":11.0,"turns":4.0},{"damage":32.0,"enemies":"Hexaghost","floor":16.0,"turns":9.0},{"damage":29.0,"enemies":"Spheric Guardian","floor":18.0,"turns":6.0},{"damage":7.0,"enemies":"Chosen","floor":19.0,"turns":5.0},{"damage":37,"enemies":"Sentry and Sphere","floor":24,"turns":6},{"damage":37,"enemies":"Gremlin Leader","floor":28,"turns":6}],"seed_played":"2923919042246370390","potions_obtained":[{"floor":8.0,"key":"GamblersBrew"},{"floor":11.0,"key":"Explosive Potion"},{"floor":19.0,"key":"Energy Potion"}],"is_trial":false,"path_per_floor":["M","?","?","?","M","R","$","E","T","?","M","R","?","$","R","B",null,"M","M","?","?","$","R","M","?","T","R","E"],"character_chosen":"THE_SILENT","items_purchased":["Dramatic Entrance"],"campfire_rested":3,"item_purchase_floors":[14],"current_hp_per_floor":[63,56,56,56,56,56,56,56,56,56,40,40,40,40,61,38,62,33,26,26,26,26,47,10,10,10,31,0,0],"gold":33,"neow_bonus":"THREE_ENEMY_KILL","is_daily":false,"chose_seed":false,"campfire_upgraded":2,"win_rate":0.0,"timestamp":1610978869,"path_taken":["M","?","?","?","?","R","$","E","T","?","?","R","?","$","R","BOSS","M","M","?","?","$","R","M","?","T","R","E"],"items_purchased_type":["Card"],"build_version":"2020-12-22","purchased_purges":1,"victory":false,"max_hp_per_floor":[70,70,70,70,70,70,70,70,70,70,70,70,70,70,70,70,70,70,70,70,70,70,70,70,70,70,70,70,70],"card_choices":[{"not_picked":["Bane","Dash"],"picked":"Dagger Spray","floor":1.0},{"not_picked":["Quick Slash","Poisoned Stab"],"picked":"Deadly Poison","floor":5.0},{"not_picked":["Blade Dance","Glass Knife"],"picked":"Noxious Fumes","floor":8.0},{"not_picked":["Quick Slash","Bane","Flying Knee"],"picked":"SKIP","floor":11.0},{"not_picked":["Malaise","Wraith Form v2","Storm of Steel"],"picked":"Die Die Die","floor":16.0},{"not_picked":["Bane","Underhanded Strike","Bouncing Flask","Eviscerate"],"picked":"SKIP","floor":18.0},{"not_picked":["Deflect","Outmaneuver","Underhanded Strike"],"picked":"Slice+1","floor":19.0},{"not_picked":["Prepared","Footwork","Finisher"],"picked":"Dodge and Roll","floor":24}],"player_experience":170199,"relics_obtained":[{"floor":8.0,"key":"Pantograph"},{"floor":9.0,"key":"Boot"},{"floor":26,"key":"Mercury Hourglass"}],"event_choices":[{"cards_removed":["Strike_G"],"damage_healed":0.0,"max_hp_gain":0.0,"max_hp_loss":0.0,"gold_gain":0.0,"event_name":"Golden Wing","player_choice":"Card Removal","floor":2.0,"gold_loss":0.0,"damage_taken":7.0},{"cards_removed":["Strike_G"],"damage_healed":0.0,"max_hp_gain":0.0,"max_hp_loss":0.0,"gold_gain":0.0,"event_name":"The Cleric","player_choice":"Card Removal","floor":3.0,"gold_loss":50.0,"damage_taken":0.0},{"damage_healed":0.0,"max_hp_gain":0.0,"max_hp_loss":0.0,"gold_gain":0.0,"event_name":"Big Fish","player_choice":"Box","floor":4.0,"gold_loss":0.0,"damage_taken":0.0,"relics_obtained":["Smiling Mask"],"cards_obtained":["Regret"]},{"cards_removed":["Regret"],"damage_healed":0.0,"max_hp_gain":0.0,"max_hp_loss":0.0,"gold_gain":0.0,"event_name":"Bonfire Elementals","player_choice":"Offered Curse","floor":10.0,"gold_loss":0.0,"damage_taken":0.0,"relics_obtained":["Spirit Poop"]},{"damage_healed":0.0,"max_hp_gain":0.0,"max_hp_loss":0.0,"gold_gain":0.0,"event_name":"WeMeetAgain","player_choice":"Gave Potion","floor":13.0,"gold_loss":0.0,"damage_taken":0.0,"relics_obtained":["Question Card"]},{"damage_healed":0.0,"max_hp_gain":0.0,"max_hp_loss":0.0,"gold_gain":0.0,"event_name":"Addict","player_choice":"Obtained Relic","floor":20.0,"gold_loss":85.0,"damage_taken":0.0,"relics_obtained":["Omamori"]},{"damage_healed":0.0,"max_hp_gain":0.0,"max_hp_loss":0.0,"gold_gain":0.0,"event_name":"Vampires","player_choice":"Ignored","floor":21.0,"gold_loss":0.0,"damage_taken":0.0},{"damage_healed":0,"gold_gain":0,"player_choice":"Ignored","damage_taken":0,"max_hp_gain":0,"max_hp_loss":0,"event_name":"Ghosts","floor":25,"gold_loss":0}],"is_beta":false,"boss_relics":[{"not_picked":["Runic Pyramid","Cursed Key","Coffee Dripper"]}],"items_purged_floors":[22],"is_endless":false,"potions_floor_spawned":[8,11,19],"killed_by":"Gremlin Leader","ascension_level":9}}