{"host":"rjbqai8ni6dsiu37","time":1610977494,"event":{"mods":["100% Spire Juice","BaseMod","CapriCore","Lobotomy","Minty Spire (QoL Compilation)","StSLib","The Poker Player","WarShipGirlsR/??á´Ò³R mod"],"gold_per_floor":[93,107,62,81,81,81,116,129,153,168,187,83,110,121,121,221,101,101,101,101,53,53,53,53,53,53,53,53,53,53,53,53,53,53,53,53,53,53,0,0,0,0,0,0,0,0,0,0,0,0,0],"floor_reached":50,"language":"KOR","playtime":3275,"items_purged":[],"score":690,"play_id":"c6f86a7a-ef20-434f-a0da-ebc26a02aef9","local_time":"20210118224454","is_ascension_mode":false,"campfire_choices":[{"data":"Moonworks:Ambush","floor":6.0,"key":"SMITH"},{"data":"Moonworks:Encore","floor":15.0,"key":"SMITH"},{"data":"Moonworks:NicePresent","floor":23.0,"key":"SMITH"},{"data":"Moonworks:WeAreWaruda","floor":25.0,"key":"SMITH"},{"floor":27.0,"key":"REST"},{"data":"Moonworks:Accelerator","floor":30.0,"key":"SMITH"},{"data":"Moonworks:NicePresent","floor":32.0,"key":"SMITH"},{"floor":41.0,"key":"REST"},{"floor":49.0,"key":"RECALL"}],"circlet_count":0,"master_deck":["Moonworks:Strike","Moonworks:Strike","Moonworks:Strike","Moonworks:Strike","Moonworks:Defend","Moonworks:Defend+1","Moonworks:Defend+1","Moonworks:Defend","Moonworks:Ambush+1","Moonworks:LongDistanceShot","Moonworks:EvilSpyWorkPreparation","Moonworks:NicePresent+1","Moonworks:Encore+1","Moonworks:NicePresent+1","Moonworks:FullSpeedAlicianrone","Moonworks:WeAreWaruda+1","Moonworks:Dash","Moonworks:NicePresent","Moonworks:EvilSpyWorkPreparation+1","Moonworks:TreasureThief+1","Moonworks:Accelerator+1","Moonworks:NicePresent+1","Moonworks:EvilSpyWorkPreparation+1","Moonworks:ReflectiveShell","Moonworks:StiffCrystal+1"],"relics":["Moonworks:SBBomb","Moonworks:Homemark","War Paint","Regal Pillow","Smiling Mask","Ectoplasm","Sundial","Happy Flower","MutagenicStrength","Red Mask","Lantern","Torii"],"acts_visited":["Exordium","TheCity","TheBeyond"],"potions_floor_usage":[50],"damage_taken":[{"damage":6.0,"enemies":"Cultist","floor":1.0,"turns":3.0},{"damage":6.0,"enemies":"2 Louse","floor":2.0,"turns":3.0},{"damage":2.0,"enemies":"Small Slimes","floor":4.0,"turns":3.0},{"damage":15.0,"enemies":"Gremlin Nob","floor":7.0,"turns":4.0},{"damage":2.0,"enemies":"Exordium Wildlife","floor":8.0,"turns":3.0},{"damage":4.0,"enemies":"Blue Slaver","floor":10.0,"turns":3.0},{"damage":0.0,"enemies":"Red Slaver","floor":11.0,"turns":2.0},{"damage":0.0,"enemies":"Large Slime","floor":12.0,"turns":3.0},{"damage":0.0,"enemies":"3 Sentries","floor":13.0,"turns":2.0},{"damage":1.0,"enemies":"Looter","floor":14.0,"turns":3.0},{"damage":0.0,"enemies":"Slime Boss","floor":16.0,"turns":4.0},{"damage":10.0,"enemies":"3 Byrds","floor":18.0,"turns":4.0},{"damage":0.0,"enemies":"Spheric Guardian","floor":19.0,"turns":2.0},{"damage":12.0,"enemies":"Snecko","floor":20.0,"turns":5.0},{"damage":6.0,"enemies":"Shelled Parasite and Fungi","floor":22.0,"turns":3.0},{"damage":0.0,"enemies":"Chosen and Byrds","floor":24.0,"turns":3.0},{"damage":12.0,"enemies":"Gremlin Leader","floor":28.0,"turns":3.0},{"damage":0.0,"enemies":"Sentry and Sphere","floor":29.0,"turns":2.0},{"damage":8.0,"enemies":"Collector","floor":33.0,"turns":4.0},{"damage":0.0,"enemies":"3 Shapes","floor":35.0,"turns":1.0},{"damage":0.0,"enemies":"Orb Walker","floor":36.0,"turns":2.0},{"damage":4.0,"enemies":"4 Shapes","floor":38.0,"turns":3.0},{"damage":22.0,"enemies":"Giant Head","floor":40.0,"turns":4.0},{"damage":0.0,"enemies":"Reptomancer","floor":42.0,"turns":2.0},{"damage":12.0,"enemies":"Spire Growth","floor":45.0,"turns":3.0},{"damage":0.0,"enemies":"Maw","floor":47.0,"turns":4.0},{"damage":0.0,"enemies":"3 Darklings","floor":48.0,"turns":2.0},{"damage":51,"enemies":"Time Eater","floor":50,"turns":2}],"seed_played":"-6141701885297635236","potions_obtained":[{"floor":2.0,"key":"FearPotion"},{"floor":4.0,"key":"DuplicationPotion"},{"floor":13.0,"key":"DistilledChaos"},{"floor":14.0,"key":"Energy Potion"},{"floor":16.0,"key":"Ancient Potion"},{"floor":19.0,"key":"SteroidPotion"},{"floor":20.0,"key":"Moonworks:OneHundredPercentOrangeJuicePotion"},{"floor":28.0,"key":"Explosive Potion"},{"floor":33.0,"key":"Fire Potion"},{"floor":40.0,"key":"Weak Potion"},{"floor":45.0,"key":"Energy Potion"},{"floor":48.0,"key":"EssenceOfSteel"}],"is_trial":false,"path_per_floor":["M","M","$","M","?","R","E","M","T","M","M","M","E","M","R","B",null,"M","M","M","$","M","R","M","R","T","R","E","M","R","?","R","B",null,"M","M","?","M","?","E","R","E","T","$","M","$","M","M","R","B"],"character_chosen":"THE_STARBREAKER","items_purchased":["Moonworks:NicePresent","Moonworks:NicePresent"],"campfire_rested":2,"item_purchase_floors":[3,21],"current_hp_per_floor":[54,48,48,46,46,46,31,29,29,25,25,25,25,24,24,24,60,50,50,38,38,32,32,32,32,32,60,48,48,48,48,48,40,60,60,60,60,56,56,34,60,60,60,60,48,48,48,48,48,0,0],"gold":0,"neow_bonus":"HUNDRED_GOLD","is_daily":false,"chose_seed":false,"campfire_upgraded":6,"win_rate":0.0,"timestamp":1610977494,"path_taken":["M","M","?","M","?","R","E","M","T","M","M","M","E","?","R","BOSS","M","M","M","$","M","R","M","R","T","R","E","M","R","?","R","BOSS","M","M","?","M","?","E","R","E","T","?","?","?","M","M","R","BOSS"],"items_purchased_type":["Card","Card"],"build_version":"2020-12-22","purchased_purges":0,"victory":false,"max_hp_per_floor":[60,60,60,60,60,60,60,60,60,60,60,60,60,60,60,60,60,60,60,60,60,60,60,60,60,60,60,60,60,60,60,60,60,60,60,60,60,60,60,60,60,60,60,60,60,60,60,60,60,60,60],"card_choices":[{"not_picked":["Moonworks:JonathanRush","Moonworks:ReproductionOfRecords"],"picked":"Moonworks:SealedMemories","floor":1.0},{"not_picked":["Moonworks:ImOnFire","Moonworks:SakisCookie"],"picked":"Moonworks:EvilSpyWorkPreparation","floor":2.0},{"not_picked":["Moonworks:SelfDestruct","Moonworks:ImOnFire","Moonworks:Poppoformation"],"picked":"SKIP","floor":4.0},{"not_picked":["Moonworks:SealedMemories","Moonworks:SakisCookie"],"picked":"Moonworks:Encore","floor":7.0},{"not_picked":["Moonworks:Assault","Moonworks:ExtendedPhotonRifle","Moonworks:TacticalRetreat"],"picked":"SKIP","floor":8.0},{"not_picked":["Moonworks:IndiscriminateFireSupport","Moonworks:CloudOfSeagulls"],"picked":"Moonworks:NicePresent","floor":10.0},{"not_picked":["Moonworks:EvilSpyWorkPreparation","Moonworks:ForcedRevival"],"picked":"Moonworks:FullSpeedAlicianrone","floor":11.0},{"not_picked":["Moonworks:CompletionReward","Moonworks:DeployBits","Moonworks:CastOff"],"picked":"SKIP","floor":12.0},{"not_picked":["Moonworks:SelfDestruct","Moonworks:JonathanRush","Moonworks:SakisCookie"],"picked":"SKIP","floor":13.0},{"not_picked":["Moonworks:Poppoformation","Moonworks:JonathanRush","Moonworks:Bloodlust"],"picked":"SKIP","floor":14.0},{"not_picked":["Moonworks:Accelerator","Moonworks:Encore"],"picked":"Moonworks:WeAreWaruda","floor":16.0},{"not_picked":["Moonworks:CloudOfSeagulls","Moonworks:LulusLuckyEgg+1"],"picked":"Moonworks:Dash","floor":18.0},{"not_picked":["Moonworks:CloudOfSeagulls","Moonworks:EvilSpyWorkPreparation","Moonworks:JonathanRush"],"picked":"SKIP","floor":19.0},{"not_picked":["Moonworks:AwakeningOfTalent","Moonworks:CompletionReward","Moonworks:LulusLuckyEgg"],"picked":"SKIP","floor":20.0},{"not_picked":["Moonworks:BindingChains","Moonworks:JonathanRush+1"],"picked":"Moonworks:EvilSpyWorkPreparation+1","floor":22.0},{"not_picked":["Moonworks:Poppoformation+1","Moonworks:Dash"],"picked":"Moonworks:TreasureThief+1","floor":24.0},{"not_picked":["Moonworks:CloudOfSeagulls","Moonworks:LulusLuckyEgg+1","Moonworks:ImOnFire"],"picked":"SKIP","floor":28.0},{"not_picked":["Moonworks:CastOff","Moonworks:ForcedRevival"],"picked":"Moonworks:Accelerator","floor":29.0},{"not_picked":["Moonworks:EvilSpyWorkPreparation","Moonworks:SakisCookie"],"picked":"Moonworks:NicePresent+1","floor":35.0},{"not_picked":["Moonworks:IndiscriminateFireSupport","Moonworks:SealedMemories+1"],"picked":"Moonworks:EvilSpyWorkPreparation+1","floor":36.0},{"not_picked":["Moonworks:AngelHand+1","Moonworks:IndiscriminateFireSupport+1","Moonworks:EvilSpyWorkPreparation+1"],"picked":"SKIP","floor":38.0},{"not_picked":["Moonworks:TreasureThief+1","Moonworks:WindyEnchantment+1","Moonworks:Bloodlust"],"picked":"SKIP","floor":40.0},{"not_picked":["Moonworks:ReproductionOfRecords+1","Moonworks:CompletionReward+1"],"picked":"Moonworks:ReflectiveShell","floor":42.0},{"not_picked":["Moonworks:Assault","Moonworks:ExtendedPhotonRifle+1","Moonworks:IndiscriminateFireSupport+1"],"picked":"SKIP","floor":45.0},{"not_picked":["Moonworks:BigMagnum","Moonworks:Heat300Percent"],"picked":"Moonworks:StiffCrystal+1","floor":47.0},{"not_picked":["Moonworks:JonathanRush","Moonworks:StiffCrystal","Moonworks:ImmovableObject"],"picked":"SKIP","floor":48.0}],"player_experience":176065,"relics_obtained":[{"floor":7.0,"key":"War Paint"},{"floor":9.0,"key":"Regal Pillow"},{"floor":13.0,"key":"Smiling Mask"},{"floor":26.0,"key":"Sundial"},{"floor":28.0,"key":"Happy Flower"},{"floor":40.0,"key":"Lantern"},{"floor":42.0,"key":"Torii"}],"event_choices":[{"cards_removed":["Moonworks:SealedMemories"],"damage_healed":0.0,"max_hp_gain":0.0,"max_hp_loss":0.0,"gold_gain":0.0,"event_name":"Purifier","player_choice":"Purged","floor":5.0,"gold_loss":0.0,"damage_taken":0.0},{"damage_healed":0.0,"max_hp_gain":0.0,"max_hp_loss":0.0,"gold_gain":0.0,"event_name":"Drug Dealer","player_choice":"Inject Mutagens","floor":31.0,"gold_loss":0.0,"damage_taken":0.0,"relics_obtained":["MutagenicStrength"]},{"damage_healed":0.0,"max_hp_gain":0.0,"max_hp_loss":0.0,"gold_gain":0.0,"event_name":"SensoryStone","player_choice":"Memory 1","floor":37.0,"gold_loss":0.0,"damage_taken":0.0},{"damage_healed":0.0,"max_hp_gain":0.0,"max_hp_loss":0.0,"gold_gain":0.0,"event_name":"Tomb of Lord Red Mask","player_choice":"Paid","floor":39.0,"gold_loss":53.0,"damage_taken":0.0,"relics_obtained":["Red Mask"]}],"is_beta":false,"boss_relics":[{"not_picked":["Fusion Hammer","Snecko Eye"],"picked":"Ectoplasm"},{"not_picked":["Velvet Choker","Pandora\u0027s Box"],"picked":"Moonworks:SBBomb"}],"items_purged_floors":[],"is_endless":false,"potions_floor_spawned":[2,4,13,14,16,19,20,28,33,36,38,40,45,48],"killed_by":"Time Eater","ascension_level":0}}