{"host":"egwexuw5uvnxf11j","time":1610938173,"event":{"mods":["2.2 Compatiblity","Aspiration","BaseMod","Better Altar","Better Note","Better Sensory Stone","Better Third Choice","Displayed Cursed Tome","Downfall","Hermit","Key Reminder","Koishi","Marisa????????","Minty Spire (QoL Compilation)","Quick Restart","Shade Mod","Spicy Shops","StSLib","The Construct","The Cursed","The Hierophant","The Runesmith","The Senshi","The Servant 0.9.4","Transform Curses"],"gold_per_floor":[109,114,130,130,130,130,150,150,177,194,203,236,276,321,321,420,420,386,415,153,178,178,178,191,231,231],"floor_reached":25,"language":"ENG","playtime":4669,"items_purged":[],"score":260,"play_id":"5ad94de3-ae37-436e-8f06-53866cf7700b","local_time":"20210117214933","is_ascension_mode":true,"campfire_choices":[{"data":"hierophant:Endure","floor":6,"key":"SMITH"},{"floor":8,"key":"RECALL"},{"floor":15,"key":"REST"},{"floor":23,"key":"REST"}],"circlet_count":0,"master_deck":["hierophant:Strike_Hierophant","hierophant:Strike_Hierophant","hierophant:Strike_Hierophant","hierophant:Strike_Hierophant","hierophant:Punish","hierophant:Defend_Hierophant","hierophant:Defend_Hierophant","hierophant:Defend_Hierophant","hierophant:ChurchCoffers","hierophant:Endure+1","hierophant:ThreeLashes","hierophant:MorningPrayer","hierophant:OrnateBuckler","hierophant:Zeal","hierophant:Shelter","hierophant:RustyCrate","hierophant:Doubloon","hierophant:Doubloon","hierophant:Embezzle","hierophant:Exaltation","hierophant:Batter","hierophant:Smite","hierophant:Sermon+1","hierophant:AuricBeam","hierophant:Exaltation","hierophant:Repentance+1","hierophant:FieryStrike"],"relics":["hierophant:PropheticMaskRelic","keyreminder:keyreminder","Bronze Scales","Pen Nib","Toy Ornithopter","aspiration:SecretTechniqueScroll","Shuriken","NlothsMask"],"acts_visited":["Exordium","TheCity"],"potions_floor_usage":[12,14,16,21,25],"damage_taken":[{"damage":6,"enemies":"Jaw Worm","floor":1,"turns":4},{"damage":0,"enemies":"Cultist","floor":2,"turns":3},{"damage":1,"enemies":"Small Slimes","floor":3,"turns":3},{"damage":0,"enemies":"Red Slaver","floor":7,"turns":5},{"damage":0,"enemies":"3 Louse","floor":10,"turns":2},{"damage":0,"enemies":"Looter","floor":11,"turns":3},{"damage":14,"enemies":"Gremlin Nob","floor":12,"turns":4},{"damage":4,"enemies":"Lots of Slimes","floor":13,"turns":3},{"damage":34,"enemies":"Lagavulin","floor":14,"turns":8},{"damage":30,"enemies":"Hexaghost","floor":16,"turns":11},{"damage":11,"enemies":"2 Thieves","floor":18,"turns":4},{"damage":13,"enemies":"Chosen","floor":19,"turns":5},{"damage":30,"enemies":"3 Cultists","floor":21,"turns":5},{"damage":19,"enemies":"Centurion and Healer","floor":24,"turns":4},{"damage":47,"enemies":"Slavers","floor":25,"turns":3}],"seed_played":"2411079682516202672","potions_obtained":[{"floor":1,"key":"Strength Potion"},{"floor":2,"key":"Fire Potion"},{"floor":12,"key":"DistilledChaos"},{"floor":14,"key":"Strength Potion"},{"floor":16,"key":"LiquidMemories"},{"floor":18,"key":"DistilledChaos"},{"floor":24,"key":"sneckomod:MuddlingPotion"}],"is_trial":false,"path_per_floor":["M","M","M","?","$","R","M","R","T","M","M","E","M","E","R","B",null,"M","M","$","M","?","R","M","E"],"character_chosen":"HIEROPHANT","items_purchased":["hierophant:AuricBeam","Shuriken","hierophant:Exaltation"],"campfire_rested":2,"item_purchase_floors":[20,20,20],"current_hp_per_floor":[76,76,75,75,75,75,75,75,75,75,75,61,57,23,47,22,82,71,58,58,33,33,57,38,0,0],"gold":231,"neow_bonus":"TEN_PERCENT_HP_BONUS","is_daily":false,"chose_seed":false,"campfire_upgraded":1,"win_rate":0.0,"timestamp":1610938173,"path_taken":["M","M","M","?","$","R","M","R","T","M","M","E","M","E","R","BOSS","M","?","$","?","?","R","?","E"],"items_purchased_type":["Card","Relic","Card"],"build_version":"2020-12-22","purchased_purges":0,"victory":false,"max_hp_per_floor":[82,82,82,82,82,82,82,82,82,82,82,82,82,82,82,82,82,82,82,82,82,82,82,82,82,82],"card_choices":[{"not_picked":["hierophant:Rebuild","hierophant:Remorse"],"picked":"hierophant:Endure","floor":1},{"not_picked":["hierophant:SolarFlare","hierophant:ConvertCurrency"],"picked":"hierophant:ThreeLashes","floor":2},{"not_picked":["hierophant:Patience","hierophant:Martyrdom"],"picked":"hierophant:MorningPrayer","floor":3},{"not_picked":["hierophant:Encroach","hierophant:RecallFunds"],"picked":"hierophant:OrnateBuckler","floor":7},{"not_picked":["hierophant:Embezzle","hierophant:Martyrdom"],"picked":"hierophant:Zeal","floor":10},{"not_picked":["hierophant:DisplayOfPower","hierophant:HammerAndAnvil"],"picked":"hierophant:Shelter","floor":11},{"not_picked":["hierophant:Shelter","hierophant:HammerAndAnvil"],"picked":"hierophant:RustyCrate","floor":12},{"not_picked":["hierophant:FieryStrike","hierophant:Smite"],"picked":"hierophant:Embezzle","floor":13},{"not_picked":["hierophant:DeathKnell","hierophant:FieryStrike"],"picked":"hierophant:Exaltation","floor":14},{"not_picked":["hierophant:DeathKnell","hierophant:MintersHammer"],"picked":"hierophant:Batter","floor":16},{"not_picked":["hierophant:AuricBeam+1","hierophant:Doubloon"],"picked":"hierophant:Smite","floor":18},{"not_picked":["hierophant:Shelter","hierophant:RustyCrate"],"picked":"hierophant:Sermon+1","floor":19},{"not_picked":["hierophant:Remorse","hierophant:HammerAndAnvil+1"],"picked":"hierophant:Repentance+1","floor":21},{"not_picked":["hierophant:RepressedViolence","hierophant:FlamingChariot"],"picked":"hierophant:FieryStrike","floor":24}],"player_experience":2247103,"relics_obtained":[{"floor":9,"key":"Bronze Scales"},{"floor":12,"key":"Pen Nib"},{"floor":14,"key":"Toy Ornithopter"}],"event_choices":[{"cards_removed":["hierophant:Defend_Hierophant"],"damage_healed":0,"gold_gain":0,"player_choice":"Offered Basic","damage_taken":0,"max_hp_gain":0,"max_hp_loss":0,"event_name":"Bonfire Elementals","floor":4,"gold_loss":0},{"damage_healed":0,"gold_gain":0,"player_choice":"Trade","damage_taken":0,"relics_obtained":["NlothsMask"],"max_hp_gain":0,"max_hp_loss":0,"event_name":"FaceTrader","floor":22,"gold_loss":0}],"is_beta":false,"boss_relics":[{"not_picked":["aspiration:FutureDiary","Runesmith:UraniumAnvil"],"picked":"aspiration:SecretTechniqueScroll"}],"items_purged_floors":[],"is_endless":false,"potions_floor_spawned":[1,2,12,14,16,18,24],"killed_by":"Slavers","ascension_level":4}}