{"host":"9tdk3zzhmpo6o3dg","time":1610970345,"event":{"mods":["AchievementEnabler","BaseMod","Downfall","Hermit","Koishi","Marisa（F雨　魔理沙）","Minty Spire (QoL Compilation)","SOS（斯巴达之子）","Shop Mod","StSLib","The Alterego","The Animator","The Cursed","The Hierophant","The Marked","The Servant 0.9.4","WarShipGirlsR/战舰少女R mod"],"gold_per_floor":[112,123,298,298,38,38,38,38,66,66,94,94,121,141,41,138,138,156,173,123,143,49,68,119,119,119,219,230,70,70,70,70,172,222,242,242,7,27,47,47,94,120,120,120,120,139,151,176,176,176],"floor_reached":51,"language":"ZHS","playtime":4051,"items_purged":["Doubt"],"score":686,"play_id":"65e2a934-6376-4cc5-8fc1-1e85c4ea06d9","local_time":"20210118194545","is_ascension_mode":false,"campfire_choices":[{"data":"expansioncontent:DashGenerateEvil","floor":6,"key":"SMITH"},{"data":"bronze:NullPointer","floor":8,"key":"SMITH"},{"data":"bronze:CutThrough","floor":10,"key":"SMITH"},{"data":"bronze:BitShift","floor":15,"key":"SMITH"},{"data":"bronze:HardenedForm","floor":26,"key":"SMITH"},{"data":"bronze:Optimize","floor":30,"key":"SMITH"},{"data":"bronze:SpaghettiCode","floor":32,"key":"SMITH"},{"data":"bronze:MaxOutput","floor":40,"key":"SMITH"},{"data":"bronze:MaxOutput","floor":43,"key":"SMITH"},{"data":"bronze:HardenedForm","floor":49,"key":"SMITH"}],"circlet_count":0,"master_deck":["bronze:Strike","bronze:Defend","bronze:Defend","bronze:Defend","bronze:Replicate+1","bronze:Goto+1","bronze:Flail+1","bronze:NullPointer+1","expansioncontent:DashGenerateEvil+1","bronze:CutThrough+1","bronze:Repair+1","bronze:BitShift+1","bronze:SpaghettiCode+1","bronze:Philosophize+1","bronze:SpaghettiCode+1","bronze:Repair+1","bronze:Turbo+1","bronze:ClassDefault","bronze:Branch+1","bronze:DelayedGuard+1","bronze:Optimize","bronze:HardenedForm+1","Defend_B","bronze:Boost+1","bronze:Optimize+1","bronze:HardenedForm+1","bronze:HardenedForm+1","bronze:ChildClass+1","bronze:MaxOutput+1","bronze:DelayedGuard+1","bronze:MaxOutput+1","bronze:ClassDefault+1","bronze:ClassDefault+1","bronze:Optimize","bronze:DelayedSlice+1","bronze:CutThrough+1","bronze:ChildClass","bronze:Turbo+1","bronze:Repulsor+1"],"relics":["bronze:BronzeCore","Pantograph","Matryoshka","Ancient Tea Set","Juzu Bracelet","Omamori","downfall:HeartBlessingGreen","Astrolabe","Mummified Hand","War Paint","Unceasing Top","Blue Candle","DollysMirror","Tiny House","Orrery","Regal Pillow","MealTicket","Happy Flower"],"acts_visited":["Exordium","TheCity","TheBeyond"],"potions_floor_usage":[14,39,42],"damage_taken":[{"damage":1,"enemies":"Jaw Worm","floor":1,"turns":4},{"damage":0,"enemies":"Small Slimes","floor":2,"turns":3},{"damage":0,"enemies":"downfall:FleeingMerchant","floor":5,"turns":4},{"damage":6,"enemies":"Gremlin Nob","floor":9,"turns":3},{"damage":20,"enemies":"Lagavulin","floor":11,"turns":5},{"damage":0,"enemies":"Cultist","floor":12,"turns":1},{"damage":0,"enemies":"Large Slime","floor":14,"turns":4},{"damage":32,"enemies":"WA_ARCHETYPE_RETAIN","floor":16,"turns":5},{"damage":71,"enemies":"3 Byrds","floor":18,"turns":5},{"damage":29,"enemies":"Spheric Guardian","floor":19,"turns":5},{"damage":24,"enemies":"Centurion and Healer","floor":21,"turns":7},{"damage":0,"enemies":"downfall:FleeingMerchant","floor":22,"turns":4},{"damage":33,"enemies":"Cultist and Chosen","floor":23,"turns":7},{"damage":7,"enemies":"DF_ARCHETYPE_STREAMLINE","floor":27,"turns":9},{"damage":16,"enemies":"Shelled Parasite and Fungi","floor":28,"turns":5},{"damage":0,"enemies":"downfall:FleeingMerchant","floor":29,"turns":4},{"damage":48,"enemies":"SI_MIRROR_ARCHETYPE","floor":33,"turns":9},{"damage":14,"enemies":"3 Shapes","floor":35,"turns":3},{"damage":7,"enemies":"downfall:FleeingMerchant","floor":37,"turns":4},{"damage":6,"enemies":"Orb Walker","floor":38,"turns":3},{"damage":0,"enemies":"Spire Growth","floor":39,"turns":4},{"damage":1,"enemies":"Giant Head","floor":42,"turns":7},{"damage":0,"enemies":"Maw","floor":46,"turns":5},{"damage":0,"enemies":"Sphere and 2 Shapes","floor":47,"turns":3},{"damage":41,"enemies":"Nemesis","floor":48,"turns":9},{"damage":5,"enemies":"DF_ARCHETYPE_ORBS","floor":50,"turns":6}],"seed_played":"8791457565712124683","potions_obtained":[{"floor":1,"key":"Energy Potion"},{"floor":11,"key":"Dexterity Potion"},{"floor":14,"key":"SpeedPotion"},{"floor":21,"key":"GamblersBrew"},{"floor":34,"key":"LiquidMemories"},{"floor":38,"key":"bronze:BuildAFunctionPotion"},{"floor":47,"key":"AttackPotion"},{"floor":48,"key":"Fire Potion"}],"is_trial":false,"path_per_floor":["M","M","?","?","$","R","T","R","E","R","E","M","T","M","R","B",null,"M","M","?","M","$","M","T","?","R","?","M","$","R","?","R","B",null,"M","?","$","M","M","R","T","E","R","?","?","M","M","E","R","B",null],"character_chosen":"THE_AUTOMATON","items_purchased":["expansioncontent:DashGenerateEvil","bronze:Optimize","DollysMirror","bronze:MaxOutput","Orrery"],"campfire_rested":0,"item_purchase_floors":[5,22,29,37,37],"current_hp_per_floor":[76,76,76,76,76,76,76,76,70,70,50,50,50,50,50,50,77,13,11,40,47,77,48,48,48,48,77,77,77,77,77,77,39,82,78,78,81,82,82,82,82,81,81,81,81,82,82,41,41,80],"gold":176,"neow_bonus":"TEN_PERCENT_HP_BONUS","is_daily":false,"chose_seed":false,"campfire_upgraded":10,"win_rate":0.0,"timestamp":1610970345,"path_taken":["M","M","?","?","$","R","T","R","E","R","E","?","?","M","R","BOSS","M","M","?","M","$","M","T","?","R","?","M","$","R","?","R","BOSS","M","?","$","M","M","R","T","E","R","?","?","M","M","E","R","BOSS"],"items_purchased_type":["Card","Card","Relic","Card","Relic"],"build_version":"2020-12-22","purchased_purges":1,"victory":true,"max_hp_per_floor":[77,77,77,77,77,77,77,77,77,77,77,77,77,77,77,77,77,77,77,77,77,77,77,77,77,77,77,77,77,77,77,77,77,82,82,82,82,82,82,82,82,82,82,82,82,82,82,82,82,82],"card_choices":[{"not_picked":["bronze:Backtrace","bronze:Deprecate"],"picked":"bronze:Philosophize","floor":1},{"not_picked":["bronze:Optimize","bronze:Allocate"],"picked":"bronze:Flail","floor":2},{"not_picked":["bronze:OilSpill","bronze:BitShift"],"picked":"bronze:NullPointer","floor":5},{"not_picked":["bronze:Fortify","bronze:Turbo"],"picked":"bronze:CutThrough","floor":9},{"not_picked":["bronze:NullPointer","bronze:Invalidate"],"picked":"bronze:Repair","floor":11},{"not_picked":["bronze:Invalidate","bronze:Return"],"picked":"bronze:BitShift","floor":12},{"not_picked":["bronze:WhirlingStrike","bronze:ItsAFeature","bronze:Flail"],"picked":"SKIP","floor":14},{"not_picked":["bronze:BurnOut","bronze:FindAndReplace"],"picked":"bronze:SpaghettiCode","floor":16},{"not_picked":["bronze:Invalidate","bronze:Safeguard+1"],"picked":"bronze:Turbo+1","floor":18},{"not_picked":["bronze:Overheat","bronze:OilSpill"],"picked":"bronze:ClassDefault","floor":19},{"not_picked":["bronze:Deprecate","bronze:Boost+1"],"picked":"bronze:Branch+1","floor":21},{"not_picked":["bronze:Frontload","bronze:WhirlingStrike+1"],"picked":"bronze:DelayedGuard","floor":22},{"not_picked":["bronze:DelayedGuard","bronze:CutThrough"],"picked":"bronze:HardenedForm","floor":23},{"not_picked":["bronze:Return","bronze:Turbo"],"picked":"bronze:Boost+1","floor":27},{"not_picked":["bronze:Turbo","bronze:WhirlingStrike","bronze:WildBeam"],"picked":"SKIP","floor":28},{"not_picked":["bronze:BuggyMess","bronze:BronzeOrb+1"],"picked":"bronze:Optimize","floor":29},{"not_picked":["bronze:Virus","bronze:Mutator"],"picked":"bronze:HardenedForm","floor":33},{"not_picked":["bronze:BugBarrage+1","bronze:BitShift"],"picked":"bronze:ChildClass+1","floor":34},{"not_picked":["bronze:Turbo","bronze:Deprecate"],"picked":"bronze:MaxOutput","floor":35},{"not_picked":["bronze:OilSpill+1","bronze:DarkDash+1"],"picked":"bronze:DelayedGuard+1","floor":37},{"not_picked":["bronze:Backtrace+1","bronze:Return"],"picked":"bronze:ClassDefault+1","floor":37},{"not_picked":["bronze:Repulsor","bronze:Backtrace"],"picked":"bronze:ClassDefault+1","floor":37},{"not_picked":["bronze:CloningBeam+1","bronze:OilSpill+1"],"picked":"bronze:Optimize","floor":37},{"not_picked":["bronze:Branch+1","bronze:Frontload","bronze:Invalidate+1"],"picked":"SKIP","floor":38},{"not_picked":["bronze:BitShift+1","bronze:ForLoop"],"picked":"bronze:DelayedSlice+1","floor":39},{"not_picked":["bronze:Deprecate+1","bronze:BuggyMess+1"],"picked":"bronze:CutThrough+1","floor":42},{"not_picked":["bronze:FollowUp+1","bronze:WildBeam+1"],"picked":"bronze:ChildClass","floor":46},{"not_picked":["bronze:Mutator","bronze:Overheat"],"picked":"bronze:Turbo+1","floor":47},{"not_picked":["bronze:Overheat","bronze:Frontload"],"picked":"bronze:Repulsor+1","floor":48}],"player_experience":188760,"relics_obtained":[{"floor":7,"key":"Pantograph"},{"floor":9,"key":"Matryoshka"},{"floor":11,"key":"Ancient Tea Set"},{"floor":13,"key":"Juzu Bracelet"},{"floor":13,"key":"Omamori"},{"floor":24,"key":"Mummified Hand"},{"floor":24,"key":"War Paint"},{"floor":27,"key":"Unceasing Top"},{"floor":27,"key":"Blue Candle"},{"floor":41,"key":"Regal Pillow"},{"floor":42,"key":"MealTicket"},{"floor":48,"key":"Happy Flower"}],"event_choices":[{"cards_removed":["bronze:Philosophize"],"damage_healed":0,"gold_gain":0,"player_choice":"Took Card","damage_taken":0,"max_hp_gain":0,"max_hp_loss":0,"event_name":"NoteForYourself","floor":25,"gold_loss":0,"cards_obtained":["Defend_B"]},{"cards_removed":["bronze:Defend"],"damage_healed":0,"gold_gain":0,"player_choice":"Removed Skill","damage_taken":0,"max_hp_gain":0,"max_hp_loss":0,"event_name":"Falling","floor":45,"gold_loss":0}],"is_beta":false,"boss_relics":[{"not_picked":["Busted Crown","bronze:MakeshiftBattery"],"picked":"Astrolabe"},{"not_picked":["Calling Bell","Runic Pyramid"],"picked":"Tiny House"}],"items_purged_floors":[5],"is_endless":false,"potions_floor_spawned":[1,11,14,21,27,35,38,47,48],"ascension_level":0}}