{"host":"56ghxnzsglgdq727","time":1610933814,"event":{"mods":["AchievementEnabler","BaseMod","Downfall","Duelist Mod","Minty Spire (QoL Compilation)","Rare Cards Sparkle","StSLib","The Bug Knight","The Exalted","The Senshi","The Wild Card"],"gold_per_floor":[138,151,151,326,342,377,396,427,427,427,427,437,437,437,437,535,535,545,388,388,404,415,443,443,216,216,216,227,254,254,281,281,383,383,397,469,37,49,49,49],"floor_reached":39,"language":"ENG","playtime":1554,"items_purged":["Doubt","theDuelist:Sparks","theDuelist:CastleWalls+1"],"score":743,"play_id":"43d4d966-08d4-4855-b3fd-09d305dd1e1b","local_time":"20210117203654","is_ascension_mode":true,"campfire_choices":[{"data":"theDuelist:LightningDarts","floor":10,"key":"SMITH"},{"data":"theDuelist:LightningDarts+1","floor":13,"key":"SMITH"},{"floor":15,"key":"REST"},{"floor":27,"key":"REST"},{"floor":30,"key":"REST"},{"floor":32,"key":"REST"}],"circlet_count":0,"master_deck":["theDuelist:Deskbot004+1","theDuelist:Deskbot004+1","CurseOfTheBell","theDuelist:AncientGearGadjiltron+1","theDuelist:CastleWalls+1","theDuelist:Deskbot005","theDuelist:Biofalcon","theDuelist:SatelliteCannon","theDuelist:DarkSparks","theDuelist:GreenGadget","theDuelist:RevolvingSwitchyard","theDuelist:LightningDarts+2","theDuelist:AncientGearChimera","theWildCard:Arsene","theDuelist:TurretWarrior","theDuelist:CardsFromTheSky","theDuelist:CannonSoldier+1","theDuelist:SlotMachine","theDuelist:GravityLash","Panache+1","theDuelist:AllyJustice+1"],"relics":["theDuelist:MillenniumPuzzle","theDuelist:CardPoolRelic","theDuelist:CardPoolBasicRelic","theDuelist:BoosterPackPoolRelic","theDuelist:CardPoolAddRelic","theDuelist:CardPoolMinusRelic","theDuelist:CardPoolSaveRelic","theDuelist:CardPoolOptionsRelic","Shuriken","Charon\u0027s Ashes","Ginger","theDuelist:RouletteWheel","Calling Bell","Tiny Chest","theDuelist:EngineeringToken","Calipers","Nloth\u0027s Gift","Bromod:ArcaneAegis","theDuelist:ShopToken","Bromod:ArcanePulse","StrikeDummy","Frozen Egg 2","Inserter","Bromod:ArcaneVictory","theDuelist:Fluxrod"],"acts_visited":["Exordium","TheCity","TheBeyond"],"potions_floor_usage":[8,22,23,23,29],"damage_taken":[{"damage":0,"enemies":"Cultist","floor":1,"turns":1},{"damage":0,"enemies":"Small Slimes","floor":2,"turns":1},{"damage":0,"enemies":"Gremlin Nob","floor":6,"turns":1},{"damage":0,"enemies":"2 Louse","floor":7,"turns":2},{"damage":21,"enemies":"Lagavulin","floor":8,"turns":6},{"damage":0,"enemies":"2 Fungi Beasts","floor":12,"turns":2},{"damage":18,"enemies":"Slime Boss","floor":16,"turns":6},{"damage":0,"enemies":"Chosen","floor":18,"turns":4},{"damage":6,"enemies":"Shell Parasite","floor":21,"turns":3},{"damage":1,"enemies":"Centurion and Healer","floor":22,"turns":4},{"damage":25,"enemies":"Book of Stabbing","floor":23,"turns":4},{"damage":16,"enemies":"Chosen and Byrds","floor":28,"turns":5},{"damage":28,"enemies":"Slavers","floor":29,"turns":3},{"damage":9,"enemies":"Book of Stabbing","floor":31,"turns":3},{"damage":48,"enemies":"Automaton","floor":33,"turns":10},{"damage":16,"enemies":"3 Shapes","floor":35,"turns":1},{"damage":34,"enemies":"3 Darklings","floor":38,"turns":6},{"damage":29,"enemies":"Writhing Mass","floor":39,"turns":3}],"seed_played":"-393531065842584977","potions_obtained":[{"floor":2,"key":"theDuelist:OrbBottle"},{"floor":16,"key":"theDuelist:VampireVial"},{"floor":21,"key":"DistilledChaos"},{"floor":22,"key":"HeartOfIron"},{"floor":31,"key":"theDuelist:SummonFuryPotion"},{"floor":35,"key":"theDuelist:ElectricPotion"}],"is_trial":false,"path_per_floor":["M","M","?","?","?","E","M","E","T","R","?","M","R","?","R","B",null,"M","$","?","M","M","E","?","$","T","R","M","E","R","E","R","B",null,"M","T","$","M","M"],"character_chosen":"THE_DUELIST","items_purchased":["theDuelist:RevolvingSwitchyard","theDuelist:ShopToken","DistilledChaos","theDuelist:Fluxrod"],"campfire_rested":4,"item_purchase_floors":[19,25,25,37],"current_hp_per_floor":[72,72,72,72,72,72,72,51,51,51,51,51,51,45,69,51,73,73,73,73,67,66,41,41,41,41,66,50,22,47,38,63,15,65,49,49,49,27,0,0],"gold":49,"neow_bonus":"THREE_ENEMY_KILL","is_daily":false,"chose_seed":false,"campfire_upgraded":2,"win_rate":0.0,"timestamp":1610933814,"path_taken":["M","?","?","?","?","E","M","E","T","R","?","M","R","?","R","BOSS","M","$","?","M","?","E","?","$","T","R","M","E","R","E","R","BOSS","M","?","$","M","M"],"items_purchased_type":["Card","Relic","Potion","Relic"],"build_version":"2020-12-22","purchased_purges":3,"victory":false,"max_hp_per_floor":[80,80,80,80,80,80,80,80,80,80,80,80,80,80,80,80,80,80,80,80,80,80,80,80,80,80,80,80,80,80,80,80,80,80,80,80,80,80,80,80],"card_choices":[{"not_picked":["theDuelist:BarrelDragon","theDuelist:MegafleetDragon"],"picked":"theDuelist:AncientGearGadjiltron","floor":1},{"not_picked":["theDuelist:Tuningware","theDuelist:AncientGearBox","theDuelist:Deskbot001"],"picked":"SKIP","floor":2},{"not_picked":["theDuelist:BlockGolem","theDuelist:GemElephant","theDuelist:LabyrinthWall"],"picked":"SKIP","floor":6},{"not_picked":["theDuelist:SparkBlaster+1","theDuelist:ParallelPortArmor","theDuelist:CoreBlaster+1"],"picked":"SKIP","floor":7},{"not_picked":["theDuelist:JunkSpeeder","theDuelist:Sangan"],"picked":"theDuelist:LightningDarts","floor":8},{"not_picked":["theDuelist:CyberArchfiend","theDuelist:BlastJuggler","theDuelist:JadeKnight"],"picked":"SKIP","floor":12},{"not_picked":["theDuelist:SlotMachine","theDuelist:GoldenBlastJuggler"],"picked":"theDuelist:SatelliteCannon","floor":16},{"not_picked":["theDuelist:GearGigant","theDuelist:RoboticKnight"],"picked":"theDuelist:AncientGearChimera","floor":18},{"not_picked":["theDuelist:SwordsConcealing+1","theDuelist:GoldenBlastJuggler"],"picked":"theDuelist:TurretWarrior","floor":21},{"not_picked":["theDuelist:DoubleTool","theDuelist:ZONE+1"],"picked":"theDuelist:CardsFromTheSky","floor":22},{"not_picked":["theDuelist:AncientGearChimera","theDuelist:Tuningware"],"picked":"theDuelist:CannonSoldier+1","floor":23},{"not_picked":["theDuelist:AncientGearWorkshop","theDuelist:AncientGearGolem","theDuelist:MetalDetector"],"picked":"SKIP","floor":28},{"not_picked":["theDuelist:DoubleTool","theDuelist:Deskbot003","theDuelist:Deskbot001"],"picked":"SKIP","floor":29},{"not_picked":["theDuelist:Deskbot007","theDuelist:GadgetSoldier"],"picked":"theDuelist:SlotMachine","floor":31},{"not_picked":["theDuelist:IronhammerGiant+1","theDuelist:Deskbot009"],"picked":"theDuelist:GravityLash","floor":33},{"not_picked":["Panacea"],"picked":"Panache+1","floor":35},{"not_picked":["theDuelist:HeavyFreightTrainDerricane+1","theDuelist:AllyJustice+1","theDuelist:Tuningware+1"],"picked":"SKIP","floor":38},{"not_picked":["theDuelist:HeavyFreightTrainDerricane+1","theDuelist:Tuningware+1"],"picked":"theDuelist:AllyJustice+1","floor":38}],"player_experience":279678,"relics_obtained":[{"floor":6,"key":"Shuriken"},{"floor":8,"key":"Charon\u0027s Ashes"},{"floor":9,"key":"Ginger"},{"floor":17,"key":"Tiny Chest"},{"floor":17,"key":"theDuelist:EngineeringToken"},{"floor":17,"key":"Calipers"},{"floor":23,"key":"Bromod:ArcaneAegis"},{"floor":26,"key":"Bromod:ArcanePulse"},{"floor":29,"key":"StrikeDummy"},{"floor":31,"key":"Frozen Egg 2"},{"floor":36,"key":"Bromod:ArcaneVictory"}],"event_choices":[{"damage_healed":0,"gold_gain":175,"player_choice":"AGREE","damage_taken":0,"max_hp_gain":0,"max_hp_loss":0,"event_name":"Liars Game","floor":4,"gold_loss":0,"cards_obtained":["Doubt"]},{"damage_healed":0,"gold_gain":0,"player_choice":"Sold Deskbot005 for 16 Gold.","duelist":true,"damage_taken":0,"max_hp_gain":0,"max_hp_loss":0,"event_name":"Card Trader","floor":5,"gold_loss":0},{"total_magic_score":56,"gold_gain":0,"duelist":true,"damage_taken":0,"relics_obtained":[],"points":1,"max_hp_gain":0,"max_hp_loss":0,"spent_points":{"magic":0,"greed":0,"war":0,"power":0,"hunger":0},"event_name":"Nameless Tomb","floor":11,"gold_loss":0,"cards_obtained":[]},{"damage_healed":0,"gold_gain":0,"player_choice":"Dig - random Duelist relic","duelist":true,"damage_taken":0,"max_hp_gain":0,"max_hp_loss":0,"event_name":"Aknamkanon\u0027s Tomb","floor":14,"gold_loss":0},{"damage_healed":0,"gold_gain":0,"player_choice":"Traded Relic","damage_taken":0,"relics_obtained":["Nloth\u0027s Gift"],"max_hp_gain":0,"max_hp_loss":0,"event_name":"N\u0027loth","floor":20,"relics_lost":["NeowsBlessing"],"gold_loss":0}],"is_beta":false,"boss_relics":[{"not_picked":["Runic Dome","Runic Pyramid"],"picked":"Calling Bell"},{"not_picked":["Busted Crown","Bromod:ArcaneBarrier"],"picked":"Inserter"}],"items_purged_floors":[19,25,37],"is_endless":false,"potions_floor_spawned":[2,16,21,22,31,35],"killed_by":"Writhing Mass","ascension_level":8}}