{"host":"5dk97cf2ubw2v967","time":1610976669,"event":{"mods":["AlwaysNeverKeys","BaseMod","Better Altar","Better Vampires","Block Reminder","Colored Powertips","Downfall","Googly Eyes","Highlight Path","Minty Spire (QoL Compilation)","Permanent Neow","Potion Indicator Mod","Quick Restart","Relic Filter","Relic Stats","Say the Spire","Spicy Shops","StSLib","Waifu the Spire","everything is the same but u backflip on backflip"],"gold_per_floor":[99,115,135,45,45,30,30,65,65,215,215,248,265,25,39,39,39,39],"floor_reached":16,"language":"ENG","playtime":1127,"items_purged":["Guardian:Defend_Guardian","downfall:Icky","Guardian:Defend_Guardian"],"score":146,"play_id":"d33d82ee-5fcd-477c-bf27-a90fe7d97321","local_time":"20210118133109","is_ascension_mode":true,"campfire_choices":[{"data":"Guardian:TwinSlam","floor":1,"key":"SMITH"},{"floor":9,"key":"RECALL"}],"circlet_count":0,"master_deck":["Guardian:Strike_Guardian","Guardian:Strike_Guardian","Guardian:Strike_Guardian","Guardian:Defend_Guardian","Guardian:Defend_Guardian","Guardian:CurlUp","Guardian:TwinSlam+1","Guardian:DonusPower","Guardian:ShieldCharger","Guardian:FuturePlans","Guardian:PrimingBeam","Guardian:Gem_Fragmented","Guardian:FloatingOrbs","Guardian:Gem_Red","Guardian:ExploitGems"],"relics":["bronze:MakeshiftBattery","Eternal Feather","Juzu Bracelet","Bag of Preparation"],"acts_visited":["Exordium"],"potions_floor_usage":[15,16,16],"damage_taken":[{"damage":4,"enemies":"Jaw Worm","floor":2,"turns":4},{"damage":0,"enemies":"Small Slimes","floor":3,"turns":2},{"damage":0,"enemies":"downfall:FleeingMerchant","floor":4,"turns":4},{"damage":5,"enemies":"downfall:FleeingMerchant","floor":6,"turns":4},{"damage":25,"enemies":"3 Sentries","floor":8,"turns":7},{"damage":10,"enemies":"Gremlin Nob","floor":12,"turns":4},{"damage":2,"enemies":"2 Louse","floor":13,"turns":2},{"damage":0,"enemies":"downfall:FleeingMerchant","floor":14,"turns":4},{"damage":13,"enemies":"Large Slime","floor":15,"turns":3},{"damage":14,"enemies":"SI_SHIV_ARCHETYPE","floor":16,"turns":3}],"seed_played":"2548005982794523713","potions_obtained":[{"floor":3,"key":"Swift Potion"},{"floor":12,"key":"DistilledChaos"},{"floor":15,"key":"Strength Potion"}],"is_trial":false,"path_per_floor":["R","M","M","$","?","$","T","E","R","?","?","E","M","$","M","B"],"character_chosen":"GUARDIAN","items_purchased":[],"campfire_rested":0,"item_purchase_floors":[],"current_hp_per_floor":[72,68,68,68,68,63,63,38,44,44,38,28,26,26,13,0,0,0],"gold":39,"neow_bonus":"BOSS_RELIC","is_daily":false,"chose_seed":false,"campfire_upgraded":1,"win_rate":0.0,"timestamp":1610976669,"path_taken":["R","M","M","$","?","$","T","E","R","?","?","E","M","$","M","BOSS"],"items_purchased_type":[],"build_version":"2020-12-22","purchased_purges":3,"victory":false,"max_hp_per_floor":[80,80,80,80,80,80,80,80,80,80,80,80,80,80,80,80,80,80],"relic_stats":{"counters":[10,37],"Eternal Feather":6,"Juzu Bracelet":0,"Bag of Preparation":[8],"obtain_stats":[{"Guardian:ModeShifter":0,"Eternal Feather":7,"Juzu Bracelet":8,"Bag of Preparation":12,"bronze:MakeshiftBattery":0},{"Guardian:ModeShifter":0,"Eternal Feather":4,"Juzu Bracelet":5,"Bag of Preparation":6,"bronze:MakeshiftBattery":0},{"Guardian:ModeShifter":0,"Eternal Feather":14,"Juzu Bracelet":21,"Bag of Preparation":25,"bronze:MakeshiftBattery":0}]},"card_choices":[{"not_picked":["Guardian:Planning","Guardian:Clone"],"picked":"Guardian:DonusPower","floor":2},{"not_picked":["Guardian:PiercingHide","Guardian:Gem_Crimson"],"picked":"Guardian:ShieldCharger","floor":3},{"not_picked":["Guardian:Gem_Red","Guardian:RollAttack"],"picked":"Guardian:FuturePlans","floor":4},{"not_picked":["Guardian:Harden","Guardian:Reroute"],"picked":"Guardian:Gem_Crimson","floor":6},{"not_picked":["Guardian:Suspension","Guardian:Planning"],"picked":"Guardian:PrimingBeam","floor":8},{"not_picked":["Guardian:SentryBeam","Guardian:ShieldSpikes"],"picked":"Guardian:FloatingOrbs","floor":12},{"not_picked":["Guardian:WalkerClaw","Guardian:Reroute"],"picked":"Guardian:Gem_Red","floor":13},{"not_picked":["Guardian:EvasiveProtocol","Guardian:Gem_Green"],"picked":"Guardian:ExploitGems","floor":14},{"not_picked":["Guardian:RollAttack","Guardian:PrimingBeam","Guardian:Gem_Lightblue"],"picked":"SKIP","floor":15}],"player_experience":1213977,"relics_obtained":[{"floor":7,"key":"Eternal Feather"},{"floor":8,"key":"Juzu Bracelet"},{"floor":12,"key":"Bag of Preparation"}],"event_choices":[],"is_beta":false,"boss_relics":[],"items_purged_floors":[4,14,14],"is_endless":false,"potions_floor_spawned":[3,12,15],"killed_by":"SI_SHIV_ARCHETYPE","ascension_level":7}}