{"host":"d61fcf2p3sjwe6yo","time":1610969053,"event":{"mods":["AchievementEnabler","BaseMod","Colored Map","Downfall","Minty Spire (QoL Compilation)","StSLib","SuperFastMode"],"gold_per_floor":[0,14,34,34,45,71,71,91,121,121,140,172,72,99,119,222,222,122,132,151,61,61,74,144,177,177,203,215,115,124,137,157,264,264,264,283,294,303,351,351,377,377,377],"floor_reached":42,"language":"ENG","playtime":2516,"items_purged":["bronze:Strike"],"score":641,"play_id":"e62eded2-f5da-47ee-9065-36404ce835e7","local_time":"20210118142413","is_ascension_mode":true,"campfire_choices":[{"data":"bronze:Replicate","floor":1.0,"key":"SMITH"},{"data":"bronze:OilSpill","floor":13.0,"key":"SMITH"},{"data":"bronze:Library","floor":18.0,"key":"SMITH"},{"floor":26.0,"key":"RECALL"},{"data":"bronze:Branch","floor":29.0,"key":"SMITH"},{"data":"bronze:TinkerersToolbox","floor":35.0,"key":"SMITH"},{"floor":40.0,"key":"REST"}],"circlet_count":0,"master_deck":["bronze:Strike","bronze:Strike","bronze:Defend","bronze:Defend+1","bronze:Replicate+1","bronze:Goto","bronze:GetLatest+1","bronze:OilSpill+1","bronze:Branch+1","bronze:Repair+1","bronze:Separator","bronze:Branch","bronze:Library+1","bronze:Library+1","bronze:Verify","bronze:TinkerersToolbox+1","downfall:Bewildered"],"relics":["bronze:BronzeCore","White Beast Statue","Lantern","Matryoshka","downfall:HeartBlessingGreen","Blood Vial","SlaversCollar","downfall:HeartBlessingBlue","Pantograph","Bottled Flame","Calipers","CeramicFish","downfall:HeartBlessingRed","Sozu","Blue Candle","WingedGreaves","Regal Pillow","War Paint"],"acts_visited":["Exordium","TheCity","TheBeyond"],"potions_floor_usage":[],"damage_taken":[{"damage":1.0,"enemies":"Cultist","floor":2.0,"turns":3.0},{"damage":0.0,"enemies":"Jaw Worm","floor":3.0,"turns":3.0},{"damage":0.0,"enemies":"Small Slimes","floor":5.0,"turns":2.0},{"damage":0.0,"enemies":"Gremlin Nob","floor":6.0,"turns":2.0},{"damage":0.0,"enemies":"Gremlin Gang","floor":8.0,"turns":4.0},{"damage":22.0,"enemies":"3 Sentries","floor":9.0,"turns":5.0},{"damage":0.0,"enemies":"Exordium Wildlife","floor":11.0,"turns":2.0},{"damage":18.0,"enemies":"Gremlin Nob","floor":12.0,"turns":3.0},{"damage":14.0,"enemies":"3 Sentries","floor":14.0,"turns":7.0},{"damage":0.0,"enemies":"Red Slaver","floor":15.0,"turns":2.0},{"damage":6.0,"enemies":"SI_SHIV_ARCHETYPE","floor":16.0,"turns":7.0},{"damage":11.0,"enemies":"Spheric Guardian","floor":19.0,"turns":4.0},{"damage":27.0,"enemies":"Snake Plant","floor":20.0,"turns":6.0},{"damage":0.0,"enemies":"downfall:FleeingMerchant","floor":21.0,"turns":4.0},{"damage":6.0,"enemies":"Shelled Parasite and Fungi","floor":23.0,"turns":4.0},{"damage":25.0,"enemies":"Slavers","floor":25.0,"turns":4.0},{"damage":9.0,"enemies":"Gremlin Leader","floor":27.0,"turns":5.0},{"damage":0.0,"enemies":"Snecko","floor":28.0,"turns":3.0},{"damage":0.0,"enemies":"Snake Plant","floor":31.0,"turns":3.0},{"damage":6.0,"enemies":"Sentry and Sphere","floor":32.0,"turns":6.0},{"damage":26.0,"enemies":"DF_ARCHETYPE_CLAW","floor":33.0,"turns":7.0},{"damage":9.0,"enemies":"3 Shapes","floor":36.0,"turns":4.0},{"damage":0.0,"enemies":"Orb Walker","floor":37.0,"turns":3.0},{"damage":52.0,"enemies":"2 Orb Walkers","floor":39.0,"turns":6.0},{"damage":67,"enemies":"Reptomancer","floor":42,"turns":5}],"seed_played":"7024711100533852297","potions_obtained":[{"floor":2.0,"key":"FearPotion"},{"floor":5.0,"key":"LiquidMemories"},{"floor":8.0,"key":"LiquidBronze"},{"floor":9.0,"key":"Fire Potion"},{"floor":11.0,"key":"FearPotion"},{"floor":12.0,"key":"ColorlessPotion"},{"floor":14.0,"key":"BlessingOfTheForge"},{"floor":19.0,"key":"PowerPotion"},{"floor":20.0,"key":"champ:CounterPotion"},{"floor":21.0,"key":"Ancient Potion"},{"floor":23.0,"key":"Ancient Potion"},{"floor":25.0,"key":"Block Potion"},{"floor":27.0,"key":"bronze:FreeFunctionsPotion"},{"floor":28.0,"key":"Strength Potion"},{"floor":31.0,"key":"Guardian:BlockOnCardUsePotion"},{"floor":33.0,"key":"BlessingOfTheForge"}],"is_trial":false,"path_per_floor":["R","M","M","?","M","E","T","M","E","?","M","E","R","E","M","B",null,"R","M","M","$","?","M","T","E","R","E","M","R","?","M","M","B",null,"R","M","M","?","?","R","T","E"],"character_chosen":"THE_AUTOMATON","items_purchased":[],"campfire_rested":1,"item_purchase_floors":[],"current_hp_per_floor":[63,62,62,62,62,62,62,62,40,70,70,52,52,45,47,50,65,75,69,51,63,63,66,66,50,50,50,52,52,52,54,57,58,75,75,75,80,80,35,59,59,4,4],"gold":377,"neow_bonus":"REMOVE_TWO","is_daily":false,"chose_seed":false,"campfire_upgraded":5,"win_rate":0.0,"timestamp":1610969053,"path_taken":["R","M","?","?","M","E","T","M","E","?","?","E","R","E","M","BOSS","R","M","M","$","?","?","T","E","R","E","M","R","?","?","M","BOSS","R","M","M","?","?","R","T","E"],"items_purchased_type":[],"build_version":"2020-12-22","purchased_purges":1,"victory":false,"max_hp_per_floor":[70,70,70,70,70,70,70,70,70,70,70,70,70,70,70,70,70,80,80,80,80,80,80,80,80,80,80,80,80,80,80,80,80,80,80,80,80,80,80,80,80,80,80],"card_choices":[{"not_picked":["bronze:Deprecate","bronze:FollowUp"],"picked":"bronze:GetLatest","floor":2.0},{"not_picked":["bronze:Shield","bronze:Repulsor","bronze:Constructor"],"picked":"SKIP","floor":3.0},{"not_picked":["bronze:Optimize","bronze:CloningBeam"],"picked":"bronze:OilSpill","floor":5.0},{"not_picked":["bronze:Shield","bronze:Shell"],"picked":"bronze:Branch","floor":6.0},{"not_picked":["bronze:Invalidate","bronze:Turbo","bronze:BuggyMess"],"picked":"SKIP","floor":8.0},{"not_picked":["bronze:ForLoop","bronze:Overheat"],"picked":"bronze:Repulsor","floor":9.0},{"not_picked":["bronze:Shield","bronze:FollowUp"],"picked":"bronze:Repair","floor":11.0},{"not_picked":["bronze:Overload","bronze:Repulsor"],"picked":"bronze:Separator","floor":12.0},{"not_picked":["bronze:ForceShield","bronze:Overheat","bronze:Turbo"],"picked":"SKIP","floor":14.0},{"not_picked":["bronze:BurnOut","bronze:BugBarrage"],"picked":"bronze:Branch","floor":15.0},{"not_picked":["bronze:SpaghettiCode","bronze:RecursiveStrike"],"picked":"bronze:Library","floor":16.0},{"not_picked":["bronze:DelayedSlice+1","bronze:Turbo","bronze:Iterate+1"],"picked":"SKIP","floor":19.0},{"not_picked":["bronze:Invalidate","bronze:Deprecate+1","bronze:ChildClass"],"picked":"SKIP","floor":20.0},{"not_picked":["bronze:Frontload","bronze:Overheat","bronze:BitShift"],"picked":"SKIP","floor":21.0},{"not_picked":["bronze:Frontload","bronze:Fortify","bronze:Optimize+1"],"picked":"SKIP","floor":23.0},{"not_picked":["bronze:Safeguard","bronze:DarkDash","bronze:WhirlingStrike"],"picked":"SKIP","floor":25.0},{"not_picked":["bronze:ForLoop","bronze:Fortify","bronze:Overheat+1"],"picked":"SKIP","floor":27.0},{"not_picked":["bronze:GetLatest","bronze:FineTuning","bronze:BronzeArmor"],"picked":"SKIP","floor":28.0},{"not_picked":["bronze:Branch","bronze:FineTuning","bronze:BitShift"],"picked":"SKIP","floor":31.0},{"not_picked":["bronze:Deprecate","bronze:DelayedSlice"],"picked":"bronze:Verify","floor":32.0},{"not_picked":["bronze:CleanCode","bronze:SpaghettiCode"],"picked":"bronze:TinkerersToolbox","floor":33.0},{"not_picked":["bronze:BuggyMess","bronze:BugBarrage+1","bronze:ForceShield"],"picked":"SKIP","floor":36.0},{"not_picked":["bronze:Safeguard","bronze:WhirlingStrike","bronze:Constructor+1"],"picked":"SKIP","floor":37.0}],"player_experience":588222,"relics_obtained":[{"floor":6.0,"key":"White Beast Statue"},{"floor":9.0,"key":"Lantern"},{"floor":12.0,"key":"Matryoshka"},{"floor":14.0,"key":"Blood Vial"},{"floor":24.0,"key":"Pantograph"},{"floor":24.0,"key":"Bottled Flame"},{"floor":25.0,"key":"Calipers"},{"floor":27.0,"key":"CeramicFish"},{"floor":39.0,"key":"WingedGreaves"},{"floor":41.0,"key":"Regal Pillow"},{"floor":41.0,"key":"War Paint"}],"event_choices":[{"cards_removed":["bronze:Strike"],"damage_healed":0.0,"max_hp_gain":0.0,"max_hp_loss":0.0,"gold_gain":0.0,"event_name":"The Cleric","player_choice":"Card Removal","floor":4.0,"gold_loss":0.0,"damage_taken":0.0},{"cards_removed":["bronze:Repulsor"],"damage_healed":30.0,"max_hp_gain":0.0,"max_hp_loss":0.0,"gold_gain":0.0,"event_name":"Bonfire Elementals","player_choice":"Offered Uncommon","floor":10.0,"gold_loss":0.0,"damage_taken":0.0},{"damage_healed":0.0,"max_hp_gain":0.0,"max_hp_loss":0.0,"gold_gain":0.0,"event_name":"Mysterious Sphere","player_choice":"Fight","floor":39.0,"gold_loss":0.0,"damage_taken":0.0}],"is_beta":false,"boss_relics":[{"not_picked":["SacredBark","Pandora\u0027s Box"],"picked":"SlaversCollar"},{"not_picked":["bronze:PlatinumCore","Astrolabe"],"picked":"Sozu"}],"items_purged_floors":[21],"is_endless":false,"potions_floor_spawned":[2,5,8,9,11,12,14,15,16,19,20,21,23,25,27,28,31,32,33,36,37,39],"killed_by":"Reptomancer","ascension_level":6}}