{"host":"ydg0vn0pu4pubmdt","time":1610958340,"event":{"mods":["AchievementEnabler","BaseMod","Colored Map","Gold Saver","Minty Spire (QoL Compilation)","Quick Restart","SuperFastMode"],"gold_per_floor":[733,748,748,329,340,366,366,401,426,426,426,438,471,471,471,571,571,581,596,320,330,20,20,33,62,62,62,62,73,103,115,115,216,216,228,104,118,118,118,150,209,209,209,209,223,223,100,116,116,116],"floor_reached":51,"language":"KOR","playtime":2621,"items_purged":["Strike_G","Defend_G","Defend_G","Distraction","Flechettes"],"score":1111,"play_id":"94a813ab-d75a-456e-a4cc-bf4c280a62bf","local_time":"20210118172540","is_ascension_mode":true,"campfire_choices":[{"data":"Venomology","floor":7.0,"key":"SMITH"},{"data":"Prepared","floor":11.0,"key":"SMITH"},{"data":"PiercingWail","floor":15.0,"key":"SMITH"},{"data":"Concentrate","floor":23.0,"key":"SMITH"},{"data":"A Thousand Cuts","floor":32.0,"key":"SMITH"},{"data":"Acrobatics","floor":46.0,"key":"SMITH"},{"data":"Well Laid Plans","floor":49,"key":"SMITH"}],"circlet_count":0,"master_deck":["Neutralize+1","Venomology+1","Acrobatics","Dash+1","Dagger Throw+1","Prepared+1","Acrobatics","PiercingWail+1","Malaise","Deflect","Well Laid Plans+1","Concentrate+1","Footwork","Backflip","Tactician+1","A Thousand Cuts+1","Grand Finale","Tools of the Trade","Deflect","Blur+1","Acrobatics+1","Eviscerate+1"],"relics":["Ring of the Snake","TwistedFunnel","Akabeko","Anchor","Whetstone","Orichalcum","Smiling Mask","HoveringKite","Toy Ornithopter","Membership Card","PreservedInsect","HornCleat","Ginger","Bag of Marbles","Tiny Chest","Pandora\u0027s Box","DollysMirror","CeramicFish","Girya","Boot","Mummified Hand","Pen Nib"],"acts_visited":["Exordium","TheCity","TheBeyond"],"potions_floor_usage":[50,50,50],"damage_taken":[{"damage":0.0,"enemies":"Jaw Worm","floor":1.0,"turns":5.0},{"damage":1.0,"enemies":"Small Slimes","floor":2.0,"turns":4.0},{"damage":0.0,"enemies":"Cultist","floor":5.0,"turns":2.0},{"damage":13.0,"enemies":"3 Sentries","floor":6.0,"turns":13.0},{"damage":6.0,"enemies":"Gremlin Nob","floor":8.0,"turns":3.0},{"damage":0.0,"enemies":"Looter","floor":12.0,"turns":2.0},{"damage":4.0,"enemies":"Lagavulin","floor":13.0,"turns":5.0},{"damage":13.0,"enemies":"Slime Boss","floor":16.0,"turns":9.0},{"damage":0.0,"enemies":"Shell Parasite","floor":18.0,"turns":8.0},{"damage":4.0,"enemies":"3 Byrds","floor":19.0,"turns":3.0},{"damage":0.0,"enemies":"Shelled Parasite and Fungi","floor":21.0,"turns":7.0},{"damage":0.0,"enemies":"Centurion and Healer","floor":24.0,"turns":7.0},{"damage":0.0,"enemies":"Slavers","floor":25.0,"turns":5.0},{"damage":5.0,"enemies":"Chosen and Byrds","floor":29.0,"turns":9.0},{"damage":0.0,"enemies":"Book of Stabbing","floor":30.0,"turns":4.0},{"damage":0.0,"enemies":"Snecko","floor":31.0,"turns":6.0},{"damage":26.0,"enemies":"Collector","floor":33.0,"turns":9.0},{"damage":0.0,"enemies":"3 Shapes","floor":35.0,"turns":5.0},{"damage":2.0,"enemies":"3 Darklings","floor":37.0,"turns":4.0},{"damage":14.0,"enemies":"Giant Head","floor":40.0,"turns":7.0},{"damage":0.0,"enemies":"Mind Bloom Boss Battle","floor":41.0,"turns":4.0},{"damage":0.0,"enemies":"Writhing Mass","floor":45.0,"turns":3.0},{"damage":0,"enemies":"4 Shapes","floor":48,"turns":2},{"damage":11,"enemies":"Time Eater","floor":50,"turns":8}],"seed_played":"8948594804891298972","potions_obtained":[{"floor":2.0,"key":"FearPotion"},{"floor":5.0,"key":"Dexterity Potion"},{"floor":14.0,"key":"CunningPotion"},{"floor":14.0,"key":"EssenceOfSteel"},{"floor":16.0,"key":"Weak Potion"},{"floor":18.0,"key":"LiquidBronze"},{"floor":21.0,"key":"Weak Potion"},{"floor":29.0,"key":"LiquidBronze"},{"floor":48,"key":"PowerPotion"}],"is_trial":false,"path_per_floor":["M","M","?","$","M","E","R","E","T","?","R","M","E","?","R","B",null,"M","M","$","M","$","R","M","E","T","?","?","M","E","M","R","B",null,"M","$","M","?","?","E","?","T","T","?","M","R","$","M","R","B",null],"character_chosen":"THE_SILENT","items_purchased":["TwistedFunnel","Akabeko","Dagger Throw","Toy Ornithopter","Well Laid Plans","Membership Card","PreservedInsect","Footwork","DollysMirror","Pen Nib"],"campfire_rested":0,"item_purchase_floors":[4,4,4,20,20,22,22,22,36,47],"current_hp_per_floor":[63,62,62,62,62,49,49,52,52,38,38,38,34,34,34,21,58,58,54,54,64,64,64,69,70,70,70,70,65,70,70,70,44,64,69,69,68,68,58,49,54,54,54,70,70,70,70,70,70,59],"gold":116,"neow_bonus":"TRANSFORM_CARD","is_daily":false,"chose_seed":false,"campfire_upgraded":7,"win_rate":0.0,"timestamp":1610958340,"path_taken":["M","M","?","$","M","E","R","E","T","?","R","M","E","?","R","BOSS","M","M","$","M","$","R","M","E","T","?","?","M","E","M","R","BOSS","M","$","M","?","?","E","?","?","T","?","M","R","$","M","R","BOSS"],"items_purchased_type":["Relic","Relic","Card","Relic","Card","Relic","Relic","Card","Relic","Relic"],"build_version":"2020-12-22","purchased_purges":5,"victory":true,"max_hp_per_floor":[70,70,70,70,70,70,70,70,70,70,70,70,70,70,70,70,70,70,70,70,70,70,70,70,70,70,70,70,70,70,70,70,70,70,70,70,70,70,70,70,70,70,70,70,70,70,70,70,70,70],"card_choices":[{"not_picked":["Cloak And Dagger","Bane"],"picked":"Acrobatics","floor":1.0},{"not_picked":["Deadly Poison","Flechettes"],"picked":"Dash","floor":2.0},{"not_picked":["Heel Hook","Accuracy"],"picked":"Prepared","floor":5.0},{"not_picked":["Bane","Sucker Punch","Caltrops"],"picked":"SKIP","floor":6.0},{"not_picked":["Backstab","Catalyst"],"picked":"Acrobatics","floor":8.0},{"not_picked":["Distraction","Setup","Poisoned Stab"],"picked":"SKIP","floor":12.0},{"not_picked":["Skewer","Riddle With Holes"],"picked":"PiercingWail","floor":13.0},{"not_picked":["Die Die Die","Burst"],"picked":"Malaise","floor":16.0},{"not_picked":["PiercingWail","Blade Dance"],"picked":"Deflect","floor":18.0},{"not_picked":["Deadly Poison","Infinite Blades","Bane"],"picked":"SKIP","floor":19.0},{"not_picked":["Crippling Poison","Flechettes"],"picked":"Concentrate","floor":21.0},{"not_picked":["Choke","Bane"],"picked":"Backflip","floor":24.0},{"not_picked":["Reflex","PiercingWail"],"picked":"Tactician+1","floor":25.0},{"not_picked":["Infinite Blades","Flying Knee+1","Concentrate+1"],"picked":"SKIP","floor":29.0},{"not_picked":["Crippling Poison","Blade Dance"],"picked":"A Thousand Cuts","floor":30.0},{"not_picked":["Bane","Blade Dance+1"],"picked":"Flechettes","floor":31.0},{"not_picked":["Riddle With Holes+1","Bane+1"],"picked":"Blur+1","floor":35.0},{"not_picked":["Heel Hook+1","Predator","All Out Attack"],"picked":"SKIP","floor":37.0},{"not_picked":["Heel Hook+1","Predator","All Out Attack"],"picked":"SKIP","floor":37.0},{"not_picked":["Deflect","Masterful Stab+1","Glass Knife"],"picked":"SKIP","floor":40.0},{"not_picked":["Slice","PiercingWail+1"],"picked":"Eviscerate+1","floor":41.0},{"not_picked":["Acrobatics","Predator","Blur"],"picked":"SKIP","floor":45.0},{"not_picked":["Dodge and Roll+1","Flying Knee+1","Malaise"],"picked":"SKIP","floor":48}],"player_experience":469978,"relics_obtained":[{"floor":6.0,"key":"Anchor"},{"floor":8.0,"key":"Whetstone"},{"floor":9.0,"key":"Orichalcum"},{"floor":13.0,"key":"Smiling Mask"},{"floor":25.0,"key":"HornCleat"},{"floor":26.0,"key":"Ginger"},{"floor":28.0,"key":"Bag of Marbles"},{"floor":30.0,"key":"Tiny Chest"},{"floor":40.0,"key":"CeramicFish"},{"floor":41.0,"key":"Girya"},{"floor":42.0,"key":"Boot"},{"floor":43.0,"key":"Mummified Hand"}],"event_choices":[{"cards_removed":["Strike_G"],"damage_healed":0.0,"max_hp_gain":0.0,"max_hp_loss":0.0,"gold_gain":0.0,"event_name":"Living Wall","player_choice":"Forget","floor":3.0,"gold_loss":0.0,"damage_taken":0.0},{"damage_healed":0.0,"max_hp_gain":0.0,"max_hp_loss":0.0,"gold_gain":0.0,"event_name":"Shining Light","player_choice":"Entered Light","floor":10.0,"gold_loss":0.0,"damage_taken":14.0,"cards_upgraded":["Neutralize","Strike_G"]},{"damage_healed":0.0,"max_hp_gain":0.0,"max_hp_loss":0.0,"gold_gain":0.0,"event_name":"Lab","player_choice":"Got Potions","floor":14.0,"gold_loss":0.0,"damage_taken":0.0},{"damage_healed":0.0,"max_hp_gain":0.0,"max_hp_loss":0.0,"gold_gain":0.0,"event_name":"The Mausoleum","player_choice":"Ignored","floor":27.0,"gold_loss":0.0,"damage_taken":0.0},{"damage_healed":0.0,"max_hp_gain":0.0,"max_hp_loss":0.0,"gold_gain":0.0,"event_name":"Wheel of Change","player_choice":"Relic","floor":28.0,"gold_loss":0.0,"damage_taken":0.0},{"cards_removed":["Survivor"],"damage_healed":0.0,"max_hp_gain":0.0,"max_hp_loss":0.0,"gold_gain":0.0,"event_name":"Falling","player_choice":"Removed Skill","floor":38.0,"gold_loss":0.0,"damage_taken":0.0},{"damage_healed":0.0,"max_hp_gain":0.0,"max_hp_loss":0.0,"gold_gain":0.0,"event_name":"SensoryStone","player_choice":"Memory 3","floor":39.0,"gold_loss":0.0,"damage_taken":10.0},{"damage_healed":0.0,"max_hp_gain":0.0,"max_hp_loss":0.0,"gold_gain":0.0,"event_name":"MindBloom","player_choice":"Fight","floor":41.0,"gold_loss":0.0,"damage_taken":0.0},{"cards_removed":["Masterful Stab"],"damage_healed":16.0,"max_hp_gain":0.0,"max_hp_loss":0.0,"gold_gain":0.0,"event_name":"Bonfire Elementals","player_choice":"Offered Uncommon","floor":44.0,"gold_loss":0.0,"damage_taken":0.0}],"is_beta":false,"boss_relics":[{"not_picked":["Cursed Key","Fusion Hammer"],"picked":"HoveringKite"},{"not_picked":["Black Star","SlaversCollar"],"picked":"Pandora\u0027s Box"}],"items_purged_floors":[4,20,22,36,47],"is_endless":false,"potions_floor_spawned":[2,5,16,18,21,29,30,33,35,37,48],"ascension_level":8}}