{"host":"g5ztulhog0otympt","time":1610975759,"event":{"mods":["AchievementEnabler","BaseMod","Downfall","Hermit","Minty Spire (QoL Compilation)","StSLib","The Cursed"],"gold_per_floor":[109,129,129,129,141,170,170,199,199,199,199,199,232,68,68,171,171,191,191,47,57,69,69,98,98,98],"floor_reached":25,"language":"ENG","playtime":972,"items_purged":[],"score":237,"play_id":"1725b547-d457-422b-9286-6dd37c7bff27","local_time":"20210118151559","is_ascension_mode":false,"campfire_choices":[{"floor":7,"key":"REST"},{"floor":10,"key":"REST"},{"data":"Zap","floor":12,"key":"SMITH"},{"floor":15,"key":"REST"},{"floor":23,"key":"REST"}],"circlet_count":0,"master_deck":["Strike_B","Strike_B","Strike_B+1","Strike_B","Defend_B","Defend_B+1","Defend_B","Defend_B","Zap+1","Dualcast","Conserve Battery+1","Streamline+1","Melter","Conserve Battery","Melter","Sweeping Beam","Chrysalis","Electrodynamics","Gash","Go for the Eyes","White Noise","Streamline+1","White Noise"],"relics":["Cracked Core","Meat on the Bone","Dream Catcher","War Paint","Whetstone","Lantern","Fusion Hammer","HandDrill","Ornamental Fan"],"acts_visited":["Exordium","TheCity"],"potions_floor_usage":[13,16,21,24,25],"damage_taken":[{"damage":0,"enemies":"Small Slimes","floor":1,"turns":2},{"damage":1,"enemies":"Jaw Worm","floor":2,"turns":3},{"damage":0,"enemies":"Cultist","floor":5,"turns":3},{"damage":25,"enemies":"Gremlin Nob","floor":6,"turns":4},{"damage":24,"enemies":"3 Sentries","floor":8,"turns":7},{"damage":22,"enemies":"Gremlin Nob","floor":13,"turns":4},{"damage":46,"enemies":"Hexaghost","floor":16,"turns":12},{"damage":23,"enemies":"3 Byrds","floor":18,"turns":3},{"damage":19,"enemies":"2 Thieves","floor":21,"turns":4},{"damage":15,"enemies":"Snake Plant","floor":22,"turns":4},{"damage":57,"enemies":"Book of Stabbing","floor":24,"turns":6},{"damage":22,"enemies":"Cultist and Chosen","floor":25,"turns":4}],"seed_played":"4085043998897107768","potions_obtained":[{"floor":8,"key":"PowerPotion"},{"floor":13,"key":"Regen Potion"},{"floor":18,"key":"Regen Potion"},{"floor":21,"key":"GamblersBrew"},{"floor":24,"key":"champ:CounterPotion"}],"is_trial":false,"path_per_floor":["M","M","?","T","M","E","R","E","T","R","?","R","E","$","R","B",null,"M","?","$","M","M","R","E","M"],"character_chosen":"DEFECT","items_purchased":["Chrysalis","HandDrill"],"campfire_rested":4,"item_purchase_floors":[14,20],"current_hp_per_floor":[75,74,74,74,74,49,71,47,47,69,69,69,47,47,69,38,75,52,52,52,45,42,64,19,0,0],"gold":98,"neow_bonus":"THREE_CARDS","is_daily":false,"chose_seed":false,"campfire_upgraded":1,"win_rate":0.0,"timestamp":1610975759,"path_taken":["M","M","?","?","M","E","R","E","T","R","?","R","E","?","R","BOSS","M","?","?","M","M","R","E","M"],"items_purchased_type":["Card","Relic"],"build_version":"2020-12-22","purchased_purges":0,"victory":false,"max_hp_per_floor":[75,75,75,75,75,75,75,75,75,75,75,75,75,75,75,75,75,75,75,75,75,75,75,75,75,75],"card_choices":[{"not_picked":["Leap","Steam","Ball Lightning"],"picked":"SKIP","floor":1},{"not_picked":["Stack","Steam"],"picked":"Conserve Battery","floor":2},{"not_picked":["Turbo","Skim"],"picked":"Streamline","floor":5},{"not_picked":["Capacitor","Coolheaded"],"picked":"Melter","floor":6},{"not_picked":["Consume","Steam"],"picked":"Conserve Battery","floor":7},{"not_picked":["Steam","Machine Learning"],"picked":"Melter","floor":8},{"not_picked":["Multi-Cast","Leap"],"picked":"Sweeping Beam","floor":13},{"not_picked":["Meteor Strike","Thunder Strike"],"picked":"Electrodynamics","floor":16},{"not_picked":["Rebound","Compile Driver"],"picked":"Gash","floor":18},{"not_picked":["Barrage","Steam"],"picked":"Go for the Eyes","floor":21},{"not_picked":["Cold Snap","Redo"],"picked":"White Noise","floor":22},{"not_picked":["Cold Snap","Sweeping Beam+1"],"picked":"Streamline+1","floor":23},{"not_picked":["Blizzard+1","Skim"],"picked":"White Noise","floor":24}],"player_experience":93132,"relics_obtained":[{"floor":4,"key":"Meat on the Bone"},{"floor":6,"key":"Dream Catcher"},{"floor":8,"key":"War Paint"},{"floor":9,"key":"Whetstone"},{"floor":13,"key":"Lantern"},{"floor":24,"key":"Ornamental Fan"}],"event_choices":[{"damage_healed":0,"gold_gain":0,"player_choice":"Ignored","damage_taken":0,"max_hp_gain":0,"max_hp_loss":0,"event_name":"Golden Idol","floor":3,"gold_loss":0},{"damage_healed":0,"gold_gain":0,"player_choice":"Leave","damage_taken":0,"max_hp_gain":0,"max_hp_loss":0,"event_name":"The Cleric","floor":11,"gold_loss":0},{"damage_healed":0,"gold_gain":0,"player_choice":"Ignored","damage_taken":0,"max_hp_gain":0,"max_hp_loss":0,"event_name":"NoteForYourself","floor":19,"gold_loss":0}],"is_beta":false,"boss_relics":[{"not_picked":["Snecko Eye","bronze:MakeshiftBattery"],"picked":"Fusion Hammer"}],"items_purged_floors":[],"is_endless":false,"potions_floor_spawned":[8,13,18,21,24],"killed_by":"Cultist and Chosen","ascension_level":0}}