{"host":"dcj2yvrgcvh5dl2s","time":1610971198,"event":{"mods":["BaseMod","Better Note","Block Reminder","Colored Powertips","DeckTracker","Minty Spire (QoL Compilation)","Quick Restart","Rare Cards Sparkle","Relic Stats","StSLib"],"gold_per_floor":[115,115,190,241,259,279,279,279,279],"floor_reached":8,"language":"ENG","playtime":282,"items_purged":[],"score":60,"play_id":"2e6316a0-4c76-4bdb-9e21-d8b936c7654c","local_time":"20210118215958","is_ascension_mode":true,"campfire_choices":[{"floor":7,"key":"REST"}],"circlet_count":0,"master_deck":["Strike_G","Strike_G","Strike_G","Strike_G","Defend_G","Defend_G","Defend_G","Defend_G","Defend_G","Survivor","Neutralize","CurseOfTheBell","Deflect","Quick Slash"],"relics":["Calling Bell","Happy Flower","Matryoshka","Incense Burner","Singing Bowl","Oddly Smooth Stone"],"acts_visited":["Exordium"],"potions_floor_usage":[8],"damage_taken":[{"damage":0,"enemies":"Small Slimes","floor":1,"turns":4},{"damage":2,"enemies":"2 Louse","floor":5,"turns":3},{"damage":7,"enemies":"Jaw Worm","floor":6,"turns":6},{"damage":59,"enemies":"Lagavulin","floor":8,"turns":12}],"seed_played":"-658792561599911102","potions_obtained":[{"floor":1,"key":"ColorlessPotion"}],"is_trial":false,"path_per_floor":["M","?","?","T","M","M","R","E"],"character_chosen":"THE_SILENT","items_purchased":[],"campfire_rested":1,"item_purchase_floors":[],"current_hp_per_floor":[63,56,45,45,45,38,59,0,0],"gold":279,"neow_bonus":"BOSS_RELIC","is_daily":false,"chose_seed":false,"campfire_upgraded":0,"win_rate":0.0,"timestamp":1610971198,"path_taken":["M","?","?","?","M","M","R","E"],"items_purchased_type":[],"build_version":"2020-12-22","purchased_purges":0,"victory":false,"max_hp_per_floor":[70,70,70,70,72,72,72,72,72],"relic_stats":{"Happy Flower":[8],"Singing Bowl":2,"counters":[4,25],"obtain_stats":[{"Calling Bell":0,"Matryoshka":0,"Happy Flower":0,"Singing Bowl":4,"Oddly Smooth Stone":4,"Incense Burner":0,"Ring of the Snake":0},{"Calling Bell":0,"Matryoshka":0,"Happy Flower":0,"Singing Bowl":1,"Oddly Smooth Stone":1,"Incense Burner":0,"Ring of the Snake":0},{"Calling Bell":0,"Matryoshka":0,"Happy Flower":0,"Singing Bowl":4,"Oddly Smooth Stone":4,"Incense Burner":0,"Ring of the Snake":0}]},"card_choices":[{"not_picked":["Quick Slash","Well Laid Plans"],"picked":"Deflect","floor":1},{"not_picked":["Flechettes","Prepared","Bane"],"picked":"Singing Bowl","floor":5},{"not_picked":["Skewer","Dagger Throw"],"picked":"Quick Slash","floor":6}],"player_experience":2240899,"relics_obtained":[{"floor":0,"key":"Happy Flower"},{"floor":0,"key":"Matryoshka"},{"floor":0,"key":"Incense Burner"},{"floor":4,"key":"Singing Bowl"},{"floor":4,"key":"Oddly Smooth Stone"}],"event_choices":[{"cards_removed":["Strike_G"],"damage_healed":0,"gold_gain":0,"player_choice":"Card Removal","damage_taken":7,"max_hp_gain":0,"max_hp_loss":0,"event_name":"Golden Wing","floor":2,"gold_loss":0},{"damage_healed":0,"gold_gain":75,"player_choice":"Gather Gold","damage_taken":11,"max_hp_gain":0,"max_hp_loss":0,"event_name":"World of Goop","floor":3,"gold_loss":0}],"is_beta":false,"boss_relics":[],"items_purged_floors":[],"is_endless":false,"potions_floor_spawned":[1],"killed_by":"Lagavulin","ascension_level":6}}