{"host":"y726iemdj1t5bvru","time":1610953554,"event":{"mods":["Act Like it!","BaseMod","HololiveMod","Marisa£®ÏF”Í°°ƒß¿Ì…≥£©","Minty Spire (QoL Compilation)","Reimu£®≤©¿ˆ¡È√Œ£©","Remilia£®¿Ÿ√◊¿Ú—«£©","Replay The Spire","Shop Mod","StSLib","The Servant 0.9.4","Waifu the Spire","Youmu£®ªÍ∆«—˝√Œ£©","[IsaacMod]“‘»ˆº‚À˛"],"gold_per_floor":[115,190,190,205,205,239,257,257,257,285,285,285,285,300,300,420,420,478,393,393,414,414],"floor_reached":21,"language":"ZHS","playtime":1148,"items_purged":[],"score":351,"play_id":"86ac8757-4d86-4cd1-99b4-5c59885e6977","local_time":"20210118150554","is_ascension_mode":true,"campfire_choices":[{"floor":8,"key":"REST"},{"floor":12,"key":"DIG"},{"floor":15,"key":"DIG"}],"circlet_count":0,"master_deck":["Strike_S","Strike_S","Strike_S","Strike_S","Defend_S","Defend_S","Defend_S","Defend_S","KidneyShot","Exchange","LightFlow","ShiftingGears","DoubleEdge","Rewind","FastForward","Secret Technique","Unruled","MoonPhase","Contraction","BestPractice","Duplication","Duplication","InstantArmor+1"],"relics":["Uniform","HushsDoor","BloodDonationMachine","Replay:PocketPolymizer","TheBean","Replay:Multitool","Replay:Baseball","YumHeart","Omamori","Golden Idol","Mastiff:ReiMu","Calling Bell","SalivaCoin","Replay:Accelerometer","Calipers","MealTicket"],"acts_visited":["Exordium","TheCity"],"potions_floor_usage":[7,16],"damage_taken":[{"damage":0,"enemies":"2 Louse","floor":1,"turns":3},{"damage":0,"enemies":"Small Slimes","floor":4,"turns":4},{"damage":37,"enemies":"Gremlin Nob","floor":6,"turns":4},{"damage":2,"enemies":"Jaw Worm","floor":7,"turns":4},{"damage":0,"enemies":"3 Sentries","floor":10,"turns":3},{"damage":7,"enemies":"Large Slime","floor":14,"turns":4},{"damage":0,"enemies":"Slime Boss","floor":16,"turns":10},{"damage":40,"enemies":"Spheric Guardian","floor":18,"turns":6},{"damage":19,"enemies":"Shell Parasite","floor":21,"turns":3}],"seed_played":"8332399336772611857","potions_obtained":[{"floor":1,"key":"GrandPatriotsElixir:ReiMu"},{"floor":14,"key":"SpeedPotion"}],"is_trial":false,"path_per_floor":["M","?","?","M","?","E","M","R","T","E","T","R","?","M","R","B",null,"M","?","?","M"],"character_chosen":"THE_SERVANT","items_purchased":["Duplication"],"campfire_rested":1,"item_purchase_floors":[17],"current_hp_per_floor":[59,48,48,48,45,8,6,25,25,25,50,50,50,43,43,43,57,17,17,17,0,0],"gold":414,"neow_bonus":"THREE_RARE_CARDS","is_daily":false,"chose_seed":false,"campfire_upgraded":0,"win_rate":0.0,"timestamp":1610953554,"path_taken":["M","?","?","M","?","E","?","R","T","E","?","R","?","M","R","BOSS","M","?","?","?"],"items_purchased_type":["Card"],"build_version":"2020-12-22","purchased_purges":0,"victory":false,"max_hp_per_floor":[65,65,65,65,65,65,65,65,65,65,65,65,65,65,65,65,61,61,61,61,61,61],"card_choices":[{"not_picked":[],"picked":"DoctorFetus","floor":0},{"not_picked":["FloweringNight","TrueSight"],"picked":"LightFlow","floor":0},{"not_picked":["Snipe","Ricochet"],"picked":"ShiftingGears","floor":1},{"not_picked":["Alleviate","Bomb"],"picked":"DoubleEdge","floor":4},{"not_picked":["TimeWarp","Snipe"],"picked":"Rewind","floor":6},{"not_picked":["Revamp","BestPractice"],"picked":"FastForward","floor":7},{"not_picked":["ShatteredReality","Misdirection"],"picked":"Unruled","floor":10},{"not_picked":["DancingSilver","Revamp"],"picked":"Contraction","floor":14},{"not_picked":["FloweringNight","KillingDoll"],"picked":"Duplication","floor":16},{"not_picked":["Starlight+1","Alleviate"],"picked":"InstantArmor+1","floor":18}],"player_experience":394631,"relics_obtained":[{"floor":6,"key":"TheBean"},{"floor":9,"key":"Replay:Multitool"},{"floor":10,"key":"Replay:Baseball"},{"floor":11,"key":"YumHeart"},{"floor":12,"key":"Omamori"},{"floor":15,"key":"Mastiff:ReiMu"},{"floor":17,"key":"SalivaCoin"},{"floor":17,"key":"Replay:Accelerometer"},{"floor":17,"key":"Calipers"}],"event_choices":[{"damage_healed":0,"gold_gain":75,"player_choice":"Gather Gold","damage_taken":11,"max_hp_gain":0,"max_hp_loss":0,"event_name":"World of Goop","floor":2,"gold_loss":0},{"damage_healed":0,"gold_gain":0,"player_choice":"Ignored","damage_taken":0,"max_hp_gain":0,"max_hp_loss":0,"event_name":"Liars Game","floor":3,"gold_loss":0},{"damage_healed":0,"gold_gain":0,"player_choice":"Success","damage_taken":3,"relics_obtained":["Replay:PocketPolymizer"],"max_hp_gain":0,"max_hp_loss":0,"event_name":"Scrap Ooze","floor":5,"gold_loss":0},{"damage_healed":0,"gold_gain":0,"player_choice":"Take Wound","damage_taken":0,"relics_obtained":["Golden Idol"],"max_hp_gain":0,"max_hp_loss":0,"event_name":"Golden Idol","floor":13,"gold_loss":0,"cards_obtained":["Injury"]},{"damage_healed":0,"gold_gain":0,"player_choice":"Obtained Relic","damage_taken":0,"relics_obtained":["MealTicket"],"max_hp_gain":0,"max_hp_loss":0,"event_name":"Addict","floor":19,"gold_loss":85},{"damage_healed":0,"gold_gain":0,"player_choice":"Ignored","damage_taken":0,"max_hp_gain":0,"max_hp_loss":0,"event_name":"Ghosts","floor":20,"gold_loss":0}],"is_beta":false,"boss_relics":[{"not_picked":["Empty Cage","Ring of Chaos"],"picked":"Calling Bell"},{"not_picked":[]}],"items_purged_floors":[],"is_endless":false,"potions_floor_spawned":[1,14],"killed_by":"Shell Parasite","ascension_level":7}}