{"host":"2ica2wc1gg7guzbw","time":1610986785,"event":{"mods":["BaseMod","Colored Map","Minty Spire (QoL Compilation)","Replay The Spire","Shop Mod","StSLib"],"gold_per_floor":[119,119,142,142,154,154,186,201,228,247,204,230,243,253,253,324,324,344,361,43,43,43,43,71,85,85,85,98,98,98,98],"floor_reached":30,"language":"RUS","playtime":1332,"items_purged":[],"score":525,"play_id":"fa38d2bd-e4da-4378-8837-249d8446b758","local_time":"20210118201945","is_ascension_mode":true,"campfire_choices":[{"data":"Ball Lightning","floor":6.0,"key":"SMITH"},{"floor":15.0,"key":"REST"},{"data":"Discovery","floor":23.0,"key":"SMITH"},{"floor":27.0,"key":"REST"},{"floor":29,"key":"REST"}],"circlet_count":0,"master_deck":["AscendersBane","Strike_B","Strike_B","Strike_B","Strike_B","Defend_B","Defend_B","Defend_B","Zap","Dualcast","Ball Lightning+1","Rainbow+1","Cold Snap","Conserve Battery","Panic Button+1","Turbo","BootSequence","Fission","Steam Power","Discovery+1","BasicCrystalCard+1","Shame","Ball Lightning+1"],"relics":["Cracked Core","DataDisk","Bag of Marbles","Odd Mushroom","Philosopher\u0027s Stone","Lee\u0027s Waffle","Lantern","Anchor","Molten Egg 2"],"acts_visited":["Exordium","TheCity"],"potions_floor_usage":[28,30],"damage_taken":[{"damage":2.0,"enemies":"Jaw Worm","floor":1.0,"turns":4.0},{"damage":3.0,"enemies":"Small Slimes","floor":5.0,"turns":3.0},{"damage":35.0,"enemies":"Gremlin Nob","floor":7.0,"turns":4.0},{"damage":0.0,"enemies":"Cultist","floor":8.0,"turns":2.0},{"damage":5.0,"enemies":"Blue Slaver","floor":10.0,"turns":3.0},{"damage":8.0,"enemies":"The Mushroom Lair","floor":12.0,"turns":3.0},{"damage":8.0,"enemies":"Exordium Thugs","floor":13.0,"turns":5.0},{"damage":4.0,"enemies":"Looter","floor":14.0,"turns":3.0},{"damage":29.0,"enemies":"Slime Boss","floor":16.0,"turns":10.0},{"damage":13.0,"enemies":"3 Byrds","floor":18.0,"turns":4.0},{"damage":21.0,"enemies":"2 Thieves","floor":19.0,"turns":5.0},{"damage":60.0,"enemies":"Slavers","floor":24.0,"turns":6.0},{"damage":12.0,"enemies":"Sentry and Sphere","floor":25.0,"turns":5.0},{"damage":31,"enemies":"Shelled Parasite and Fungi","floor":28,"turns":4},{"damage":44,"enemies":"Gremlin Leader","floor":30,"turns":6}],"seed_played":"6171392979367980298","potions_obtained":[{"floor":5.0,"key":"PowerPotion"},{"floor":8.0,"key":"Adrenaline Potion"},{"floor":12.0,"key":"Adrenaline Potion"},{"floor":19.0,"key":"Reflective Coating"},{"floor":24.0,"key":"EntropicBrew"},{"floor":28,"key":"Elixir"}],"is_trial":false,"path_per_floor":["M","?","T","?","M","R","E","M","T","M","$","?","M","M","R","B",null,"M","M","$","?","?","R","E","M","T","R","M","R","E"],"character_chosen":"DEFECT","items_purchased":["Panic Button+1","Lee\u0027s Waffle","Discovery","BasicCrystalCard+1"],"campfire_rested":3,"item_purchase_floors":[11,20,20,20],"current_hp_per_floor":[76,76,76,76,73,73,38,38,38,33,33,25,17,13,38,9,66,53,32,92,92,92,92,32,20,20,47,16,43,0,0],"gold":98,"neow_bonus":"TWENTY_PERCENT_HP_BONUS","is_daily":false,"chose_seed":false,"campfire_upgraded":2,"win_rate":0.0,"timestamp":1610986785,"path_taken":["M","?","?","?","?","R","E","M","T","M","$","?","M","M","R","BOSS","M","M","$","?","?","R","E","?","T","R","?","R","E"],"items_purchased_type":["Card","Relic","Card","Card"],"build_version":"2020-12-22","purchased_purges":0,"victory":false,"max_hp_per_floor":[85,85,85,85,85,85,85,85,85,85,85,85,85,85,85,85,85,85,85,92,92,92,92,92,92,92,92,92,92,92,92],"card_choices":[{"not_picked":["Genetic Algorithm","Gash"],"picked":"Ball Lightning","floor":1.0},{"not_picked":["Panic Button","BasicCrystalCard","Double Energy"],"picked":"SKIP","floor":5.0},{"not_picked":["ReplayTheSpireMod:GoodbyeWorld","Barrage","Storm"],"picked":"SKIP","floor":7.0},{"not_picked":["Steam","Genetic Algorithm"],"picked":"Cold Snap","floor":8.0},{"not_picked":["Chaos","Gash"],"picked":"Conserve Battery","floor":10.0},{"not_picked":["Gash","Genetic Algorithm"],"picked":"Turbo","floor":12.0},{"not_picked":["Force Field","Skim","Double Energy"],"picked":"SKIP","floor":13.0},{"not_picked":["Hologram","ReplayGash"],"picked":"BootSequence","floor":14.0},{"not_picked":["All For One","Reboot"],"picked":"Fission","floor":16.0},{"not_picked":["Panic Button","Stack","Conserve Battery"],"picked":"SKIP","floor":18.0},{"not_picked":["Chaos","Leap"],"picked":"Steam Power","floor":19.0},{"not_picked":["Blizzard","Go for the Eyes","Consume"],"picked":"SKIP","floor":24.0},{"not_picked":["Gash","Rebound","Steam"],"picked":"SKIP","floor":25.0},{"not_picked":["Conserve Battery","Barrage+1"],"picked":"Ball Lightning+1","floor":28}],"player_experience":914225,"relics_obtained":[{"floor":7.0,"key":"DataDisk"},{"floor":9.0,"key":"Bag of Marbles"},{"floor":12.0,"key":"Odd Mushroom"},{"floor":24.0,"key":"Anchor"},{"floor":26.0,"key":"Molten Egg 2"}],"event_choices":[{"cards_removed":["ReplayTheSpireMod:Doomed"],"damage_healed":0.0,"max_hp_gain":0.0,"max_hp_loss":0.0,"gold_gain":0.0,"event_name":"Fountain of Cleansing","player_choice":"Removed Curses","floor":4.0,"gold_loss":0.0,"damage_taken":0.0},{"damage_healed":0.0,"max_hp_gain":0.0,"max_hp_loss":0.0,"gold_gain":0.0,"event_name":"Mushrooms","player_choice":"Fought Mushrooms","floor":12.0,"gold_loss":0.0,"damage_taken":0.0},{"damage_healed":0.0,"max_hp_gain":0.0,"max_hp_loss":0.0,"gold_gain":0.0,"event_name":"Addict","player_choice":"Stole Relic","floor":21.0,"gold_loss":0.0,"damage_taken":0.0,"relics_obtained":["Lantern"],"cards_obtained":["Shame"]}],"is_beta":false,"boss_relics":[{"not_picked":["Replay:Drink Me","Runic Dome"],"picked":"Philosopher\u0027s Stone"}],"items_purged_floors":[],"is_endless":false,"potions_floor_spawned":[5,8,12,14,19,24,28],"killed_by":"Gremlin Leader","ascension_level":20}}