{"host":"4gr5irrdjh39ysed","time":1610984220,"event":{"mods":["AchievementEnabler","BaseMod","Colored Map","Downfall","Hermit","Minty Spire (QoL Compilation)","Random Character Button","StSLib","The Construct","The Cursed","The Disciple","The Hierophant","The Mystic","The Necromancer","The Runesmith"],"gold_per_floor":[116,135,210,210,65,65,81,94,117,144,144,158,193,209,209,283,283,297,297,309,320,320,349,349,366,366,385,403,432,11,11,11,86,86,96,96,96,111,163,194,214,248,248,261,77,102,117,128,128,128,128,128,128,159,159],"floor_reached":56,"language":"ENG","playtime":3214,"items_purged":["Defend_R","Defend_R"],"score":2102,"play_id":"6f405351-7531-4525-a6b1-9a54ff1b93cb","local_time":"20210118083700","is_ascension_mode":true,"campfire_choices":[{"floor":6,"key":"RECALL"},{"data":"Fire Breathing","floor":11,"key":"SMITH"},{"data":"Flex","floor":15,"key":"SMITH"},{"data":"Corruption","floor":24,"key":"SMITH"},{"data":"Combust","floor":32,"key":"SMITH"},{"data":"Limit Break","floor":49,"key":"SMITH"},{"data":"Double Tap","floor":52,"key":"SMITH"}],"circlet_count":0,"master_deck":["AscendersBane","Bash","Anger","Reckless Charge","Fire Breathing+1","Rupture","Pommel Strike","Infernal Blade+1","Heavy Blade","Battle Trance","Shockwave","Flex+1","Corruption+1","Fire Breathing+1","Seeing Red","Combust+1","Hemokinesis","Flex+1","Dropkick","Whirlwind","Limit Break+1","Pummel","Thunderclap","Double Tap+1","Exhume","Battle Trance","Offering","Madness+1","Madness+1","Infernal Blade+1","Flex+1","Whirlwind+1","Demon Form","Hemokinesis+1","Violence+1","Whirlwind+1","Flex+1","Spot Weakness+1","Rampage+1"],"relics":["Burning Blood","War Paint","Pen Nib","Red Skull","Black Star","construct:BoolHorns","Lantern","Blood Vial","construct:FoamFinger","Meat on the Bone","Bottled Tornado","Pandora\u0027s Box","Toxic Egg 2","Gambling Chip","Blue Candle","Oddly Smooth Stone","Potion Belt","Darkstone Periapt","PreservedInsect","Prayer Wheel","Dead Branch","Bag of Marbles","StoneCalendar"],"acts_visited":["Exordium","TheCity","TheBeyond","TheEnding"],"potions_floor_usage":[10,13,16,21,27,33,40,54,55,55],"damage_taken":[{"damage":7,"enemies":"Small Slimes","floor":1,"turns":4},{"damage":12,"enemies":"Jaw Worm","floor":2,"turns":3},{"damage":6,"enemies":"Cultist","floor":7,"turns":3},{"damage":16,"enemies":"Exordium Thugs","floor":8,"turns":4},{"damage":61,"enemies":"Lagavulin","floor":10,"turns":7},{"damage":14,"enemies":"Red Slaver","floor":12,"turns":3},{"damage":35,"enemies":"Gremlin Nob","floor":13,"turns":4},{"damage":10,"enemies":"3 Louse","floor":14,"turns":3},{"damage":83,"enemies":"The Guardian","floor":16,"turns":7},{"damage":53,"enemies":"Shell Parasite","floor":18,"turns":5},{"damage":18,"enemies":"3 Byrds","floor":20,"turns":6},{"damage":74,"enemies":"Shelled Parasite and Fungi","floor":21,"turns":6},{"damage":88,"enemies":"Slavers","floor":23,"turns":6},{"damage":24,"enemies":"Snake Plant","floor":25,"turns":3},{"damage":11,"enemies":"Cultist and Chosen","floor":27,"turns":4},{"damage":48,"enemies":"Centurion and Healer","floor":28,"turns":5},{"damage":74,"enemies":"Book of Stabbing","floor":29,"turns":5},{"damage":137,"enemies":"Champ","floor":33,"turns":8},{"damage":57,"enemies":"3 Shapes","floor":35,"turns":3},{"damage":32,"enemies":"Orb Walker","floor":38,"turns":3},{"damage":38,"enemies":"2 Orb Walkers","floor":39,"turns":3},{"damage":54,"enemies":"Reptomancer","floor":40,"turns":3},{"damage":53,"enemies":"Jaw Worm Horde","floor":41,"turns":3},{"damage":92,"enemies":"Nemesis","floor":42,"turns":5},{"damage":80,"enemies":"Sphere and 2 Shapes","floor":44,"turns":4},{"damage":34,"enemies":"Giant Head","floor":46,"turns":5},{"damage":44,"enemies":"Transient","floor":47,"turns":5},{"damage":2,"enemies":"Spire Growth","floor":48,"turns":2},{"damage":89,"enemies":"Donu and Deca","floor":50,"turns":3},{"damage":46,"enemies":"Shield and Spear","floor":54,"turns":2},{"damage":111,"enemies":"The Heart","floor":55,"turns":4}],"seed_played":"4938784216798049705","potions_obtained":[{"floor":7,"key":"Explosive Potion"},{"floor":12,"key":"Fruit Juice"},{"floor":13,"key":"AttackPotion"},{"floor":16,"key":"Swift Potion"},{"floor":20,"key":"SpeedPotion"},{"floor":21,"key":"BlessingOfTheForge"},{"floor":27,"key":"bronze:BurnAndBuffPotion"},{"floor":38,"key":"Strength Potion"},{"floor":40,"key":"champ:CounterPotion"},{"floor":46,"key":"Explosive Potion"},{"floor":47,"key":"Strength Potion"}],"is_trial":false,"path_per_floor":["M","M","?","?","$","R","M","M","T","E","R","M","E","M","R","B",null,"M","?","M","M","T","E","R","M","T","M","M","E","$","$","R","B",null,"M","T","?","M","?","E","M","E","T","M","$","E","M","M","R","B",null,"R","$","E","B",null],"character_chosen":"IRONCLAD","items_purchased":["Rupture","Whirlwind","Bottled Tornado","Violence+1"],"campfire_rested":0,"item_purchase_floors":[5,30,30,45],"current_hp_per_floor":[2067,2061,2050,2043,2043,2043,2043,2033,2033,1978,1978,1970,1946,1942,1942,1865,2026,1979,1979,1967,1899,1899,1817,1817,1801,1801,1798,1758,1692,1692,1692,1692,1563,1951,1902,1902,1642,1618,1588,1542,1497,1413,1413,1341,1341,1315,1279,1285,1285,1204,1861,1861,1861,1823,1720],"gold":159,"neow_bonus":"THREE_CARDS","is_daily":false,"chose_seed":false,"campfire_upgraded":6,"win_rate":0.0,"timestamp":1610984220,"path_taken":["M","M","?","?","$","R","M","M","T","E","R","M","E","M","R","BOSS","M","?","M","?","?","E","R","M","T","M","M","E","?","$","R","BOSS","M","?","?","M","?","E","M","E","T","M","$","E","?","M","R","BOSS","R","$","E","BOSS"],"items_purchased_type":["Card","Card","Relic","Card"],"build_version":"2020-12-22","purchased_purges":2,"victory":true,"max_hp_per_floor":[2075,2075,2075,2075,2075,2075,2075,2075,2075,2075,2075,2075,2080,2080,2080,2080,2080,2080,2080,2080,2080,2080,2080,2080,2080,2080,2080,2080,2080,2080,2080,2080,2080,2080,2080,2080,2080,2080,2080,2080,2080,2080,2080,2080,2080,2080,2080,2080,2080,2080,2080,2080,2080,2080,2080],"card_choices":[{"not_picked":["Power Through","Thunderclap"],"picked":"Anger","floor":0},{"not_picked":["Cleave","Sword Boomerang"],"picked":"Reckless Charge","floor":1},{"not_picked":["Anger","Cleave"],"picked":"Fire Breathing","floor":2},{"not_picked":["Shockwave","Clash"],"picked":"Pommel Strike","floor":7},{"not_picked":["Rupture","Thunderclap"],"picked":"Infernal Blade","floor":8},{"not_picked":["Barricade","Sword Boomerang"],"picked":"Heavy Blade","floor":10},{"not_picked":["Entrench","Anger"],"picked":"Battle Trance","floor":12},{"not_picked":["Anger","Havoc"],"picked":"Shockwave","floor":13},{"not_picked":["Havoc","Anger"],"picked":"Flex","floor":14},{"not_picked":["Feed","Barricade"],"picked":"Corruption","floor":16},{"not_picked":["Armaments","Body Slam","Warcry+1"],"picked":"SKIP","floor":18},{"not_picked":["Armaments+1","Blood for Blood"],"picked":"Seeing Red","floor":20},{"not_picked":["Inflame","Clash"],"picked":"Combust","floor":21},{"not_picked":["Pommel Strike","Shrug It Off","Ghostly Armor"],"picked":"SKIP","floor":23},{"not_picked":["Shockwave+1","Entrench"],"picked":"Hemokinesis","floor":25},{"not_picked":["Warcry","Clothesline","Armaments"],"picked":"SKIP","floor":27},{"not_picked":["Juggernaut","Anger"],"picked":"Flex+1","floor":28},{"not_picked":["Intimidate","Burning Pact"],"picked":"Dropkick","floor":29},{"not_picked":["Double Tap","Impervious"],"picked":"Limit Break","floor":33},{"not_picked":["Twin Strike","Body Slam","Battle Trance"],"picked":"SKIP","floor":35},{"not_picked":["Thunderclap","Battle Trance+1","Shrug It Off+1"],"picked":"SKIP","floor":38},{"not_picked":["Disarm+1","Searing Blow+1"],"picked":"Infernal Blade+1","floor":39},{"not_picked":["Body Slam","Armaments+1"],"picked":"Flex+1","floor":40},{"not_picked":["Shrug It Off+1","Headbutt"],"picked":"Whirlwind+1","floor":41},{"not_picked":["Impervious+1","Perfected Strike"],"picked":"Demon Form","floor":42},{"not_picked":["Iron Wave","Headbutt"],"picked":"Hemokinesis+1","floor":44},{"not_picked":["Evolve+1","Shrug It Off+1"],"picked":"Whirlwind+1","floor":46},{"not_picked":["Entrench+1","Sword Boomerang"],"picked":"Flex+1","floor":47},{"not_picked":["Hemokinesis","Body Slam","Reckless Charge"],"picked":"SKIP","floor":47},{"not_picked":["Iron Wave+1","Heavy Blade"],"picked":"Spot Weakness+1","floor":48},{"not_picked":["Body Slam","Clothesline+1","Armaments+1"],"picked":"SKIP","floor":48},{"not_picked":["Twin Strike","Clothesline"],"picked":"Rampage+1","floor":54}],"player_experience":220134,"relics_obtained":[{"floor":9,"key":"War Paint"},{"floor":10,"key":"Pen Nib"},{"floor":13,"key":"Red Skull"},{"floor":22,"key":"construct:BoolHorns"},{"floor":23,"key":"Lantern"},{"floor":23,"key":"Blood Vial"},{"floor":29,"key":"construct:FoamFinger"},{"floor":29,"key":"Meat on the Bone"},{"floor":36,"key":"Toxic Egg 2"},{"floor":39,"key":"Gambling Chip"},{"floor":40,"key":"Blue Candle"},{"floor":40,"key":"Oddly Smooth Stone"},{"floor":42,"key":"Potion Belt"},{"floor":42,"key":"Darkstone Periapt"},{"floor":43,"key":"PreservedInsect"},{"floor":46,"key":"Prayer Wheel"},{"floor":46,"key":"Dead Branch"},{"floor":54,"key":"Bag of Marbles"},{"floor":54,"key":"StoneCalendar"}],"event_choices":[{"damage_healed":0,"gold_gain":75,"player_choice":"Gather Gold","damage_taken":11,"max_hp_gain":0,"max_hp_loss":0,"event_name":"World of Goop","floor":3,"gold_loss":0},{"cards_removed":["Defend_R"],"damage_healed":0,"gold_gain":0,"player_choice":"Card Removal","damage_taken":7,"max_hp_gain":0,"max_hp_loss":0,"event_name":"Golden Wing","floor":4,"gold_loss":0},{"damage_healed":0,"gold_gain":0,"player_choice":"Copied","damage_taken":0,"max_hp_gain":0,"max_hp_loss":0,"event_name":"Duplicator","floor":19,"gold_loss":0,"cards_obtained":["Fire Breathing"]},{"damage_healed":0,"gold_gain":0,"player_choice":"Embrace Madness","damage_taken":260,"max_hp_gain":0,"max_hp_loss":0,"event_name":"Winding Halls","floor":37,"gold_loss":0,"cards_obtained":["Madness","Madness"]},{"damage_healed":0,"gold_gain":0,"player_choice":"Fight","damage_taken":0,"max_hp_gain":0,"max_hp_loss":0,"event_name":"Mysterious Sphere","floor":39,"gold_loss":0}],"is_beta":false,"boss_relics":[{"not_picked":["Velvet Choker","SlaversCollar"],"picked":"Black Star"},{"not_picked":["Empty Cage","Fusion Hammer"],"picked":"Pandora\u0027s Box"}],"items_purged_floors":[5,30],"is_endless":false,"potions_floor_spawned":[7,12,13,16,20,21,27,38,40,46,47,48],"ascension_level":14}}