{"host":"s41rn2jhghpwfrvz","time":1610955980,"event":{"mods":["BaseMod","Minty Spire (QoL Compilation)","Quick Restart","Relic Stats","SuperFastMode"],"gold_per_floor":[118,130,142,142,155,181,181,214,262,297,297,313,346,346,346,425,425,437,456,468,393,428,456,1,29,29,47,57,57,84,117,117,193,193,205,253,272,287,304,331,343,368,368,398,410,410,438,451,451,451,451,451,451,102,133,133],"floor_reached":57,"language":"ENG","playtime":1689,"items_purged":["Predator","Seeing Red"],"score":3778,"play_id":"d6cb5847-9e49-4e13-8311-e10a4100e9ae","local_time":"20210118094620","daily_mods":["SealedDeck","Diverse","DeadlyEvents"],"is_ascension_mode":true,"campfire_choices":[{"data":"Recycle","floor":7.0,"key":"SMITH"},{"data":"Wallop","floor":11.0,"key":"SMITH"},{"data":"Shockwave","floor":15.0,"key":"SMITH"},{"data":"Pommel Strike","floor":32.0,"key":"SMITH"},{"floor":46.0,"key":"RECALL"},{"data":"TalkToTheHand","floor":49.0,"key":"SMITH"},{"data":"Tantrum","floor":53.0,"key":"SMITH"}],"circlet_count":0,"master_deck":["AscendersBane","Tantrum+1","FearNoEvil","Wallop+1","Shockwave+1","Recycle+1","Evolve","Pommel Strike+1","Flash of Steel","Adrenaline","After Image","Blur","TalkToTheHand+1"],"relics":["Burning Blood","Letter Opener","Singing Bowl","Orichalcum","MealTicket","Tiny Chest","SlaversCollar","Red Mask","Shuriken","Membership Card","Turnip","White Beast Statue","Mercury Hourglass","Charon\u0027s Ashes","Coffee Dripper","FossilizedHelix","HornCleat","Paper Frog","Kunai","Pantograph","Pen Nib","Anchor","HandDrill","Blue Candle"],"acts_visited":["Exordium","TheCity","TheBeyond","TheEnding"],"potions_floor_usage":[56,56],"damage_taken":[{"damage":4.0,"enemies":"Small Slimes","floor":1.0,"turns":3.0},{"damage":13.0,"enemies":"Jaw Worm","floor":2.0,"turns":3.0},{"damage":0.0,"enemies":"2 Louse","floor":3.0,"turns":2.0},{"damage":0.0,"enemies":"2 Fungi Beasts","floor":5.0,"turns":2.0},{"damage":0.0,"enemies":"Lagavulin","floor":6.0,"turns":3.0},{"damage":20.0,"enemies":"3 Sentries","floor":8.0,"turns":4.0},{"damage":0.0,"enemies":"Lagavulin","floor":10.0,"turns":4.0},{"damage":2.0,"enemies":"Looter","floor":12.0,"turns":2.0},{"damage":10.0,"enemies":"Gremlin Nob","floor":13.0,"turns":4.0},{"damage":0.0,"enemies":"The Guardian","floor":16.0,"turns":5.0},{"damage":16.0,"enemies":"2 Thieves","floor":18.0,"turns":3.0},{"damage":0.0,"enemies":"Chosen","floor":19.0,"turns":2.0},{"damage":3.0,"enemies":"Centurion and Healer","floor":20.0,"turns":3.0},{"damage":2.0,"enemies":"Masked Bandits","floor":22.0,"turns":3.0},{"damage":1.0,"enemies":"Gremlin Leader","floor":23.0,"turns":3.0},{"damage":0.0,"enemies":"Slavers","floor":25.0,"turns":3.0},{"damage":0.0,"enemies":"Cultist and Chosen","floor":27.0,"turns":3.0},{"damage":0.0,"enemies":"Snecko","floor":28.0,"turns":2.0},{"damage":9.0,"enemies":"Book of Stabbing","floor":31.0,"turns":3.0},{"damage":7.0,"enemies":"Champ","floor":33.0,"turns":3.0},{"damage":0.0,"enemies":"3 Darklings","floor":35.0,"turns":2.0},{"damage":14.0,"enemies":"2 Orb Walkers","floor":36.0,"turns":3.0},{"damage":0.0,"enemies":"Orb Walker","floor":37.0,"turns":2.0},{"damage":0.0,"enemies":"Transient","floor":38.0,"turns":5.0},{"damage":6.0,"enemies":"Writhing Mass","floor":39.0,"turns":3.0},{"damage":0.0,"enemies":"Giant Head","floor":40.0,"turns":3.0},{"damage":0.0,"enemies":"3 Darklings","floor":41.0,"turns":2.0},{"damage":0.0,"enemies":"Reptomancer","floor":42.0,"turns":3.0},{"damage":0.0,"enemies":"Giant Head","floor":44.0,"turns":4.0},{"damage":0.0,"enemies":"Sphere and 2 Shapes","floor":45.0,"turns":3.0},{"damage":0.0,"enemies":"Nemesis","floor":47.0,"turns":3.0},{"damage":0.0,"enemies":"Transient","floor":48.0,"turns":6.0},{"damage":0.0,"enemies":"Awakened One","floor":50.0,"turns":7.0},{"damage":0.0,"enemies":"Time Eater","floor":51.0,"turns":5.0},{"damage":45,"enemies":"Shield and Spear","floor":55,"turns":3},{"damage":0,"enemies":"The Heart","floor":56,"turns":6}],"seed_played":"4312334541267956002","potions_obtained":[{"floor":5.0,"key":"Fire Potion"},{"floor":6.0,"key":"SkillPotion"},{"floor":25.0,"key":"Explosive Potion"},{"floor":36.0,"key":"DuplicationPotion"},{"floor":39.0,"key":"DistilledChaos"},{"floor":47.0,"key":"PowerPotion"}],"is_trial":true,"path_per_floor":["M","M","M","?","M","E","R","E","T","E","R","M","E","?","R","B",null,"M","M","M","$","?","E","$","E","T","M","M","?","T","E","R","B",null,"M","?","M","M","M","E","M","E","T","E","M","R","E","M","R","B","B",null,"R","$","E","B",null],"character_chosen":"IRONCLAD","items_purchased":["Membership Card","Flash of Steel","Turnip","Adrenaline","Anchor","HandDrill","Blue Candle"],"campfire_rested":0,"item_purchase_floors":[24,24,24,24,54,54,54],"current_hp_per_floor":[70,63,69,74,80,80,80,68,68,76,76,82,80,73,73,81,88,80,88,93,96,98,100,100,102,102,104,106,106,106,105,105,106,109,112,106,114,118,120,120,120,122,122,124,126,126,126,128,128,128,128,128,128,128,91,122],"gold":133,"neow_bonus":"","is_daily":false,"chose_seed":false,"campfire_upgraded":6,"win_rate":0.0,"timestamp":1610955980,"path_taken":["M","M","M","?","M","E","R","E","T","E","R","?","?","?","R","BOSS","M","M","M","$","?","E","$","E","T","M","M","?","?","E","R","BOSS","M","?","?","M","M","E","M","E","T","E","M","R","E","M","R","BOSS","BOSS","R","$","E","BOSS"],"items_purchased_type":["Relic","Card","Relic","Card","Relic","Relic","Relic"],"build_version":"2020-12-22","purchased_purges":2,"victory":true,"max_hp_per_floor":[75,75,75,80,80,80,80,82,82,84,84,86,88,88,88,90,90,92,94,96,96,98,100,100,102,102,104,106,106,106,108,108,110,110,112,114,116,118,120,120,120,122,122,124,126,126,126,128,128,128,128,128,128,128,130,130],"relic_stats":{"Singing Bowl":50,"counters":[36,120],"Blue Candle":[0],"Charon\u0027s Ashes":[379],"Pen Nib":[10],"Letter Opener":[115],"Orichalcum":[126],"Burning Blood":120,"Mercury Hourglass":[271],"Shuriken":[71],"Pantograph":25,"MealTicket":3,"Tiny Chest":1,"Turnip":[5],"HandDrill":[2],"Kunai":[33],"obtain_stats":[{"Singing Bowl":8,"Blue Candle":54,"Charon\u0027s Ashes":31,"Pen Nib":47,"Letter Opener":6,"Orichalcum":9,"Burning Blood":0,"White Beast Statue":25,"Mercury Hourglass":26,"SlaversCollar":17,"Anchor":54,"HornCleat":40,"Shuriken":23,"Pantograph":44,"MealTicket":10,"Tiny Chest":13,"Turnip":24,"Red Mask":22,"Coffee Dripper":34,"HandDrill":54,"Membership Card":24,"Kunai":43,"FossilizedHelix":36,"Paper Frog":42},{"Singing Bowl":6,"Blue Candle":34,"Charon\u0027s Ashes":19,"Pen Nib":31,"Letter Opener":5,"Orichalcum":6,"Burning Blood":0,"White Beast Statue":16,"Mercury Hourglass":16,"SlaversCollar":10,"Anchor":34,"HornCleat":26,"Shuriken":15,"Pantograph":29,"MealTicket":7,"Tiny Chest":9,"Turnip":15,"Red Mask":14,"Coffee Dripper":20,"HandDrill":34,"Membership Card":15,"Kunai":28,"FossilizedHelix":22,"Paper Frog":28},{"Singing Bowl":17,"Blue Candle":111,"Charon\u0027s Ashes":57,"Pen Nib":93,"Letter Opener":13,"Orichalcum":17,"Burning Blood":0,"White Beast Statue":49,"Mercury Hourglass":49,"SlaversCollar":32,"Anchor":111,"HornCleat":78,"Shuriken":46,"Pantograph":87,"MealTicket":21,"Tiny Chest":27,"Turnip":46,"Red Mask":43,"Coffee Dripper":60,"HandDrill":111,"Membership Card":46,"Kunai":83,"FossilizedHelix":65,"Paper Frog":83}]},"card_choices":[{"not_picked":["Concentrate","Perseverance","CutThroughFate"],"picked":"SKIP","floor":1.0},{"not_picked":["Headbutt","Evaluate","Pray"],"picked":"SKIP","floor":2.0},{"not_picked":["ClearTheMind","Deflect","Ghostly Armor"],"picked":"SKIP","floor":3.0},{"not_picked":["EmptyFist","BowlingBash","Beam Cell"],"picked":"SKIP","floor":5.0},{"not_picked":["Iron Wave","Ragnarok","Rainbow"],"picked":"SKIP","floor":6.0},{"not_picked":["Nirvana","Clash","Sucker Punch"],"picked":"Singing Bowl","floor":8.0},{"not_picked":["Protect","Disarm","Blizzard"],"picked":"Singing Bowl","floor":10.0},{"not_picked":["CutThroughFate","Feel No Pain","Rebound"],"picked":"Singing Bowl","floor":12.0},{"not_picked":["Steam","BowlingBash","Chaos"],"picked":"Singing Bowl","floor":13.0},{"not_picked":["Grand Finale","Wish","MasterReality"],"picked":"Singing Bowl","floor":16.0},{"not_picked":["Clothesline","Power Through","Cleave"],"picked":"Singing Bowl","floor":18.0},{"not_picked":["Prostrate","Dagger Throw","Melter"],"picked":"Singing Bowl","floor":19.0},{"not_picked":["CrushJoints+1","Sucker Punch","WindmillStrike"],"picked":"Singing Bowl","floor":20.0},{"not_picked":["Leap","Prepared","Coolheaded"],"picked":"Singing Bowl","floor":22.0},{"not_picked":["Sentinel","EmptyBody","Gash"],"picked":"Singing Bowl","floor":23.0},{"not_picked":["Body Slam","Blood for Blood","Twin Strike+1"],"picked":"Singing Bowl","floor":25.0},{"not_picked":["Tactician","Cold Snap","Havoc"],"picked":"Singing Bowl","floor":27.0},{"not_picked":["Deflect","PathToVictory","Wraith Form v2"],"picked":"Singing Bowl","floor":28.0},{"not_picked":["SandsOfTime","Dual Wield","Stack"],"picked":"Singing Bowl","floor":31.0},{"not_picked":["Immolate","Burst","Electrodynamics"],"picked":"Singing Bowl","floor":33.0},{"not_picked":["Weave","FollowUp","Lockon+1"],"picked":"Singing Bowl","floor":35.0},{"not_picked":["Crescendo","ClearTheMind","PathToVictory+1"],"picked":"Singing Bowl","floor":36.0},{"not_picked":["Sweeping Beam","Dagger Spray","Prostrate"],"picked":"Singing Bowl","floor":37.0},{"not_picked":["Steam+1","Underhanded Strike","Bane"],"picked":"Singing Bowl","floor":38.0},{"not_picked":["Infernal Blade","Underhanded Strike","EmptyBody"],"picked":"Singing Bowl","floor":39.0},{"not_picked":["Wild Strike","ForeignInfluence"],"picked":"After Image","floor":40.0},{"not_picked":["Deflect","Flying Knee"],"picked":"Blur","floor":41.0},{"not_picked":["Sucker Punch+1","Combust","Slice"],"picked":"Singing Bowl","floor":42.0},{"not_picked":["Tactician","Setup","Heel Hook"],"picked":"Singing Bowl","floor":44.0},{"not_picked":["Deadly Poison","Reckless Charge","Compile Driver"],"picked":"Singing Bowl","floor":45.0},{"not_picked":["Heavy Blade","Flex"],"picked":"TalkToTheHand","floor":47.0},{"not_picked":["Devotion","Heavy Blade","Crescendo+1"],"picked":"Singing Bowl","floor":48.0},{"not_picked":["Chill","Fire Breathing","ForeignInfluence"],"picked":"Singing Bowl","floor":55}],"player_experience":1782155,"relics_obtained":[{"floor":6.0,"key":"Letter Opener"},{"floor":8.0,"key":"Singing Bowl"},{"floor":9.0,"key":"Orichalcum"},{"floor":10.0,"key":"MealTicket"},{"floor":13.0,"key":"Tiny Chest"},{"floor":22.0,"key":"Red Mask"},{"floor":23.0,"key":"Shuriken"},{"floor":25.0,"key":"White Beast Statue"},{"floor":26.0,"key":"Mercury Hourglass"},{"floor":31.0,"key":"Charon\u0027s Ashes"},{"floor":36.0,"key":"FossilizedHelix"},{"floor":40.0,"key":"HornCleat"},{"floor":42.0,"key":"Paper Frog"},{"floor":43.0,"key":"Kunai"},{"floor":44.0,"key":"Pantograph"},{"floor":47.0,"key":"Pen Nib"}],"event_choices":[{"damage_healed":0.0,"max_hp_gain":5.0,"max_hp_loss":0.0,"gold_gain":0.0,"event_name":"Big Fish","player_choice":"Donut","floor":4.0,"gold_loss":0.0,"damage_taken":0.0},{"cards_removed":["Go for the Eyes"],"damage_healed":0.0,"max_hp_gain":0.0,"max_hp_loss":0.0,"gold_gain":0.0,"event_name":"Golden Wing","player_choice":"Card Removal","floor":14.0,"gold_loss":0.0,"damage_taken":7.0},{"damage_healed":0.0,"max_hp_gain":0.0,"max_hp_loss":0.0,"gold_gain":0.0,"event_name":"Masked Bandits","player_choice":"Fought Bandits","floor":22.0,"gold_loss":0.0,"damage_taken":0.0},{"damage_healed":0.0,"max_hp_gain":0.0,"max_hp_loss":0.0,"gold_gain":0.0,"event_name":"Ghosts","player_choice":"Ignored","floor":29.0,"gold_loss":0.0,"damage_taken":0.0},{"damage_healed":0.0,"max_hp_gain":0.0,"max_hp_loss":0.0,"gold_gain":0.0,"event_name":"Mysterious Sphere","player_choice":"Fight","floor":36.0,"gold_loss":0.0,"damage_taken":0.0}],"is_beta":false,"boss_relics":[{"not_picked":["Runic Dome","Mark of Pain"],"picked":"SlaversCollar"},{"not_picked":["Astrolabe","Runic Cube"],"picked":"Coffee Dripper"}],"items_purged_floors":[21,54],"is_endless":false,"potions_floor_spawned":[5,6,12,13,16,19,22,23,25,27,28,31,33,35,36,37,38,39,40,41,42,44,45,47,48,55],"ascension_level":20}}