{"host":"uimu98mr9zvwuo5s","time":1610979149,"event":{"mods":["Aspiration","BaseMod","BetterRewards","Conspire","Defective Defect","GifTheSpireLib","Gremlin Mod","Highlight Path","Hubris","Infinite Spire","Jedi Mod","Minty Spire (QoL Compilation)","Replay The Spire","Shop Mod","StSLib","Stuff the Spire","Uncapped"],"gold_per_floor":[115,115,166,181,191,226,226,243,324,274,287,287,287,303,303,408,408,424,424],"floor_reached":18,"language":"ENG","playtime":1418,"items_purged":[],"score":214,"play_id":"bd30f1a8-8a49-4559-bac1-f9ed91483ccc","local_time":"20210118091229","is_ascension_mode":false,"campfire_choices":[{"data":"Accuracy","floor":7,"key":"SMITH"},{"data":"After Image","floor":15,"key":"SMITH"}],"circlet_count":0,"master_deck":["Strike_G","Strike_G","Strike_G+1","Strike_G","Defend_G","Defend_G","Defend_G+1","Defend_G","Defend_G","Survivor","Neutralize","Accuracy+1","After Image+1","Concentrate","Envenom","Storm of Steel","ReplayTheSpireMod:The Works","A Thousand Cuts","Accuracy+1","AbeCurse"],"relics":["Ring of the Snake","Tough Bandages","MerchantsRug","Molten Egg 2","infinitespire:Satchel","Bottled Tornado","Replay:Wax Seal","aspiration:Lifesprig","conspire:DeflatedDodgeball","Simple Rune","Orichalcum","StuffTheSpire:EmeraldSignet","hubris:Icosahedron","Paper Crane","conspire:RunicOctahedron","Abe\u0027s Treasure"],"acts_visited":["Exordium","TheCity"],"potions_floor_usage":[16,16,16],"damage_taken":[{"damage":0,"enemies":"Small Slimes","floor":1,"turns":6},{"damage":12,"enemies":"Jaw Worm","floor":4,"turns":5},{"damage":0,"enemies":"Cultist","floor":5,"turns":5},{"damage":12,"enemies":"Gremlin Nob","floor":6,"turns":6},{"damage":0,"enemies":"Large Slime","floor":8,"turns":6},{"damage":1,"enemies":"2 Fungi Beasts","floor":11,"turns":4},{"damage":13,"enemies":"3 Louse","floor":14,"turns":5},{"damage":10,"enemies":"Hexaghost","floor":16,"turns":6},{"damage":0,"enemies":"Spheric Guardian","floor":18,"turns":4}],"seed_played":"2316227476041391381","potions_obtained":[{"floor":1,"key":"PowerPotion"},{"floor":4,"key":"ColorlessPotion"},{"floor":11,"key":"AttackPotion"},{"floor":18,"key":"jedi:tentaclejuice"}],"is_trial":false,"path_per_floor":["M","?","T","M","M","E","R","M","T","?","M","?","T","M","R","B",null,"M"],"character_chosen":"THE_SILENT","items_purchased":["Tough Bandages","MerchantsRug","Molten Egg 2","Accuracy","After Image","infinitespire:Satchel","Bottled Tornado","Concentrate","Replay:Wax Seal","aspiration:Lifesprig","Envenom","conspire:DeflatedDodgeball"],"campfire_rested":0,"item_purchase_floors":[0,0,0,0,0,0,0,0,0,0,0,0],"current_hp_per_floor":[70,75,75,63,63,51,51,51,51,51,50,50,50,37,37,27,75,75,75],"gold":424,"neow_bonus":"","is_daily":false,"chose_seed":false,"campfire_upgraded":2,"win_rate":0.0,"timestamp":1610979149,"path_taken":["M","?","?","M","?","E","R","M","T","?","M","?","?","M","R","BOSS","M"],"items_purchased_type":["Relic","Relic","Relic","Card","Card","Relic","Relic","Card","Relic","Relic","Card","Relic"],"build_version":"2020-12-22","purchased_purges":0,"victory":false,"max_hp_per_floor":[70,75,75,75,75,75,75,75,75,75,75,75,75,75,75,75,75,75,75],"card_choices":[{"not_picked":["Dagger Spray+1","Well Laid Plans","StuffTheSpire:BumpUp+1"],"picked":"SKIP","floor":1},{"not_picked":["Backflip","Terror","Backstab+1"],"picked":"SKIP","floor":4},{"not_picked":["jedi:pocketpoison","Flying Knee+1","hubris:SlightOfHand"],"picked":"SKIP","floor":5},{"not_picked":["Deadly Poison","Prepared"],"picked":"Storm of Steel","floor":6},{"not_picked":["Acrobatics","Cloak And Dagger","Outmaneuver"],"picked":"SKIP","floor":8},{"not_picked":["StuffTheSpire:ClusterCrunch+1","Skewer+1"],"picked":"ReplayTheSpireMod:The Works","floor":11},{"not_picked":["jedi:studypoison","StuffTheSpire:Python","Sucker Punch+1"],"picked":"SKIP","floor":14},{"not_picked":["ReplayTheSpireMod:From All Sides+1","Doppelganger"],"picked":"A Thousand Cuts","floor":16},{"not_picked":["Flying Knee+1","Slice+1"],"picked":"Accuracy+1","floor":18}],"player_experience":234881,"relics_obtained":[{"floor":3,"key":"Simple Rune"},{"floor":6,"key":"Orichalcum"},{"floor":9,"key":"StuffTheSpire:EmeraldSignet"},{"floor":13,"key":"Paper Crane"}],"event_choices":[{"damage_healed":0,"gold_gain":0,"player_choice":"Donut","damage_taken":0,"max_hp_gain":5,"max_hp_loss":0,"event_name":"Big Fish","floor":2,"gold_loss":0},{"cards_removed":["Strike_G"],"damage_healed":0,"gold_gain":0,"player_choice":"Card Removal","damage_taken":0,"max_hp_gain":0,"max_hp_loss":0,"event_name":"The Cleric","floor":10,"gold_loss":50}],"is_beta":false,"boss_relics":[{"not_picked":["StuffTheSpire:RunicConfusion","conspire:SlowCooker"],"picked":"conspire:RunicOctahedron"}],"items_purged_floors":[],"is_endless":false,"potions_floor_spawned":[1,4,11,18],"killed_by":"Spheric Guardian","ascension_level":0}}