{"host":"u7y6mp3waw4jt65j","time":1610973408,"event":{"mods":["ATMod(°¢èªMod)","Aspiration","BaseMod","Conspire","Dota2Spire","Jedi Mod","Minty Spire (QoL Compilation)","Replay The Spire","StSLib","¡¾ÒÅÎï¿¨ÅÆ¡¿REMEMod"],"gold_per_floor":[110,110,122,122,11,38,38,70,70,70,87,87,87,113,113,190,190,209,209,226,226,226,257,257,269,322,349,228,328,348,365,365,444,444,459,459,484,502,517,517,517,517,542,570,570,600,628,643,643,643],"floor_reached":51,"language":"ZHS","playtime":2648,"items_purged":["Pain"],"score":1485,"play_id":"14a1a574-5e8f-422d-8df9-58ee33f9d9ec","local_time":"20210118203648","is_ascension_mode":true,"campfire_choices":[{"data":"REME_Shoggoth","floor":7,"key":"SMITH"},{"data":"Armaments","floor":24,"key":"SMITH"},{"data":"Inflame","floor":32,"key":"SMITH"},{"data":"Limit Break","floor":41,"key":"SMITH"},{"data":"Pummel","floor":45,"key":"SMITH"},{"floor":49,"key":"REST"}],"circlet_count":0,"master_deck":["AscendersBane","Strike_R+1","Strike_R+1","Strike_R+2","Strike_R+1","Strike_R+2","Defend_R+1","Defend_R+1","Defend_R+1","Defend_R+1","Bash","REME_Shoggoth+1","AT_FamilyPortrait+1","AT_DrawKnifeCut","Inflame+1","Pummel+1","Armaments+1","Parasite","Impervious","Twin Strike","Twin Strike","ReplayTheSpireMod:Muscle Training+1","Limit Break+1","AT_DiedThrough+1","ReplayTheSpireMod:Muscle Training","Armaments+1","Bloodletting","Immolate","Consecrate","Pommel Strike+1","Consecrate","Seeing Red+1","Twin Strike","REME_CRH","Whirlwind"],"relics":["Burning Blood","AT_ATBox","REME_ComplimentaryCards","NeowsBlessing","Divine Protection","Ring of Peace","ReplayTheSpireMod:Ring of Exchange","ReplayTheSpireMod:CursedCoin","Frozen Egg 2","Onion Ring","FossilizedHelix","Smiling Mask","AT_GoldPhoenixTree","aspiration:PoetsPen_weak","WarpedTongs","Letter Opener","Dota2Spire:BladeMail","King of Hearts","Omamori","Dota2Spire:DivineRapier","jedi:leech","aspiration:WatcherSkillbook","AT_RabadonDeathcap","Lantern","Simple Rune","AT_EbonyIvory","BranchBurnRelic"],"acts_visited":["Exordium","TheCity","TheBeyond"],"potions_floor_usage":[33],"damage_taken":[{"damage":0,"enemies":"2 Louse","floor":1,"turns":1},{"damage":0,"enemies":"Jaw Worm","floor":3,"turns":1},{"damage":0,"enemies":"Gremlin Nob","floor":6,"turns":1},{"damage":45,"enemies":"Lagavulin","floor":8,"turns":7},{"damage":0,"enemies":"Small Slimes","floor":11,"turns":2},{"damage":0,"enemies":"Gremlin Nob","floor":14,"turns":4},{"damage":58,"enemies":"Hexaghost","floor":16,"turns":8},{"damage":0,"enemies":"Chosen","floor":18,"turns":5},{"damage":0,"enemies":"Spheric Guardian","floor":20,"turns":2},{"damage":3,"enemies":"REME_1_Revenger","floor":23,"turns":4},{"damage":19,"enemies":"Cultist and Chosen","floor":25,"turns":4},{"damage":21,"enemies":"Gremlin Leader","floor":27,"turns":4},{"damage":0,"enemies":"Colosseum Slavers","floor":29,"turns":2},{"damage":0,"enemies":"Colosseum Nobs","floor":29,"turns":2},{"damage":0,"enemies":"Snecko","floor":30,"turns":2},{"damage":0,"enemies":"Shelled Parasite and Fungi","floor":31,"turns":3},{"damage":56,"enemies":"conspire:MysteriousRune","floor":33,"turns":4},{"damage":0,"enemies":"Orb Walker","floor":35,"turns":2},{"damage":0,"enemies":"Mind Bloom Boss Battle","floor":37,"turns":1},{"damage":0,"enemies":"3 Darklings","floor":38,"turns":3},{"damage":0,"enemies":"4 Shapes","floor":39,"turns":1},{"damage":0,"enemies":"Giant Head","floor":44,"turns":2},{"damage":81,"enemies":"Nemesis","floor":46,"turns":7},{"damage":0,"enemies":"Sphere and 2 Shapes","floor":48,"turns":1},{"damage":15,"enemies":"Awakened One","floor":50,"turns":5}],"seed_played":"4435909894445506864","potions_obtained":[{"floor":3,"key":"jedi:tentaclejuice"},{"floor":6,"key":"Regen Potion"},{"floor":8,"key":"PowerPotion"},{"floor":14,"key":"FairyPotion"},{"floor":33,"key":"BloodPotion"},{"floor":35,"key":"SpeedPotion"},{"floor":44,"key":"Weak Potion"}],"is_trial":false,"path_per_floor":["M","?","M","?","$","E","R","E","T","?","M","$","?","E","R","B",null,"M","?","M","?","?","E","R","M","T","E","$","?","M","M","R","B",null,"M","$","?","M","M","?","R","?","T","E","R","E","?","M","R","B",null],"character_chosen":"IRONCLAD","items_purchased":["ReplayTheSpireMod:CursedCoin","Frozen Egg 2","ReplayTheSpireMod:Muscle Training"],"campfire_rested":1,"item_purchase_floors":[5,5,28],"current_hp_per_floor":[78,78,80,80,80,80,80,41,41,41,47,47,67,73,80,28,67,73,73,79,79,79,80,80,67,67,52,52,64,70,76,76,42,71,77,77,80,80,80,76,76,76,76,76,76,28,7,13,35,40],"gold":643,"neow_bonus":"THREE_ENEMY_KILL","is_daily":false,"chose_seed":false,"campfire_upgraded":5,"win_rate":0.0,"timestamp":1610973408,"path_taken":["M","?","M","?","?","E","R","E","T","?","?","$","?","E","R","BOSS","M","?","M","?","?","E","R","?","T","E","$","?","M","M","R","BOSS","M","$","?","M","M","?","R","?","T","E","R","E","?","M","R","BOSS"],"items_purchased_type":["Relic","Relic","Card"],"build_version":"2020-12-22","purchased_purges":1,"victory":true,"max_hp_per_floor":[80,80,80,80,80,80,80,80,80,80,80,80,80,80,80,80,80,80,80,80,80,80,80,80,80,80,80,80,80,80,80,80,80,80,80,80,80,80,80,76,76,76,76,76,76,76,76,76,76,76],"card_choices":[{"not_picked":["jedi:controlledanger","Flex"],"picked":"AT_DrawKnifeCut","floor":1},{"not_picked":["Clothesline","AT_GerminateFire"],"picked":"Inflame","floor":3},{"not_picked":["Dual Wield","Entrench","Ghostly Armor"],"picked":"SKIP","floor":6},{"not_picked":["AT_BodySlamDance","Body Slam"],"picked":"Pummel","floor":8},{"not_picked":["Body Slam","Iron Wave"],"picked":"Armaments","floor":11},{"not_picked":["conspire:ExplosiveBarrier","True Grit","Rupture+1"],"picked":"SKIP","floor":14},{"not_picked":["Bludgeon","conspire:Purge"],"picked":"Impervious","floor":16},{"not_picked":["AT_BodySlamDance+1","conspire:ExplosiveBarrier"],"picked":"Twin Strike","floor":18},{"not_picked":["REME_FearOfPain+1","jedi:controlledanger+1"],"picked":"Twin Strike","floor":20},{"not_picked":["Armaments","AT_ManFootWork"],"picked":"ReplayTheSpireMod:Muscle Training+1","floor":23},{"not_picked":["Shrug It Off","Abandon"],"picked":"Limit Break","floor":25},{"not_picked":["Heavy Blade","Spot Weakness"],"picked":"AT_DiedThrough+1","floor":27},{"not_picked":["Shockwave","AT_ManFootWork"],"picked":"Armaments+1","floor":29},{"not_picked":["REME_FearOfPain+1","Sword Boomerang"],"picked":"Bloodletting","floor":30},{"not_picked":["jedi:fear","REME_FearOfPain+1","Body Slam"],"picked":"SKIP","floor":31},{"not_picked":["Barricade+1","Limit Break"],"picked":"Immolate","floor":33},{"not_picked":["Run Through+1","Twin Strike","Cleave"],"picked":"Consecrate","floor":35},{"not_picked":["Replay:Vibes","Run Through","jedi:strikingstrike"],"picked":"Pommel Strike+1","floor":37},{"not_picked":["CrushJoints","ReplayTheSpireMod:Muscle Training","FearNoEvil"],"picked":"Consecrate","floor":38},{"not_picked":["ReplayTheSpireMod:Stacked+1","True Grit","Barricade+1"],"picked":"Seeing Red+1","floor":39},{"not_picked":["Hemokinesis","Warcry","Protect+1"],"picked":"Twin Strike","floor":44},{"not_picked":["JustLucky","Entrench","jedi:MakeshiftSword+1"],"picked":"REME_CRH","floor":46},{"not_picked":["InnerPeace","Replay:ManipulateFuture+1","jedi:fear"],"picked":"Whirlwind","floor":47},{"not_picked":["Body Slam","jedi:fear","Conclude","EmptyBody"],"picked":"SKIP","floor":48}],"player_experience":134128,"relics_obtained":[{"floor":4,"key":"Ring of Peace"},{"floor":4,"key":"ReplayTheSpireMod:Ring of Exchange"},{"floor":6,"key":"Onion Ring"},{"floor":8,"key":"FossilizedHelix"},{"floor":9,"key":"Smiling Mask"},{"floor":14,"key":"AT_GoldPhoenixTree"},{"floor":23,"key":"Letter Opener"},{"floor":26,"key":"King of Hearts"},{"floor":27,"key":"Omamori"},{"floor":29,"key":"Dota2Spire:DivineRapier"},{"floor":29,"key":"jedi:leech"},{"floor":37,"key":"AT_RabadonDeathcap"},{"floor":43,"key":"Lantern"},{"floor":44,"key":"Simple Rune"},{"floor":46,"key":"AT_EbonyIvory"},{"floor":47,"key":"Dead Branch"}],"event_choices":[{"damage_healed":0,"gold_gain":0,"player_choice":"Box","damage_taken":0,"relics_obtained":["Divine Protection"],"max_hp_gain":0,"max_hp_loss":0,"event_name":"Big Fish","floor":2,"gold_loss":0,"cards_obtained":["Regret"]},{"cards_removed":["Amnesia","Regret"],"damage_healed":0,"gold_gain":0,"player_choice":"Removed Curses","damage_taken":0,"max_hp_gain":0,"max_hp_loss":0,"event_name":"Fountain of Cleansing","floor":10,"gold_loss":0},{"damage_healed":20,"gold_gain":0,"player_choice":"Healed and dodged fight","damage_taken":0,"max_hp_gain":0,"max_hp_loss":0,"event_name":"Mushrooms","floor":13,"gold_loss":0,"cards_obtained":["Parasite"]},{"damage_healed":0,"gold_gain":0,"player_choice":"Simplicity","damage_taken":0,"max_hp_gain":0,"max_hp_loss":0,"event_name":"Back to Basics","floor":19,"gold_loss":0,"cards_upgraded":["Strike_R","Strike_R","Strike_R","Strike_R","Strike_R","Defend_R","Defend_R","Defend_R","Defend_R"]},{"damage_healed":0,"gold_gain":0,"player_choice":"Leave","damage_taken":0,"max_hp_gain":0,"max_hp_loss":0,"event_name":"conspire:Investor","floor":21,"gold_loss":0},{"damage_healed":0,"gold_gain":0,"player_choice":"Rummage","damage_taken":0,"relics_obtained":["WarpedTongs"],"max_hp_gain":0,"max_hp_loss":0,"event_name":"Accursed Blacksmith","floor":22,"gold_loss":0,"cards_obtained":["Pain"]},{"damage_healed":0,"gold_gain":0,"player_choice":"Fight","damage_taken":0,"max_hp_gain":0,"max_hp_loss":0,"event_name":"Colosseum","floor":29,"gold_loss":0},{"damage_healed":0,"gold_gain":0,"player_choice":"Fought Nobs","damage_taken":0,"max_hp_gain":0,"max_hp_loss":0,"event_name":"Colosseum","floor":29,"gold_loss":0},{"damage_healed":0,"gold_gain":0,"player_choice":"Fight","damage_taken":0,"max_hp_gain":0,"max_hp_loss":0,"event_name":"MindBloom","floor":37,"gold_loss":0},{"damage_healed":0,"gold_gain":0,"player_choice":"Max HP","damage_taken":0,"max_hp_gain":0,"max_hp_loss":4,"event_name":"Winding Halls","floor":40,"gold_loss":0},{"damage_healed":0,"gold_gain":0,"player_choice":"Ignored","damage_taken":0,"max_hp_gain":0,"max_hp_loss":0,"event_name":"Tomb of Lord Red Mask","floor":42,"gold_loss":0}],"is_beta":false,"boss_relics":[{"not_picked":["Ectoplasm","conspire:SlowCooker"],"picked":"aspiration:PoetsPen_weak"},{"not_picked":["aspiration:KaomsHeart","Replay:Bronze Core"],"picked":"aspiration:WatcherSkillbook"}],"items_purged_floors":[28],"is_endless":false,"potions_floor_spawned":[3,6,8,14,20,25,29,30,33,35,37,44],"ascension_level":13}}