{"host":"og6lam4kt3nibbw0","time":1610993899,"event":{"mods":["AchievementEnabler","BaseMod","Colored Map","DeckTracker","Highlight Path","Keyboard Shortcuts","Minty Spire (QoL Compilation)","Permanent Neow","Quick Restart","StSLib","SuperFastMode"],"gold_per_floor":[111,124,139,156,174,174,208,208,208,283,283,299,59,69,69,144,144,163,163,173,88,88,88,88],"floor_reached":23,"language":"KOR","playtime":1130,"items_purged":["Strike_B"],"score":386,"play_id":"5b026f0f-341e-4bec-849e-580d44fee292","local_time":"20210119031819","is_ascension_mode":true,"campfire_choices":[{"data":"Doom and Gloom","floor":6,"key":"SMITH"},{"floor":8,"key":"REST"},{"floor":15,"key":"REST"}],"circlet_count":0,"master_deck":["AscendersBane","Zap","Dualcast","Doom and Gloom+1","Ball Lightning","Coolheaded","FTL","Defragment","Skim","Core Surge","Machine Learning","Reboot","Steam Power","Undo","Aggregate","Stack","Stack","Machine Learning"],"relics":["Cracked Core","Torii","Symbiotic Virus","Pantograph","CaptainsWheel","Pandora\u0027s Box","HornCleat"],"acts_visited":["Exordium","TheCity"],"potions_floor_usage":[16,16,23],"damage_taken":[{"damage":7,"enemies":"2 Louse","floor":1,"turns":3},{"damage":3,"enemies":"Jaw Worm","floor":2,"turns":4},{"damage":1,"enemies":"Cultist","floor":3,"turns":3},{"damage":7,"enemies":"Looter","floor":4,"turns":3},{"damage":12,"enemies":"2 Fungi Beasts","floor":5,"turns":2},{"damage":22,"enemies":"3 Sentries","floor":7,"turns":4},{"damage":8,"enemies":"3 Louse","floor":12,"turns":3},{"damage":1,"enemies":"Blue Slaver","floor":14,"turns":3},{"damage":46,"enemies":"Hexaghost","floor":16,"turns":11},{"damage":29,"enemies":"3 Byrds","floor":18,"turns":3},{"damage":11,"enemies":"Spheric Guardian","floor":20,"turns":3},{"damage":25,"enemies":"Book of Stabbing","floor":23,"turns":4}],"seed_played":"-5894027991661160386","potions_obtained":[{"floor":1,"key":"Swift Potion"},{"floor":12,"key":"SkillPotion"},{"floor":18,"key":"SpeedPotion"},{"floor":20,"key":"SkillPotion"}],"is_trial":false,"path_per_floor":["M","M","M","M","M","R","E","R","T","?","T","M","$","M","R","B",null,"M","?","M","?","?","E"],"character_chosen":"DEFECT","items_purchased":["Defragment","Skim"],"campfire_rested":2,"item_purchase_floors":[13,13],"current_hp_per_floor":[57,54,53,46,34,34,12,31,31,20,20,12,12,11,30,9,50,21,34,23,23,23,0,0],"gold":88,"neow_bonus":"ONE_RARE_RELIC","is_daily":false,"chose_seed":false,"campfire_upgraded":1,"win_rate":0.0,"timestamp":1610993899,"path_taken":["M","M","M","M","M","R","E","R","T","?","?","M","$","?","R","BOSS","M","?","M","?","?","E"],"items_purchased_type":["Card","Card"],"build_version":"2020-12-22","purchased_purges":1,"victory":false,"max_hp_per_floor":[64,64,64,64,64,64,64,64,64,64,64,64,64,64,64,64,64,64,64,64,64,64,64,64],"card_choices":[{"not_picked":["Beam Cell","Capacitor"],"picked":"Doom and Gloom","floor":1},{"not_picked":["Genetic Algorithm","Hello World"],"picked":"Ball Lightning","floor":2},{"not_picked":["Go for the Eyes","Steam Power","Stack"],"picked":"SKIP","floor":3},{"not_picked":["Doom and Gloom","Sweeping Beam","Tempest"],"picked":"SKIP","floor":4},{"not_picked":["Gash","Fusion"],"picked":"Coolheaded","floor":5},{"not_picked":["Barrage","Recycle","Go for the Eyes"],"picked":"SKIP","floor":7},{"not_picked":["Cold Snap","Melter"],"picked":"FTL","floor":12},{"not_picked":["Redo","Beam Cell","Turbo"],"picked":"SKIP","floor":14},{"not_picked":["Hyperbeam","Buffer"],"picked":"Core Surge","floor":16},{"not_picked":["Cold Snap+1","Sweeping Beam","Sunder"],"picked":"SKIP","floor":18},{"not_picked":["Streamline","Rebound"],"picked":"Stack","floor":20}],"player_experience":921420,"relics_obtained":[{"floor":7,"key":"Symbiotic Virus"},{"floor":9,"key":"Pantograph"},{"floor":11,"key":"CaptainsWheel"}],"event_choices":[{"damage_healed":0,"gold_gain":75,"player_choice":"Gather Gold","damage_taken":11,"max_hp_gain":0,"max_hp_loss":0,"event_name":"World of Goop","floor":10,"gold_loss":0},{"damage_healed":13,"gold_gain":0,"player_choice":"Heal","damage_taken":0,"max_hp_gain":0,"max_hp_loss":0,"event_name":"The Library","floor":19,"gold_loss":0},{"damage_healed":0,"gold_gain":0,"player_choice":"Obtained Relic","damage_taken":0,"relics_obtained":["HornCleat"],"max_hp_gain":0,"max_hp_loss":0,"event_name":"Addict","floor":21,"gold_loss":85},{"damage_healed":0,"gold_gain":0,"cards_transformed":["Coolheaded","Doom and Gloom"],"player_choice":"Became Test Subject","damage_taken":0,"max_hp_gain":0,"max_hp_loss":0,"event_name":"Drug Dealer","floor":22,"gold_loss":0,"cards_obtained":["Stack","Machine Learning"]}],"is_beta":false,"boss_relics":[{"not_picked":["Snecko Eye","Philosopher\u0027s Stone"],"picked":"Pandora\u0027s Box"}],"items_purged_floors":[13],"is_endless":false,"potions_floor_spawned":[1,12,18,20],"killed_by":"Book of Stabbing","ascension_level":20}}