{"host":"8i58hvcssdezoe94","time":1610971235,"event":{"mods":["Act Like it!","BaseMod","Colored Map","Conspire","Downfall","Gensokyo","KinomotoSakuraMod(木之本樱)","Marisa（F雨　魔理沙）","Minty Spire (QoL Compilation)","Quick Restart","Remilia（蕾米莉亚）","StSLib","The Animator","The Bug Knight","The Construct","The Cursed","The Hierophant","The Jungle","The Servant 0.9.4"],"gold_per_floor":[117,117,144,154,19,19,35,67,67,400,400,613,613,645,645,747,747,759,373,623,0,100,127,127,142,142,77,77,97,97],"floor_reached":29,"language":"ZHS","playtime":1719,"items_purged":[],"score":284,"play_id":"b325d170-2714-4e44-b8a3-b9622c9b8319","local_time":"20210118200035","is_ascension_mode":false,"campfire_choices":[{"data":"Hello World","floor":6,"key":"SMITH"},{"floor":11,"key":"REST"},{"floor":13,"key":"RECALL"},{"data":"Chill","floor":15,"key":"SMITH"},{"floor":24,"key":"REST"},{"data":"Enlightenment","floor":28,"key":"SMITH"}],"circlet_count":0,"master_deck":["Strike_B+1","Strike_B","Strike_B+1","Strike_B+1","Defend_B","Defend_B+1","Defend_B","Defend_B+1","Zap","Dualcast","Hello World+1","Conserve Battery+1","Glacier","Machine Learning","Ball Lightning+1","Streamline","Chill+1","Electrodynamics","Self Repair","Enlightenment+1","Rip and Tear","conspire:Rain","Doom and Gloom","Cold Snap","Gensokyo:RustyChest","Gensokyo:Shovel","Reinforced Body"],"relics":["Cracked Core","NeowsBlessing","Ornamental Fan","HollowMod:LifeEnderRelic","Ancient Tea Set","conspire:Boomerang","Mango","SlaversCollar","Oddly Smooth Stone","Dream Catcher","Du-Vu Doll","FossilizedHelix","Mummified Hand","conspire:BottledYoYo"],"acts_visited":["Gensokyo:Gensokyo","Gensokyo:Gensokyoer"],"potions_floor_usage":[],"damage_taken":[{"damage":0,"enemies":"Gensokyo:Gryphon","floor":1,"turns":1},{"damage":0,"enemies":"Gensokyo:Python","floor":4,"turns":1},{"damage":0,"enemies":"Gensokyo:2_Kodama","floor":7,"turns":1},{"damage":22,"enemies":"Gensokyo:Mamizou","floor":8,"turns":7},{"damage":32,"enemies":"Gensokyo:Cirno","floor":10,"turns":10},{"damage":2,"enemies":"Gensokyo:2_Rabbits","floor":12,"turns":5},{"damage":1,"enemies":"Gensokyo:Mamizou","floor":14,"turns":7},{"damage":22,"enemies":"Gensokyo:Yukari","floor":16,"turns":10},{"damage":7,"enemies":"Gensokyo:CosmicMonolith","floor":18,"turns":5},{"damage":21,"enemies":"Gensokyo:CosmicMonolith","floor":22,"turns":8},{"damage":45,"enemies":"Gensokyo:Koishi","floor":23,"turns":7},{"damage":11,"enemies":"Gensokyo:2_Gloops","floor":25,"turns":5},{"damage":36,"enemies":"Gensokyo:Wraith","floor":29,"turns":6}],"seed_played":"-6776962309730280867","potions_obtained":[{"floor":4,"key":"Swift Potion"},{"floor":7,"key":"Ancient Potion"},{"floor":16,"key":"FearPotion"}],"is_trial":false,"path_per_floor":["M","?","T","M","COS","R","M","E","T","E","R","M","R","E","R","B",null,"M","$","?","?","?","E","R","M","T","COS","R","M"],"character_chosen":"DEFECT","items_purchased":["Oddly Smooth Stone","Dream Catcher","Enlightenment"],"campfire_rested":2,"item_purchase_floors":[19,19,19],"current_hp_per_floor":[75,75,75,75,75,75,75,53,53,21,43,41,41,40,40,32,89,82,82,82,82,68,30,55,51,51,51,51,22,22],"gold":97,"neow_bonus":"THREE_ENEMY_KILL","is_daily":false,"chose_seed":false,"campfire_upgraded":3,"win_rate":0.0,"timestamp":1610971235,"path_taken":["M","?","?","M","COS","R","M","E","T","E","R","M","R","E","R","BOSS","M","$","?","?","?","E","R","M","T","COS","R","M"],"items_purchased_type":["Relic","Relic","Card"],"build_version":"2020-12-22","purchased_purges":0,"victory":false,"max_hp_per_floor":[75,75,75,75,75,75,75,75,75,75,75,75,75,75,75,89,89,89,89,84,84,84,84,84,84,84,84,84,84,84],"card_choices":[{"not_picked":["Sweeping Beam","Reinforced Body"],"picked":"Hello World","floor":1},{"not_picked":["Sweeping Beam","Gash"],"picked":"Conserve Battery","floor":4},{"not_picked":["Steam Power","Hello World"],"picked":"Glacier","floor":7},{"not_picked":["Biased Cognition","Skim"],"picked":"Machine Learning","floor":8},{"not_picked":["Consume","Steam Power"],"picked":"Ball Lightning","floor":10},{"not_picked":["Redo","Barrage"],"picked":"Streamline","floor":12},{"not_picked":["Hello World","Coolheaded"],"picked":"Chill","floor":14},{"not_picked":["Reboot","Rainbow"],"picked":"Electrodynamics","floor":16},{"not_picked":["Doom and Gloom","Ball Lightning"],"picked":"Self Repair","floor":18},{"not_picked":["Streamline","Auto Shields"],"picked":"Rip and Tear","floor":22},{"not_picked":["Go for the Eyes","Stack+1"],"picked":"conspire:Rain","floor":23},{"not_picked":["Leap","Stack+1"],"picked":"Doom and Gloom","floor":24},{"not_picked":["Stack","Steam"],"picked":"Cold Snap","floor":25},{"not_picked":["Machine Learning","Streamline"],"picked":"Reinforced Body","floor":29}],"player_experience":43535,"relics_obtained":[{"floor":8,"key":"Ornamental Fan"},{"floor":9,"key":"HollowMod:LifeEnderRelic"},{"floor":10,"key":"Ancient Tea Set"},{"floor":14,"key":"conspire:Boomerang"},{"floor":22,"key":"Du-Vu Doll"},{"floor":22,"key":"FossilizedHelix"},{"floor":23,"key":"Mummified Hand"},{"floor":26,"key":"conspire:BottledYoYo"}],"event_choices":[],"is_beta":false,"boss_relics":[{"not_picked":["conspire:SpecialSausage","Inserter"],"picked":"SlaversCollar"}],"items_purged_floors":[],"is_endless":false,"potions_floor_spawned":[4,7,16,23],"killed_by":"Gensokyo:Wraith","ascension_level":0}}