{"host":"h5acbxt0wmjo1kpm","time":1610966230,"event":{"mods":["2.2 Compatiblity","Act Like it!","AlwaysNeverKeys","Aspiration","Bard","Bartender","BaseMod","Better Third Choice","Colored Map","Elementarium","Gensokyo","GifTheSpireLib","Hallownest","Marisa????????","Menagerie","Minty Spire (QoL Compilation)","Permanent Neow","Potionbrewer","Quick Restart","Relic Filter","Replay The Spire","Robot Space Explorer","RumiaBox-????????","Shade Mod","Spicy Shops","StSLib","Strawberry Spire","The Blackbeard","The Dragon Tamer","The Gatherer","The Hayseed","The Problem Sleuth","The Servant 0.9.4","Wandering Minibosses","vexMod"],"gold_per_floor":[109,109,109,109,62,62,85,112,112,112,145,160,189,212,212,285,285,315,335,357,3,3,3,28,53,53,3,3,3],"floor_reached":28,"language":"ENG","playtime":1290,"items_purged":["Specialist+1"],"score":448,"play_id":"a3b54205-d4b1-4192-ab3c-7162b4352dfe","local_time":"20210118023710","is_ascension_mode":true,"campfire_choices":[{"data":"TheSimpletonMod:Turnips","floor":6,"key":"SMITH"},{"data":"TheSimpletonMod:RootDown","floor":15,"key":"SMITH"},{"data":"Specialist","floor":23,"key":"SMITH"}],"circlet_count":0,"master_deck":["AscendersBane","TheSimpletonMod:Strike_TheSimpleton","TheSimpletonMod:Strike_TheSimpleton","TheSimpletonMod:Strike_TheSimpleton","TheSimpletonMod:Defend_TheSimpleton","TheSimpletonMod:Defend_TheSimpleton","TheSimpletonMod:Defend_TheSimpleton","TheSimpletonMod:Defend_TheSimpleton","TheSimpletonMod:Haymaker","TheSimpletonMod:ReapAndSow","TheSimpletonMod:CloseScrape","TheSimpletonMod:Turnips+1","TheSimpletonMod:Swelter","TheSimpletonMod:Ferment","TheSimpletonMod:ResistantStrain","TheSimpletonMod:RootDown+1","TheSimpletonMod:Turnips","TheSimpletonMod:Innovate","TheSimpletonMod:HitTheSack","TheSimpletonMod:Rototilling","TheSimpletonMod:Polyculture","TheSimpletonMod:GoToMarket","TheSimpletonMod:LandGrant","TheSimpletonMod:Aerate","Overencumbered"],"relics":["TheSimpletonMod:SpudOfTheInnocent","TheSimpletonMod:NightSoil","TheSimpletonMod:TheHarvester","aspiration:DSix","Pantograph","Art of War","Menagerie:HuntersKnife","ReplayTheSpireMod:CursedCoin","MagicDraw3","TheSimpletonMod:HornOfPlenty","Cursed Key","TheSimpletonMod:Honeycomb","Smiling Mask","Gremlin Horn"],"acts_visited":["Menagerie:Menagerie","Hallownest:CityofTears"],"potions_floor_usage":[8,18,28],"damage_taken":[{"damage":7.0,"enemies":"Menagerie:2_RABBITS","floor":1.0,"turns":4.0},{"damage":5,"enemies":"Menagerie:WhisperingWraith","floor":7,"turns":3},{"damage":31,"enemies":"Menagerie:VoidReaper","floor":8,"turns":6},{"damage":9,"enemies":"Menagerie:MaskedSummoner","floor":11,"turns":7},{"damage":0,"enemies":"Menagerie:StygianBoar","floor":12,"turns":1},{"damage":0,"enemies":"Menagerie:KEEPER_AND_YOUNG_SUNEATER","floor":13,"turns":2},{"damage":0,"enemies":"Menagerie:STYGIAN_BOAR_AND_RABBIT","floor":14,"turns":1},{"damage":3,"enemies":"Menagerie:AVATARS","floor":16,"turns":2},{"damage":0,"enemies":"Hallownest:3_Youths","floor":18,"turns":7},{"damage":0,"enemies":"Hallownest:Flukemon_and_Top","floor":19,"turns":4},{"damage":14,"enemies":"Hallownest:Warrior_and_Youth","floor":20,"turns":4},{"damage":0,"enemies":"Hallownest:Nosk","floor":24,"turns":7},{"damage":23,"enemies":"Hallownest:Master_and_Novice","floor":25,"turns":3},{"damage":41,"enemies":"Hallownest:eliteWatcherKnight","floor":28,"turns":5}],"seed_played":"-7135550531737337069","potions_obtained":[{"floor":3.0,"key":"Flashbang"},{"floor":8,"key":"potionbrewer:QuicksilverPotion"},{"floor":11,"key":"Energy Potion"},{"floor":24,"key":"SpeedPotion"}],"is_trial":false,"path_per_floor":["M","?","?","?","$","R","M","E","T","?","E","M","M","M","R","B",null,"M","M","M","$","?","R","E","M","T","$","E"],"character_chosen":"THE_SIMPLETON","items_purchased":["ReplayTheSpireMod:CursedCoin","TheSimpletonMod:Turnips","TheSimpletonMod:Swelter","Specialist","TheSimpletonMod:Honeycomb"],"campfire_rested":0,"item_purchase_floors":[5,5,5,21,21],"current_hp_per_floor":[61,61,61,61,61,61,60,33,33,33,28,28,32,32,32,58,63,64,64,54,54,54,54,64,41,41,41,0,0],"gold":3,"neow_bonus":"DSIX","is_daily":false,"chose_seed":false,"campfire_upgraded":3,"win_rate":0.0,"timestamp":1610966230,"path_taken":["M","?","?","?","$","R","M","E","T","?","E","M","?","M","R","BOSS","M","M","M","$","?","R","E","M","T","$","E"],"items_purchased_type":["Relic","Card","Card","Card","Relic"],"build_version":"2020-12-22","purchased_purges":1,"victory":false,"max_hp_per_floor":[71,64,64,64,64,64,64,64,64,64,64,64,64,64,64,64,64,64,64,64,64,64,64,64,64,64,64,64,64],"card_choices":[{"not_picked":["TheSimpletonMod:Rototilling","TheSimpletonMod:CullingStrike"],"picked":"TheSimpletonMod:CloseScrape","floor":1.0},{"not_picked":["TheSimpletonMod:DoubleBarrel","TheSimpletonMod:Rake"],"picked":"TheSimpletonMod:Ferment","floor":7},{"not_picked":["TheSimpletonMod:ToughenUp","TheSimpletonMod:PestManagement"],"picked":"TheSimpletonMod:ResistantStrain","floor":8},{"not_picked":["TheSimpletonMod:Potatoes","TheSimpletonMod:SlashAndBurn"],"picked":"TheSimpletonMod:RootDown","floor":11},{"not_picked":["TheSimpletonMod:DigIn","TheSimpletonMod:BumperCrop"],"picked":"TheSimpletonMod:Turnips","floor":12},{"not_picked":["TheSimpletonMod:Polyculture","TheSimpletonMod:Ferment"],"picked":"TheSimpletonMod:Innovate","floor":13},{"not_picked":["TheSimpletonMod:ToughenUp","TheSimpletonMod:Innovate","TheSimpletonMod:SaladShooter"],"picked":"SKIP","floor":14},{"not_picked":["TheSimpletonMod:BuzzBomb","TheSimpletonMod:DesperatePlunge"],"picked":"TheSimpletonMod:HitTheSack","floor":16},{"not_picked":["TheSimpletonMod:ControlledBurn","TheSimpletonMod:DoubleBarrel"],"picked":"TheSimpletonMod:Rototilling","floor":18},{"not_picked":["TheSimpletonMod:Sunseed+1","TheSimpletonMod:SlashAndBurn"],"picked":"TheSimpletonMod:Polyculture","floor":19},{"not_picked":["TheSimpletonMod:CropRotation","TheSimpletonMod:SlashAndBurn"],"picked":"TheSimpletonMod:GoToMarket","floor":20},{"not_picked":["TheSimpletonMod:DigIn+1","TheSimpletonMod:Aerate+1"],"picked":"TheSimpletonMod:LandGrant","floor":24},{"not_picked":["TheSimpletonMod:Potatoes","TheSimpletonMod:SlashAndBurn"],"picked":"TheSimpletonMod:Aerate","floor":25}],"player_experience":2219764,"relics_obtained":[{"floor":1.0,"key":"Pantograph"},{"floor":1.0,"key":"Art of War"},{"floor":8,"key":"MagicDraw3"},{"floor":11,"key":"TheSimpletonMod:HornOfPlenty"},{"floor":24,"key":"Smiling Mask"},{"floor":26,"key":"Gremlin Horn"}],"event_choices":[{"damage_healed":0.0,"max_hp_gain":0.0,"max_hp_loss":7.0,"gold_gain":0.0,"event_name":"Menagerie:BigGameHunter","player_choice":"Take","floor":2.0,"gold_loss":0.0,"damage_taken":0.0,"relics_obtained":["Menagerie:HuntersKnife"]},{"damage_healed":0.0,"max_hp_gain":0.0,"max_hp_loss":0.0,"gold_gain":0.0,"event_name":"Menagerie:CorruptingLight","player_choice":"Ignored","floor":4.0,"gold_loss":0.0,"damage_taken":0.0},{"cards_removed":["Amnesia"],"damage_healed":0,"gold_gain":0,"player_choice":"Wisdom","damage_taken":0,"max_hp_gain":0,"max_hp_loss":0,"event_name":"Menagerie:CloudVision","floor":10,"gold_loss":0}],"is_beta":false,"boss_relics":[{"not_picked":["Replay:Wanted Poster","Snecko Heart"],"picked":"Cursed Key"}],"items_purged_floors":[27],"is_endless":false,"potions_floor_spawned":[8,11,13,14,16,24,25],"killed_by":"Hallownest:eliteWatcherKnight","ascension_level":15}}