{"host":"hbel9g7s7ibv8po6","time":1610992522,"event":{"mods":["Act Like it!","BaseMod","Duelist Mod","Minty Spire (QoL Compilation)","StSLib"],"gold_per_floor":[143,143,42,397,408,408,438,438,483,515,532,558,425,444,444,549,549,560,575,591,603,618,618,652,652,733,703,714,732,101,101,101,205,205,223,49,49,62,76,109,109,0,0,0,17,36,36,65,65,65],"floor_reached":51,"language":"ENG","playtime":3636,"items_purged":["theDuelist:Sparks","theDuelist:CastleWalls"],"score":962,"play_id":"964f5bcf-c00f-4e52-9300-6c1be6215c64","local_time":"20210119015522","is_ascension_mode":false,"campfire_choices":[{"data":"theDuelist:FiendSkull","floor":6.0,"key":"SMITH"},{"data":"theDuelist:HymnOfLight","floor":8.0,"key":"SMITH"},{"data":"theDuelist:GaiaDragonChamp","floor":15.0,"key":"SMITH"},{"data":"theDuelist:MiraculousDescent","floor":23.0,"key":"SMITH"},{"data":"theDuelist:RainbowOverdragon","floor":25.0,"key":"SMITH"},{"data":"Thinking Ahead","floor":32.0,"key":"SMITH"},{"data":"Apotheosis","floor":41,"key":"SMITH"},{"floor":44,"key":"REST"},{"data":"theDuelist:DragonMastery","floor":49,"key":"SMITH"}],"circlet_count":0,"master_deck":["theDuelist:DragonMastery+1","theDuelist:BerserkScales","theDuelist:Babycerasaurus","Apotheosis+1","theDuelist:GaiaDragonChamp+1","theDuelist:Freezadon","theDuelist:MagicalStone","Thinking Ahead+1","theDuelist:Kabazauls","theDuelist:BSkullDragon+1","theDuelist:MythicWaterDragon+1","theDuelist:CaveDragon","theDuelist:FiendSkull+1","theDuelist:BusterDrake","theDuelist:CastleWalls","theDuelist:LesserDragon","theDuelist:DarkDriceratops","theDuelist:YamataDragon","theDuelist:HymnOfLight+1","theDuelist:MiraculousDescent+1","Thinking Ahead+1","theDuelist:GaiaDragonChamp+1","theDuelist:PsiCurse","theDuelist:CaveDragon","theDuelist:BlackBrachios","theDuelist:DreadnoughtDreadnoid","theDuelist:BabyDragon","theDuelist:BabyDragon","theDuelist:ScrapFactory+1","theDuelist:ForbiddenLance+1","theDuelist:LesserDragon","theDuelist:RainbowOverdragon+1","CurseOfTheBell","theDuelist:TwinHeadedFire","theDuelist:MagicalStone"],"relics":["theDuelist:MillenniumPuzzle","theDuelist:CardPoolRelic","theDuelist:CardPoolBasicRelic","theDuelist:BoosterPackPoolRelic","theDuelist:CardPoolAddRelic","theDuelist:CardPoolMinusRelic","theDuelist:CardPoolSaveRelic","theDuelist:CardPoolOptionsRelic","NeowsBlessing","theDuelist:ElectricBurst","theDuelist:SpellMaxHPRelic","Old Coin","Odd Mushroom","theDuelist:MillenniumArmor","Cables","Paper Frog","Calling Bell","Regal Pillow","Mango","theDuelist:DragonRelic","theDuelist:MetronomeRelicD","theDuelist:DuelistLetterOpener","Membership Card","theDuelist:BoosterPackMonsterEgg","Paper Crane","Calipers","Cursed Key","DollysMirror","Letter Opener","theDuelist:DragonRelic","theDuelist:ArmorPlateD","Darkstone Periapt"],"acts_visited":["Exordium","TheCity","TheBeyond"],"potions_floor_usage":[39,39],"damage_taken":[{"damage":0.0,"enemies":"Jaw Worm","floor":1.0,"turns":1.0},{"damage":0.0,"enemies":"Jaw Worm","floor":4.0,"turns":1.0},{"damage":0.0,"enemies":"Small Slimes","floor":5.0,"turns":1.0},{"damage":4.0,"enemies":"The Mushroom Lair","floor":7.0,"turns":5.0},{"damage":0.0,"enemies":"Gremlin Nob","floor":10.0,"turns":3.0},{"damage":0.0,"enemies":"Cultist","floor":11.0,"turns":2.0},{"damage":4.0,"enemies":"3 Sentries","floor":12.0,"turns":5.0},{"damage":0.0,"enemies":"3 Louse","floor":14.0,"turns":2.0},{"damage":10.0,"enemies":"Slime Boss","floor":16.0,"turns":10.0},{"damage":0.0,"enemies":"Chosen","floor":18.0,"turns":3.0},{"damage":10.0,"enemies":"3 Byrds","floor":19.0,"turns":5.0},{"damage":2.0,"enemies":"Snecko","floor":20.0,"turns":3.0},{"damage":0.0,"enemies":"Centurion and Healer","floor":21.0,"turns":5.0},{"damage":5.0,"enemies":"Snake Plant","floor":22.0,"turns":4.0},{"damage":0.0,"enemies":"Gremlin Leader","floor":24.0,"turns":3.0},{"damage":0.0,"enemies":"Shelled Parasite and Fungi","floor":28.0,"turns":3.0},{"damage":2.0,"enemies":"Chosen and Byrds","floor":29.0,"turns":7.0},{"damage":70.0,"enemies":"Collector","floor":33.0,"turns":8.0},{"damage":3.0,"enemies":"Orb Walker","floor":35.0,"turns":3.0},{"damage":21.0,"enemies":"3 Darklings","floor":38.0,"turns":5.0},{"damage":0,"enemies":"Writhing Mass","floor":39,"turns":2},{"damage":47,"enemies":"Giant Head","floor":40,"turns":8},{"damage":0,"enemies":"Sphere and 2 Shapes","floor":45,"turns":4},{"damage":0,"enemies":"Spire Growth","floor":46,"turns":5},{"damage":13,"enemies":"Reptomancer","floor":48,"turns":7},{"damage":0,"enemies":"Donu and Deca","floor":50,"turns":8}],"seed_played":"-6366408536064608912","potions_obtained":[{"floor":4.0,"key":"theDuelist:FireBottle"},{"floor":10.0,"key":"theDuelist:BurningPotion"},{"floor":16.0,"key":"FearPotion"},{"floor":18.0,"key":"theDuelist:FusionPotion"},{"floor":19.0,"key":"theDuelist:DebuffArmorPotion"},{"floor":22.0,"key":"theDuelist:LavaBottle"},{"floor":27.0,"key":"LiquidBronze"},{"floor":27.0,"key":"theDuelist:BurningPotionB"},{"floor":28.0,"key":"theDuelist:TributeBottle"},{"floor":40,"key":"theDuelist:BottledKuriboh"},{"floor":45,"key":"theDuelist:MillenniumElixir"},{"floor":46,"key":"SteroidPotion"},{"floor":48,"key":"Dexterity Potion"}],"is_trial":false,"path_per_floor":["M","?","$","?","M","R","?","R","T","E","M","E","?","M","R","B",null,"M","M","M","M","M","R","E","R","T","?","M","M","$","T","R","B",null,"M","$","?","M","M","E","R","?","T","R","M","M","?","E","R","B",null],"character_chosen":"THE_DUELIST","items_purchased":["theDuelist:BabyDragon","Membership Card","theDuelist:BoosterPackMonsterEgg","Paper Crane","theDuelist:BerserkScales","Thinking Ahead","Apotheosis","DollysMirror"],"campfire_rested":1,"item_purchase_floors":[3,30,30,30,30,30,36,36],"current_hp_per_floor":[80,73,73,73,74,74,70,70,70,70,70,66,66,66,66,56,95,95,85,83,83,78,78,78,78,78,78,78,76,77,77,77,8,97,95,95,94,73,73,27,27,27,27,70,71,72,72,59,59,59],"gold":65,"neow_bonus":"THREE_ENEMY_KILL","is_daily":false,"chose_seed":false,"campfire_upgraded":8,"win_rate":0.0,"timestamp":1610992522,"path_taken":["M","?","$","?","M","R","?","R","T","E","M","E","?","M","R","BOSS","M","?","M","M","M","R","E","R","T","?","M","M","$","?","R","BOSS","M","$","?","M","M","E","R","?","T","R","?","M","?","E","R","BOSS"],"items_purchased_type":["Card","Relic","Relic","Relic","Card","Card","Card","Relic"],"build_version":"2020-12-22","purchased_purges":2,"victory":true,"max_hp_per_floor":[80,80,80,80,81,81,81,81,81,81,81,81,81,81,81,81,95,95,95,95,95,95,95,95,95,95,95,95,95,96,96,96,97,97,98,98,94,94,94,95,95,95,95,95,96,97,97,97,97,97],"card_choices":[{"not_picked":["theDuelist:BlackPtera","theDuelist:BarrelDragon","theDuelist:TrihornedDragon","theDuelist:Kabazauls"],"picked":"theDuelist:BlackBrachios","floor":1.0},{"not_picked":["theDuelist:GuardragonJusticia","theDuelist:DragonCaptureJar","theDuelist:CastleDragonSouls","theDuelist:AncientRules"],"picked":"theDuelist:FiendSkull","floor":4.0},{"not_picked":["theDuelist:MaskedDragon","theDuelist:MoltenDestruction","theDuelist:LordD","theDuelist:Anthrosaurus"],"picked":"theDuelist:HymnOfLight","floor":5.0},{"not_picked":["theDuelist:TwinBarrelDragon","theDuelist:HazyFlameHydra","theDuelist:CloudianGhost","theDuelist:LordD"],"picked":"theDuelist:TwinHeadedFire","floor":7.0},{"not_picked":["theDuelist:Hydrogeddon","theDuelist:BlackBrutdrago","theDuelist:Freezadon","theDuelist:BabyDragon"],"picked":"theDuelist:SuperancientDinobeast","floor":10.0},{"not_picked":["theDuelist:StrayLambs","theDuelist:BigKoala","theDuelist:ReinforcementsArmy","theDuelist:GreenGraveOni"],"picked":"theDuelist:RainbowOverdragon","floor":11.0},{"not_picked":["theDuelist:MaskedDragon","theDuelist:Duoterion","theDuelist:DefenseZone","theDuelist:Freezadon"],"picked":"theDuelist:BusterDrake","floor":12.0},{"not_picked":["theDuelist:InfernityDoomDragon","theDuelist:BusterBlader","theDuelist:MegafleetDragon","theDuelist:CyberDragonNachster","theDuelist:FiendSkull"],"picked":"SKIP","floor":14.0},{"not_picked":["theDuelist:WaterDragon","theDuelist:TailSwipe","theDuelist:CyberDragonInfinity","theDuelist:ChimeratechOverdragon"],"picked":"theDuelist:GaiaDragonChamp+1","floor":16.0},{"not_picked":["theDuelist:LesserDragon","theDuelist:SnowDragon","theDuelist:MoltenDestruction","theDuelist:Earthquake"],"picked":"theDuelist:Kabazauls","floor":18.0},{"not_picked":["theDuelist:TyrantWing","theDuelist:FireDarts","theDuelist:DragonShield+1","theDuelist:DefenseZone+1","theDuelist:DefenseDraw"],"picked":"SKIP","floor":19.0},{"not_picked":["theDuelist:ViceDragon","theDuelist:MirageDragon","theDuelist:CaveDragon","theDuelist:CyberEmergency"],"picked":"theDuelist:Freezadon","floor":20.0},{"not_picked":["theDuelist:StarlightRoad","theDuelist:ScrapIronScarecrow+1","theDuelist:BurstBreath","theDuelist:ArtifactSanctum"],"picked":"theDuelist:MiraculousDescent","floor":21.0},{"not_picked":["theDuelist:MadSwordBeast","theDuelist:CyberDinosaur","theDuelist:StarlightRoad+1","theDuelist:DefenseZone+1"],"picked":"theDuelist:DreadnoughtDreadnoid","floor":22.0},{"not_picked":["theDuelist:VeilDarkness","theDuelist:TrihornedDragon","theDuelist:DreadnoughtDreadnoid","theDuelist:DarkHorus"],"picked":"theDuelist:DarkDriceratops","floor":24.0},{"not_picked":["theDuelist:ViceDragon","theDuelist:ScrapIronScarecrow","theDuelist:DarkHorus+1","theDuelist:BlackBrutdrago+1","theDuelist:CyberneticRevolution+1"],"picked":"SKIP","floor":28.0},{"not_picked":["theDuelist:MadSwordBeast","theDuelist:LavaDragon","theDuelist:LesserDragon","theDuelist:CyberValley","theDuelist:CyberEmergency"],"picked":"SKIP","floor":29.0},{"not_picked":["theDuelist:VoidOgreDragon+1","theDuelist:ChimeratechOverdragon+1","theDuelist:BlueDuston+1","theDuelist:BerserkScales+1"],"picked":"theDuelist:DragonMastery","floor":33.0},{"not_picked":["theDuelist:BigFire+1","theDuelist:ForbiddenChalice","theDuelist:BattleguardKing+1","theDuelist:StrayLambs"],"picked":"theDuelist:MagicalStone","floor":35.0},{"not_picked":["theDuelist:ThunderDragon+1","theDuelist:RedEyes+1","theDuelist:FrozenFitzgerald+1","theDuelist:BlackVeloci+1"],"picked":"theDuelist:BSkullDragon+1","floor":38.0},{"not_picked":["theDuelist:TwinBarrelDragon+1","theDuelist:Pyrorex+1","theDuelist:MaskedDragon+1","theDuelist:Earthquake+1","theDuelist:BeserkDragon+1"],"picked":"SKIP","floor":39},{"not_picked":["theDuelist:HymnOfLight+1","theDuelist:BerserkScales+1","theDuelist:PowerWall","theDuelist:DragonMastery+1"],"picked":"theDuelist:MagicalStone","floor":40},{"not_picked":["theDuelist:RainbowOverdragon+1","theDuelist:PreventRat+1","theDuelist:Wiseman+1","theDuelist:Mausoleum"],"picked":"theDuelist:ScrapFactory+1","floor":45},{"not_picked":["theDuelist:BattleguardKing+1","theDuelist:BigFire+1","theDuelist:RainbowOverdragon+1","theDuelist:Hinotama"],"picked":"theDuelist:ForbiddenLance+1","floor":46},{"not_picked":["theDuelist:BlacklandFireDragon+1","theDuelist:FrozenFitzgerald+1","theDuelist:Freezadon+1","theDuelist:Mountain"],"picked":"theDuelist:MythicWaterDragon+1","floor":48}],"player_experience":107654,"relics_obtained":[{"floor":4.0,"key":"theDuelist:ElectricBurst"},{"floor":4.0,"key":"theDuelist:SpellMaxHPRelic"},{"floor":4.0,"key":"Old Coin"},{"floor":7.0,"key":"Odd Mushroom"},{"floor":9.0,"key":"theDuelist:MillenniumArmor"},{"floor":10.0,"key":"Cables"},{"floor":12.0,"key":"Paper Frog"},{"floor":17.0,"key":"Regal Pillow"},{"floor":17.0,"key":"Mango"},{"floor":17.0,"key":"theDuelist:DragonRelic"},{"floor":24.0,"key":"theDuelist:MetronomeRelicD"},{"floor":26.0,"key":"theDuelist:DuelistLetterOpener"},{"floor":31.0,"key":"Calipers"},{"floor":40,"key":"Letter Opener"},{"floor":43,"key":"theDuelist:ArmorPlateD"},{"floor":48,"key":"Darkstone Periapt"}],"event_choices":[{"cards_removed":["theDuelist:Sparks"],"damage_healed":0.0,"max_hp_gain":0.0,"max_hp_loss":0.0,"gold_gain":0.0,"event_name":"Golden Wing","player_choice":"Card Removal","floor":2.0,"gold_loss":0.0,"damage_taken":7.0},{"damage_healed":0.0,"max_hp_gain":0.0,"max_hp_loss":0.0,"gold_gain":0.0,"event_name":"Battle City","player_choice":"Fight","duelist":true,"floor":4.0,"gold_loss":0.0,"damage_taken":0.0},{"damage_healed":0.0,"max_hp_gain":0.0,"max_hp_loss":0.0,"gold_gain":0.0,"event_name":"Mushrooms","player_choice":"Fought Mushrooms","floor":7.0,"gold_loss":0.0,"damage_taken":0.0},{"damage_healed":0.0,"max_hp_gain":0.0,"max_hp_loss":0.0,"gold_gain":0.0,"event_name":"Card Trader","player_choice":"Purchased G. Dragon Champion for 133 Gold.","duelist":true,"floor":13.0,"gold_loss":0.0,"damage_taken":0.0},{"damage_healed":0.0,"max_hp_gain":0.0,"max_hp_loss":0.0,"gold_gain":0.0,"event_name":"The Woman in Blue","player_choice":"Bought 2 Potions","floor":27.0,"gold_loss":0.0,"damage_taken":0.0},{"damage_healed":0.0,"max_hp_gain":0.0,"max_hp_loss":0.0,"gold_gain":0.0,"event_name":"Aknamkanon\u0027s Tomb","player_choice":"Brew - 2x Potion Slots","duelist":true,"floor":37.0,"gold_loss":0.0,"damage_taken":0.0},{"damage_healed":0,"gold_gain":0,"player_choice":"Duplicated Relic - Dragon Statue","duelist":true,"damage_taken":0,"max_hp_gain":0,"max_hp_loss":0,"event_name":"Relic Duplicator","floor":42,"gold_loss":0},{"damage_healed":0,"gold_gain":0,"cards_transformed":["theDuelist:SuperancientDinobeast"],"player_choice":"Transformed","damage_taken":0,"max_hp_gain":0,"max_hp_loss":0,"event_name":"Transmorgrifier","floor":47,"gold_loss":0,"cards_obtained":["theDuelist:Babycerasaurus"]}],"is_beta":false,"boss_relics":[{"not_picked":["SlaversCollar","theDuelist:MillenniumKey"],"picked":"Calling Bell"},{"not_picked":["Coffee Dripper","Busted Crown"],"picked":"Cursed Key"}],"items_purged_floors":[3,30],"is_endless":false,"potions_floor_spawned":[4,10,16,18,19,21,22,28,40,45,46,48],"ascension_level":0}}