{"host":"80x1ozqd5wpd4nvo","time":1610936623,"event":{"mods":["2.2 Compatiblity","Aspiration","BaseMod","Better Altar","Better Match","Better Note","Better Sensory Stone","Better Skull","Better Third Choice","BetterRewards","Card Forge","Custom Start","DNKmod","Defuse TimeMaze Blight","Dota2Spire","Energized Spire","Friendly Minions","GifTheSpireLib","Hubris","Infinite Spire","Minty Spire (QoL Compilation)","Permanent Neow","Poor People Problems","Shop Mod","Spicy Shops","StSLib","The Blue Laboratory","The Mystic","??????REMEMod"],"gold_per_floor":[1213,1233,917,937,955,990,990,1021,1021,1054,1075,704,738,758,758,862,862,880,880,891,891,891,916,916,945,945,462,473,473,490,410,410,510,510,522,539,589,589,604,631,631,644,668,696,716,727,453,453,453,533,533,533,214,243,243],"floor_reached":56,"language":"ENG","playtime":3172,"items_purged":["mysticmod:Strike_Mystic","mysticmod:Defend_Mystic"],"score":1555,"play_id":"e661acfb-fc95-4145-a5f3-1a3b51123935","local_time":"20210118032343","is_ascension_mode":true,"campfire_choices":[{"data":"mysticmod:MagicMissile","floor":7,"key":"SMITH"},{"data":"mysticmod:SuddenClarity","floor":15,"key":"SMITH"},{"data":"mysticmod:HeavyStrike","floor":24,"key":"SMITH"},{"data":"mysticmod:CorrosiveTouch","floor":32,"key":"SMITH"},{"data":"mysticmod:MirrorEntity","floor":41,"key":"SMITH"},{"floor":49,"key":"RECALL"},{"data":"mysticmod:MysticalShield","floor":52,"key":"SMITH"}],"circlet_count":0,"master_deck":["mysticmod:Strike_Mystic","mysticmod:Defend_Mystic","mysticmod:ArcaneDodge","mysticmod:ShockingGrasp","mysticmod:PowerSlash+1","mysticmod:SummonFamiliar","mysticmod:SummonFamiliar","mysticmod:MagicMissile+1","mysticmod:Dedication","mysticmod:ComponentsPouch+1","mysticmod:DiviningBlow","mysticmod:SummonFamiliar","mysticmod:MagicWeapon","mysticmod:Grapple","mysticmod:SpontaneousCaster","mysticmod:SuddenClarity+1","mysticmod:Snowball","mysticmod:PreparedCaster","mysticmod:MysticalShield+1","infinitespire:Neurotoxin","mysticmod:CorrosiveTouch+1","mysticmod:HeavyStrike+1","mysticmod:PureInstinct","mysticmod:FloatingDisk","REME_WheelOfFate","mysticmod:Disengage+1","mysticmod:ClosingBarrage+1","mysticmod:PowerSlash+1","mysticmod:BladeMaster+1","mysticmod:SummonFamiliar","mysticmod:MirrorEntity+1","mysticmod:Discipline","mysticmod:TomeOfSpells+1","mysticmod:ObscuringMist","mysticmod:Flurry+1","mysticmod:PunishingArmor+1","REME_FirmDetermination"],"relics":["mysticmod:SpellBook","Hammer of Thor","Seething Fire","Anvil of the Gods","REME_ComplimentaryCards","aspiration:Nostalgia","Cracked Core","Medical Kit","Pantograph","Dota2Spire:OrchidMalevolence","infinitespire:WardingShard","WingedGreaves","Odd Mushroom","Sling","TheAbacus","Prayer Wheel","aspiration:PoetsPen_weak","hubris:Towel","MutagenicStrength","Dota2Spire:DrumOfEndurance","Dota2Spire:MagicBottle","Dota2Spire:Satanic","Membership Card","Astrolabe","aspiration:ChemicalBlood","Busted Crown","Dota2Spire:Mjollnir","Dota2Spire:MaskOfMadness","Whetstone","Dota2Spire:UrnOfShadows","Centennial Puzzle","aspiration:VileToxins","hubris:GlazedTorus","hubris:EmptyBottle","Membership Card","Bag of Marbles","Bag of Marbles","Blood Vial","Dota2Spire:Vanguard","aspiration:HatOfInfinitePower"],"acts_visited":["Exordium","TheCity","TheBeyond","TheEnding"],"potions_floor_usage":[10,16,23,25,37,37,50,50,50,50,50,54,54,54,55,55,55],"damage_taken":[{"damage":0,"enemies":"Small Slimes","floor":1,"turns":2},{"damage":0,"enemies":"Jaw Worm","floor":2,"turns":2},{"damage":0,"enemies":"2 Louse","floor":4,"turns":2},{"damage":7,"enemies":"Exordium Thugs","floor":5,"turns":4},{"damage":0,"enemies":"Lagavulin","floor":6,"turns":4},{"damage":0,"enemies":"Gremlin Nob","floor":8,"turns":3},{"damage":16,"enemies":"Lagavulin","floor":10,"turns":3},{"damage":13,"enemies":"The Mushroom Lair","floor":11,"turns":3},{"damage":3,"enemies":"Gremlin Nob","floor":13,"turns":3},{"damage":7,"enemies":"Red Slaver","floor":14,"turns":4},{"damage":0,"enemies":"Slime Boss","floor":16,"turns":4},{"damage":6,"enemies":"Chosen","floor":18,"turns":4},{"damage":0,"enemies":"Spheric Guardian","floor":20,"turns":3},{"damage":22,"enemies":"Gremlin Leader","floor":23,"turns":4},{"damage":3,"enemies":"Book of Stabbing","floor":25,"turns":4},{"damage":4,"enemies":"Shelled Parasite and Fungi","floor":28,"turns":2},{"damage":0,"enemies":"Centurion and Healer","floor":30,"turns":5},{"damage":15,"enemies":"Automaton","floor":33,"turns":5},{"damage":7,"enemies":"3 Shapes","floor":35,"turns":4},{"damage":0,"enemies":"Orb Walker","floor":36,"turns":1},{"damage":6,"enemies":"Mind Bloom Boss Battle","floor":37,"turns":4},{"damage":0,"enemies":"3 Darklings","floor":39,"turns":2},{"damage":0,"enemies":"Giant Head","floor":40,"turns":4},{"damage":2,"enemies":"4 Shapes","floor":42,"turns":3},{"damage":0,"enemies":"Nemesis","floor":44,"turns":4},{"damage":13,"enemies":"Writhing Mass","floor":45,"turns":2},{"damage":26,"enemies":"Jaw Worm Horde","floor":46,"turns":3},{"damage":16,"enemies":"Donu and Deca","floor":50,"turns":6},{"damage":32,"enemies":"Shield and Spear","floor":54,"turns":3},{"damage":29,"enemies":"The Heart","floor":55,"turns":5}],"seed_played":"4692471631047150634","potions_obtained":[{"floor":1,"key":"blueLaboratory:HeartbeatPotion"},{"floor":8,"key":"PowerPotion"},{"floor":10,"key":"blueLaboratory:HeartbeatPotion"},{"floor":14,"key":"Strength Potion"},{"floor":20,"key":"blueLaboratory:BottledHope"},{"floor":25,"key":"blueLaboratory:BubblePotion"},{"floor":33,"key":"blueLaboratory:BottleOfVodka"},{"floor":37,"key":"Dota2Spire:Clarity"},{"floor":37,"key":"Energy Potion"},{"floor":46,"key":"blueLaboratory:ImpenetrablePotion"}],"is_trial":false,"path_per_floor":["M","M","$","M","M","E","R","E","T","E","?","$","E","M","R","B",null,"M","?","M","?","?","E","R","E","T","$","M","AVR","M","$","R","B",null,"M","M","?","?","M","E","R","M","T","E","M","M","$","?","R","B",null,"R","$","E","B",null],"character_chosen":"MYSTIC_CLASS","items_purchased":["Medical Kit","mysticmod:SummonFamiliar","mysticmod:MagicMissile","Sling","TheAbacus","mysticmod:SpontaneousCaster","REME_WheelOfFate","Dota2Spire:Satanic","mysticmod:MirrorEntity","REME_FirmDetermination","hubris:GlazedTorus","hubris:EmptyBottle","Membership Card","Bag of Marbles","Bag of Marbles","Blood Vial","PowerPotion","Swift Potion","Dota2Spire:Vanguard"],"campfire_rested":0,"item_purchase_floors":[3,3,3,12,12,12,27,27,31,47,47,47,53,53,53,53,53,53,53],"current_hp_per_floor":[100,100,100,100,93,93,93,93,93,77,64,64,61,54,54,79,100,94,94,94,94,94,72,72,69,69,69,65,65,65,65,65,85,100,93,93,94,94,94,94,94,92,92,95,82,56,56,56,56,65,95,95,95,95,69],"gold":243,"neow_bonus":"NOSTALGIA","is_daily":false,"chose_seed":false,"campfire_upgraded":6,"win_rate":0.0,"timestamp":1610936623,"path_taken":["M","M","$","M","M","E","R","E","T","E","?","$","E","M","R","BOSS","M","?","M","?","?","E","R","E","T","?","M","AVR","?","?","R","BOSS","M","M","?","?","M","E","R","?","T","E","M","?","$","?","R","BOSS","R","$","E","BOSS"],"items_purchased_type":["Relic","Card","Card","Relic","Relic","Card","Card","Relic","Card","Card","Relic","Relic","Relic","Relic","Relic","Relic","Potion","Potion","Relic"],"build_version":"2020-12-22","purchased_purges":2,"victory":true,"max_hp_per_floor":[100,100,100,100,100,100,100,100,100,100,100,100,100,100,100,100,100,100,100,100,100,100,100,100,100,100,100,100,100,100,100,100,100,100,100,100,100,100,100,100,100,100,100,100,100,100,100,95,95,95,95,95,95,95,95],"card_choices":[{"not_picked":["mysticmod:HunkerDown","mysticmod:EnergizedRift"],"picked":"mysticmod:PowerSlash","floor":1},{"not_picked":["mysticmod:FiveFootStep","mysticmod:EarthenWall"],"picked":"mysticmod:SummonFamiliar","floor":2},{"not_picked":["mysticmod:EnergizedRift","mysticmod:ChargedParry"],"picked":"mysticmod:Dedication","floor":4},{"not_picked":["mysticmod:EbbAndFlow","mysticmod:BulkUp"],"picked":"mysticmod:ComponentsPouch","floor":5},{"not_picked":["mysticmod:MagicWeapon","mysticmod:Shield"],"picked":"mysticmod:DiviningBlow","floor":6},{"not_picked":["mysticmod:FloatingDisk","mysticmod:HunkerDown"],"picked":"mysticmod:SummonFamiliar","floor":8},{"not_picked":["mysticmod:PowerSlash","mysticmod:SummonFamiliar"],"picked":"mysticmod:MagicWeapon","floor":10},{"not_picked":["mysticmod:BladeMaster","mysticmod:CorrosiveTouch"],"picked":"mysticmod:Grapple","floor":11},{"not_picked":["mysticmod:Haste","mysticmod:Sideswipe"],"picked":"mysticmod:SuddenClarity","floor":13},{"not_picked":["mysticmod:Alacrity","mysticmod:Riposte"],"picked":"mysticmod:Snowball","floor":14},{"not_picked":["mysticmod:PowerAttack","mysticmod:IllusionOfCalm","mysticmod:PreparedCaster"],"picked":"SKIP","floor":14},{"not_picked":["mysticmod:PowerAttack","mysticmod:IllusionOfCalm"],"picked":"mysticmod:PreparedCaster","floor":14},{"not_picked":["mysticmod:SpontaneousCaster","mysticmod:EnchantedMoulinet"],"picked":"mysticmod:MysticalShield","floor":16},{"not_picked":["mysticmod:MagicWeapon","mysticmod:Alacrity"],"picked":"mysticmod:CorrosiveTouch","floor":18},{"not_picked":["mysticmod:DiviningBlow","mysticmod:StyleChange"],"picked":"mysticmod:HeavyStrike","floor":18},{"not_picked":["mysticmod:EbbAndFlow","mysticmod:PreparedCaster"],"picked":"mysticmod:PureInstinct","floor":20},{"not_picked":["mysticmod:MagicMissile+1","mysticmod:Grapple","mysticmod:AllIn"],"picked":"SKIP","floor":20},{"not_picked":["mysticmod:HeavyStrike","mysticmod:Sideswipe","mysticmod:ComponentsPouch"],"picked":"SKIP","floor":23},{"not_picked":["mysticmod:Probe","mysticmod:Riposte"],"picked":"mysticmod:FloatingDisk","floor":25},{"not_picked":["mysticmod:DiviningBlow","mysticmod:BulkUp"],"picked":"mysticmod:Disengage+1","floor":28},{"not_picked":["mysticmod:Sideswipe","mysticmod:KnowledgePool","mysticmod:Daze"],"picked":"SKIP","floor":28},{"not_picked":["mysticmod:Snowball","mysticmod:Fireball"],"picked":"mysticmod:SummonFamiliar","floor":30},{"not_picked":["mysticmod:EarthenWall+1","mysticmod:DiviningBlow","mysticmod:SuddenClarity"],"picked":"SKIP","floor":30},{"not_picked":["mysticmod:ClosingBarrage","mysticmod:MirrorEntity"],"picked":"mysticmod:Discipline","floor":33},{"not_picked":["mysticmod:Fly"],"picked":"SKIP","floor":35},{"not_picked":["mysticmod:Riposte"],"picked":"SKIP","floor":35},{"not_picked":["mysticmod:StyleChange+1"],"picked":"SKIP","floor":36},{"not_picked":["mysticmod:MirrorStrike+1"],"picked":"SKIP","floor":36},{"not_picked":[],"picked":"mysticmod:TomeOfSpells+1","floor":39},{"not_picked":["mysticmod:Sideswipe"],"picked":"SKIP","floor":39},{"not_picked":["mysticmod:Sideswipe"],"picked":"SKIP","floor":39},{"not_picked":["mysticmod:TomeOfSpells+1"],"picked":"SKIP","floor":40},{"not_picked":[],"picked":"mysticmod:ObscuringMist","floor":42},{"not_picked":["mysticmod:Grease"],"picked":"SKIP","floor":42},{"not_picked":["mysticmod:Grease"],"picked":"SKIP","floor":42},{"not_picked":[],"picked":"mysticmod:Flurry+1","floor":44},{"not_picked":[],"picked":"mysticmod:PunishingArmor+1","floor":45},{"not_picked":["mysticmod:VorpalThrust"],"picked":"SKIP","floor":45},{"not_picked":["mysticmod:LightningBolt"],"picked":"SKIP","floor":46},{"not_picked":["mysticmod:LightningBolt+1"],"picked":"SKIP","floor":46},{"not_picked":["mysticmod:Sideswipe"],"picked":"SKIP","floor":54}],"player_experience":241874,"relics_obtained":[{"floor":6,"key":"Pantograph"},{"floor":8,"key":"Dota2Spire:OrchidMalevolence"},{"floor":9,"key":"infinitespire:WardingShard"},{"floor":10,"key":"WingedGreaves"},{"floor":11,"key":"Odd Mushroom"},{"floor":13,"key":"Prayer Wheel"},{"floor":23,"key":"Dota2Spire:DrumOfEndurance"},{"floor":25,"key":"Dota2Spire:MagicBottle"},{"floor":37,"key":"Dota2Spire:Mjollnir"},{"floor":40,"key":"Dota2Spire:MaskOfMadness"},{"floor":43,"key":"Whetstone"},{"floor":44,"key":"Centennial Puzzle"},{"floor":54,"key":"aspiration:HatOfInfinitePower"}],"event_choices":[{"damage_healed":0,"gold_gain":0,"player_choice":"Fought Mushrooms","damage_taken":0,"max_hp_gain":0,"max_hp_loss":0,"event_name":"Mushrooms","floor":11,"gold_loss":0},{"damage_healed":0,"gold_gain":0,"player_choice":"Ignored","damage_taken":0,"max_hp_gain":0,"max_hp_loss":0,"event_name":"Ghosts","floor":21,"gold_loss":0},{"damage_healed":0,"gold_gain":0,"player_choice":"Inject Mutagens","damage_taken":0,"relics_obtained":["MutagenicStrength"],"max_hp_gain":0,"max_hp_loss":0,"event_name":"Drug Dealer","floor":22,"gold_loss":0},{"damage_healed":0,"gold_gain":0,"player_choice":"Fight","damage_taken":0,"max_hp_gain":0,"max_hp_loss":0,"event_name":"MindBloom","floor":37,"gold_loss":0},{"cards_removed":["mysticmod:Strike_Mystic"],"damage_healed":0,"gold_gain":0,"player_choice":"Purged","damage_taken":0,"max_hp_gain":0,"max_hp_loss":0,"event_name":"Purifier","floor":38,"gold_loss":0},{"damage_healed":0,"gold_gain":0,"player_choice":"Max HP","damage_taken":0,"max_hp_gain":0,"max_hp_loss":5,"event_name":"Winding Halls","floor":48,"gold_loss":0}],"is_beta":false,"boss_relics":[{"not_picked":["energizedSpire:CursedPentagram","energizedSpire:MagnifyingGlass"],"picked":"aspiration:PoetsPen_weak"},{"not_picked":["aspiration:RunicSpoon","mysticmod:DeckOfManyThings"],"picked":"Busted Crown"}],"items_purged_floors":[3,53],"is_endless":false,"potions_floor_spawned":[1,8,10,14,20,25,30,33,36,37,46],"ascension_level":1}}