{"host":"y89x8uui45kcjy42","time":1610953950,"event":{"mods":["2.2 Compatiblity","BaseMod","CapriCore","Colored Map","Colored Powertips","Custom Start","Friendly Minions","Keyboard Shortcuts","Minty Spire (QoL Compilation)","Relic Stats","Replay The Spire","Slay the Relics Exporter","StSLib","SuperFastMode","Uncapped"],"gold_per_floor":[118,168,1920,1582,1596,1596,1627,1627,1627,1653,1667,1667,1699,1725,1725,1799,1799,1810,1824,1494,1494,1494],"floor_reached":21,"language":"KOR","playtime":710,"items_purged":["Strike_P"],"score":610,"play_id":"d9a6b738-eccd-4e8a-a7b1-75a2f4f1fb49","local_time":"20210118161230","is_ascension_mode":true,"campfire_choices":[{"data":"Eruption","floor":6,"key":"SMITH"},{"data":"MentalFortress","floor":8,"key":"SMITH"},{"data":"ReplayTheSpireMod:Brewmster","floor":12,"key":"SMITH"},{"data":"Replay:Vibes","floor":15,"key":"SMITH"}],"circlet_count":0,"master_deck":["Strike_P","Defend_P","Defend_P","Eruption+1","Vigilance","DevaForm","Replay:AtTheReady","MentalFortress+1","Tantrum","ReplayTheSpireMod:Brewmster+1","Replay:Vibes+1","Wish","Replay:DivineShield","TalkToTheHand+1"],"relics":["PureWater","Omamori","Vajra","Oddly Smooth Stone","Odd Mushroom","Mummified Hand","Membership Card","Replay:Baseball","Medical Kit","TungstenRod","Lantern","PreservedInsect","Simple Rune","Potion Belt","WingedGreaves","Molten Egg 2","Prayer Wheel","Cursed Key","Mango","Regal Pillow"],"acts_visited":["Exordium","TheCity"],"potions_floor_usage":[10,10,10,11,13,13,14,14,14,16,16,16,18,19,21,21,21,21,21],"damage_taken":[{"damage":6,"enemies":"Small Slimes","floor":1,"turns":4},{"damage":0,"enemies":"Cultist","floor":5,"turns":3},{"damage":0,"enemies":"Lagavulin","floor":7,"turns":5},{"damage":18,"enemies":"3 Sentries","floor":10,"turns":8},{"damage":0,"enemies":"Jaw Worm","floor":11,"turns":4},{"damage":0,"enemies":"Gremlin Nob","floor":13,"turns":3},{"damage":11,"enemies":"Lagavulin","floor":14,"turns":3},{"damage":9,"enemies":"Hexaghost","floor":16,"turns":7},{"damage":35,"enemies":"Shell Parasite","floor":18,"turns":5},{"damage":0,"enemies":"2 Thieves","floor":19,"turns":4},{"damage":43,"enemies":"Cultist and Chosen","floor":21,"turns":5}],"seed_played":"4582358496648159060","potions_obtained":[{"floor":7,"key":"Explosive Potion"},{"floor":10,"key":"DistilledChaos"},{"floor":13,"key":"Venom Potion"},{"floor":18,"key":"SkillPotion"}],"is_trial":false,"path_per_floor":["M","?","$","$","M","R","E","R","T","E","M","R","E","E","R","B",null,"M","M","$","M"],"character_chosen":"WATCHER","items_purchased":["Replay:Baseball","MentalFortress","Tantrum","ReplayTheSpireMod:Brewmster","Medical Kit","TungstenRod","Lantern","Mango","Regal Pillow","TalkToTheHand+1"],"campfire_rested":0,"item_purchase_floors":[3,3,3,3,4,4,4,20,20,20],"current_hp_per_floor":[55,49,49,49,49,49,49,49,49,31,31,31,31,20,20,11,54,19,19,33,0,0],"gold":1494,"neow_bonus":"THREE_RARE_CARDS","is_daily":false,"chose_seed":false,"campfire_upgraded":4,"win_rate":0.0,"timestamp":1610953950,"path_taken":["M","?","?","$","?","R","E","R","T","E","?","R","E","E","R","BOSS","M","M","$","M"],"items_purchased_type":["Relic","Card","Card","Card","Relic","Relic","Relic","Relic","Relic","Card"],"build_version":"2020-12-22","purchased_purges":1,"victory":false,"max_hp_per_floor":[68,68,68,68,68,68,68,68,68,68,68,68,68,68,68,68,68,68,68,82,82,82],"relic_stats":{"Regal Pillow":0,"counters":[11,51],"Mummified Hand":[36],"Prayer Wheel":2,"PreservedInsect":85,"Medical Kit":[9],"Cursed Key":0,"obtain_stats":[{"Potion Belt":10,"Lantern":4,"Regal Pillow":20,"Vajra":0,"Oddly Smooth Stone":0,"Mango":20,"PreservedInsect":7,"Omamori":0,"Odd Mushroom":0,"Medical Kit":4,"Cursed Key":17,"Replay:Baseball":3,"Mummified Hand":0,"Simple Rune":10,"Molten Egg 2":13,"Prayer Wheel":14,"WingedGreaves":0,"Membership Card":0,"PureWater":0,"TungstenRod":4},{"Potion Belt":4,"Lantern":1,"Regal Pillow":10,"Vajra":0,"Oddly Smooth Stone":0,"Mango":10,"PreservedInsect":3,"Omamori":0,"Odd Mushroom":0,"Medical Kit":1,"Cursed Key":8,"Replay:Baseball":1,"Mummified Hand":0,"Simple Rune":4,"Molten Egg 2":6,"Prayer Wheel":7,"WingedGreaves":0,"Membership Card":0,"PureWater":0,"TungstenRod":1},{"Potion Belt":20,"Lantern":4,"Regal Pillow":46,"Vajra":0,"Oddly Smooth Stone":0,"Mango":46,"PreservedInsect":12,"Omamori":0,"Odd Mushroom":0,"Medical Kit":4,"Cursed Key":37,"Replay:Baseball":4,"Mummified Hand":0,"Simple Rune":20,"Molten Egg 2":27,"Prayer Wheel":30,"WingedGreaves":0,"Membership Card":0,"PureWater":0,"TungstenRod":4}],"TungstenRod":9},"card_choices":[{"not_picked":["Blasphemy","SpiritShield"],"picked":"DevaForm","floor":0},{"not_picked":["ThirdEye","Swivel"],"picked":"Replay:AtTheReady","floor":1},{"not_picked":["Prostrate","Meditate","CutThroughFate"],"picked":"SKIP","floor":5},{"not_picked":["DeceiveReality","FlurryOfBlows","Wallop"],"picked":"SKIP","floor":7},{"not_picked":["SignatureMove","Replay:ManipulateFuture","EmptyFist"],"picked":"SKIP","floor":10},{"not_picked":["WindmillStrike","FlurryOfBlows","ReachHeaven"],"picked":"SKIP","floor":11},{"not_picked":["JustLucky+1","Devotion","Sanctity"],"picked":"SKIP","floor":13},{"not_picked":["BattleHymn","SashWhip+1"],"picked":"Replay:Vibes","floor":14},{"not_picked":["ConjureBlade","Scrawl"],"picked":"Wish","floor":16},{"not_picked":["Protect","SignatureMove+1"],"picked":"Replay:DivineShield","floor":18},{"not_picked":["Replay:AtTheReady","CrushJoints+1","Replay:BluntJabs+1"],"picked":"SKIP","floor":18},{"not_picked":["CrushJoints+1","ForeignInfluence","Consecrate+1"],"picked":"SKIP","floor":19},{"not_picked":["CutThroughFate+1","EmptyMind","Evaluate"],"picked":"SKIP","floor":19}],"player_experience":627454,"relics_obtained":[{"floor":7,"key":"PreservedInsect"},{"floor":10,"key":"Simple Rune"},{"floor":13,"key":"Molten Egg 2"},{"floor":14,"key":"Prayer Wheel"}],"event_choices":[{"damage_healed":0,"gold_gain":50,"player_choice":"Touch","damage_taken":6,"max_hp_gain":0,"max_hp_loss":0,"event_name":"FaceTrader","floor":2,"gold_loss":0}],"is_beta":false,"boss_relics":[{"not_picked":["Runic Dome","Philosopher\u0027s Stone"],"picked":"Cursed Key"}],"items_purged_floors":[20],"is_endless":false,"potions_floor_spawned":[7,10,13,18,19],"killed_by":"Cultist and Chosen","ascension_level":20}}