{"host":"jpcy2bclvs7juczu","time":1610978969,"event":{"mods":["AchievementEnabler","BaseMod","Block Reminder","Colored Map","Colored Powertips","Curses Come First","Dark Map","Minty Spire (QoL Compilation)","Quick Restart","Relic Stats","StSLib","ojb\u0027s Better Paths Mod","ojb\u0027s Info Mod","slay the spire mod where everything is the same but ironclad has a cowboy hat"],"gold_per_floor":[369,380,207,35,45,75,95,95,144,156,243,283,295,332,344,434,446,478,509,521,553,577,589,611,623,662,685,697,697],"floor_reached":28,"language":"ENG","playtime":908,"items_purged":[],"score":480,"play_id":"ea1398ec-77a5-4445-b56f-f97db2244116","local_time":"20210118140929","is_ascension_mode":true,"campfire_choices":[{"data":"Fiend Fire","floor":8.0,"key":"SMITH"},{"data":"Perfected Strike","floor":10.0,"key":"SMITH"},{"data":"Evolve","floor":13.0,"key":"SMITH"},{"data":"Second Wind","floor":15.0,"key":"SMITH"},{"floor":23.0,"key":"REST"},{"floor":25.0,"key":"REST"}],"circlet_count":0,"master_deck":["AscendersBane","Strike_R","Strike_R","Strike_R","Strike_R","Strike_R","Defend_R+1","Defend_R","Defend_R","Defend_R","Bash","Perfected Strike+1","Evolve+1","Fiend Fire+1","Second Wind+1","Armaments+1","Ghostly Armor+1","Cleave","Thunderclap+1","Pommel Strike+1","Immolate"],"relics":["Burning Blood","Lantern","Matryoshka","Dream Catcher","MawBank","Akabeko","Bag of Preparation","Black Star","Bag of Marbles","War Paint"],"acts_visited":["Exordium","TheCity"],"potions_floor_usage":[],"damage_taken":[{"damage":6.0,"enemies":"Cultist","floor":1.0,"turns":3.0},{"damage":0.0,"enemies":"2 Louse","floor":2.0,"turns":3.0},{"damage":12.0,"enemies":"Jaw Worm","floor":5.0,"turns":2.0},{"damage":35.0,"enemies":"3 Sentries","floor":6.0,"turns":10.0},{"damage":3.0,"enemies":"Blue Slaver","floor":7.0,"turns":3.0},{"damage":12.0,"enemies":"Lagavulin","floor":12.0,"turns":5.0},{"damage":12.0,"enemies":"3 Sentries","floor":14.0,"turns":7.0},{"damage":13.0,"enemies":"Slime Boss","floor":16.0,"turns":5.0},{"damage":29.0,"enemies":"3 Byrds","floor":18.0,"turns":6.0},{"damage":7.0,"enemies":"Chosen","floor":19.0,"turns":3.0},{"damage":0.0,"enemies":"Snecko","floor":21.0,"turns":2.0},{"damage":24.0,"enemies":"Snake Plant","floor":22.0,"turns":4.0},{"damage":26.0,"enemies":"3 Cultists","floor":24.0,"turns":5.0},{"damage":0.0,"enemies":"Shelled Parasite and Fungi","floor":27.0,"turns":2.0},{"damage":55,"enemies":"Book of Stabbing","floor":28,"turns":5}],"seed_played":"-2732265325407786599","potions_obtained":[{"floor":1.0,"key":"BloodPotion"},{"floor":5.0,"key":"Fruit Juice"},{"floor":6.0,"key":"Energy Potion"},{"floor":7.0,"key":"BlessingOfTheForge"},{"floor":19.0,"key":"SkillPotion"},{"floor":21.0,"key":"Block Potion"},{"floor":22.0,"key":"FearPotion"}],"is_trial":false,"path_per_floor":["M","M","$","$","M","E","M","R","T","R","?","E","R","E","R","B",null,"M","M","?","M","M","R","M","R","T","M","E"],"character_chosen":"IRONCLAD","items_purchased":["Lantern","Fiend Fire","Second Wind"],"campfire_rested":2,"item_purchase_floors":[3,4,4],"current_hp_per_floor":[68,68,68,68,62,46,54,54,54,54,43,37,37,31,31,24,61,38,37,37,43,25,46,26,47,47,53,0,0],"gold":697,"neow_bonus":"TWO_FIFTY_GOLD","is_daily":false,"chose_seed":false,"campfire_upgraded":4,"win_rate":0.0,"timestamp":1610978969,"path_taken":["M","M","?","$","M","E","M","R","T","R","?","E","R","E","R","BOSS","M","M","?","M","M","R","M","R","T","M","E"],"items_purchased_type":["Relic","Card","Card"],"build_version":"2020-12-22","purchased_purges":0,"victory":false,"max_hp_per_floor":[68,68,68,68,68,68,73,73,73,73,73,73,73,73,73,73,73,73,73,73,73,73,73,73,73,73,73,73,73],"relic_stats":{"Dream Catcher":2,"counters":[15,65],"Bag of Preparation":[16],"Black Star":0,"War Paint":["Defend_R","Ghostly Armor"],"MawBank":228,"obtain_stats":[{"Lantern":3,"Dream Catcher":9,"Matryoshka":6,"Bag of Preparation":14,"Black Star":17,"Bag of Marbles":26,"War Paint":26,"MawBank":9,"Burning Blood":0,"Akabeko":12},{"Lantern":2,"Dream Catcher":5,"Matryoshka":4,"Bag of Preparation":7,"Black Star":8,"Bag of Marbles":13,"War Paint":13,"MawBank":5,"Burning Blood":0,"Akabeko":6},{"Lantern":6,"Dream Catcher":21,"Matryoshka":18,"Bag of Preparation":33,"Black Star":38,"Bag of Marbles":58,"War Paint":58,"MawBank":21,"Burning Blood":0,"Akabeko":26}],"Burning Blood":78},"card_choices":[{"not_picked":["Searing Blow","Pummel"],"picked":"Perfected Strike","floor":1.0},{"not_picked":["Perfected Strike","Seeing Red"],"picked":"Evolve","floor":2.0},{"not_picked":["Warcry","Sword Boomerang"],"picked":"Armaments","floor":5.0},{"not_picked":["Dropkick","Searing Blow"],"picked":"Ghostly Armor","floor":6.0},{"not_picked":["Metallicize","Armaments","True Grit"],"picked":"SKIP","floor":7.0},{"not_picked":["Shrug It Off","Heavy Blade"],"picked":"Cleave","floor":12.0},{"not_picked":["Thunderclap","Clothesline","Sword Boomerang"],"picked":"SKIP","floor":14.0},{"not_picked":["Warcry","Armaments","Fire Breathing"],"picked":"SKIP","floor":18.0},{"not_picked":["Inflame","True Grit","Dropkick"],"picked":"SKIP","floor":19.0},{"not_picked":["Sword Boomerang","Warcry","Twin Strike"],"picked":"SKIP","floor":21.0},{"not_picked":["Body Slam","Armaments","Cleave+1"],"picked":"SKIP","floor":22.0},{"not_picked":["Anger","Iron Wave"],"picked":"Thunderclap+1","floor":23.0},{"not_picked":["True Grit","Sword Boomerang"],"picked":"Pommel Strike+1","floor":24.0},{"not_picked":["True Grit","Rage"],"picked":"Immolate","floor":25.0},{"not_picked":["Havoc","Clothesline","Infernal Blade"],"picked":"SKIP","floor":27.0}],"player_experience":417996,"relics_obtained":[{"floor":6.0,"key":"Matryoshka"},{"floor":9.0,"key":"Dream Catcher"},{"floor":9.0,"key":"MawBank"},{"floor":12.0,"key":"Akabeko"},{"floor":14.0,"key":"Bag of Preparation"},{"floor":26.0,"key":"Bag of Marbles"},{"floor":26.0,"key":"War Paint"}],"event_choices":[{"damage_healed":0.0,"max_hp_gain":0.0,"max_hp_loss":0.0,"gold_gain":75.0,"event_name":"World of Goop","player_choice":"Gather Gold","floor":11.0,"gold_loss":0.0,"damage_taken":11.0},{"damage_healed":0.0,"max_hp_gain":0.0,"max_hp_loss":0.0,"gold_gain":0.0,"event_name":"Accursed Blacksmith","player_choice":"Forge","floor":20.0,"gold_loss":0.0,"damage_taken":0.0,"cards_upgraded":["Armaments"]}],"is_beta":false,"boss_relics":[{"not_picked":["Fusion Hammer","SacredBark"],"picked":"Black Star"}],"items_purged_floors":[],"is_endless":false,"potions_floor_spawned":[1,5,6,7,19,21,22],"killed_by":"Book of Stabbing","ascension_level":20}}