{"host":"1a3cjta80tad0aqj","time":1610955324,"event":{"mods":["2.2 Compatiblity","AchievementEnabler","BaseMod","Colored Map","DeckTracker","KOR Keyword Fix","Keyboard Shortcuts","Minty Spire (QoL Compilation)","Permanent Neow","Quick Restart","Random Character Button","StSLib","SuperFastMode","everything is the same but u backflip on backflip"],"gold_per_floor":[219,219,236,254,272,272,64,64,64,64,139,139,153,167,167,245,245,271,194,205,124,124,124,124,124,124,124,50,70,99,99,99,174,174,194,214,264,264,264],"floor_reached":38,"language":"KOR","playtime":1169,"items_purged":[],"score":669,"play_id":"711764a3-8aac-4568-af55-d14aead471cf","local_time":"20210118163524","is_ascension_mode":true,"campfire_choices":[{"data":"Eruption","floor":6.0,"key":"SMITH"},{"data":"Wallop","floor":12.0,"key":"SMITH"},{"floor":15.0,"key":"REST"},{"data":"Vault","floor":23.0,"key":"SMITH"},{"data":"Trip","floor":25.0,"key":"SMITH"},{"data":"BowlingBash","floor":27.0,"key":"SMITH"},{"floor":32.0,"key":"REST"}],"circlet_count":0,"master_deck":["AscendersBane","Strike_P","Strike_P+1","Defend_P","Defend_P","Defend_P+1","Eruption+1","Vigilance","EmptyFist","FollowUp+1","Wallop+1","Adaptation+1","LessonLearned","BowlingBash+1","Judgement+1","CurseOfTheBell","Trip+1","FlurryOfBlows","MentalFortress","FollowUp+1","Vault+1","FearNoEvil","Vault","Meditate+1","CutThroughFate","Meditate+1","DeusExMachina"],"relics":["PureWater","Ginger","Calling Bell","MawBank","Shuriken","Girya","Prayer Wheel","Torii","Yang","Fusion Hammer"],"acts_visited":["Exordium","TheCity","TheBeyond"],"potions_floor_usage":[38],"damage_taken":[{"damage":3.0,"enemies":"2 Louse","floor":1.0,"turns":4.0},{"damage":0.0,"enemies":"Cultist","floor":3.0,"turns":2.0},{"damage":2.0,"enemies":"Jaw Worm","floor":4.0,"turns":2.0},{"damage":4.0,"enemies":"3 Louse","floor":5.0,"turns":4.0},{"damage":11.0,"enemies":"Blue Slaver","floor":13.0,"turns":6.0},{"damage":20.0,"enemies":"Exordium Wildlife","floor":14.0,"turns":5.0},{"damage":39.0,"enemies":"The Guardian","floor":16.0,"turns":8.0},{"damage":7.0,"enemies":"3 Byrds","floor":18.0,"turns":5.0},{"damage":0.0,"enemies":"Spheric Guardian","floor":20.0,"turns":2.0},{"damage":19.0,"enemies":"Snake Plant","floor":29.0,"turns":5.0},{"damage":24.0,"enemies":"Slavers","floor":30.0,"turns":3.0},{"damage":14.0,"enemies":"Collector","floor":33.0,"turns":3.0},{"damage":25,"enemies":"Orb Walker","floor":35,"turns":4},{"damage":12,"enemies":"3 Shapes","floor":36,"turns":9},{"damage":0,"enemies":"Jaw Worm Horde","floor":38,"turns":1}],"seed_played":"618310869457226449","potions_obtained":[{"floor":1.0,"key":"Strength Potion"},{"floor":3.0,"key":"LiquidMemories"},{"floor":16.0,"key":"EntropicBrew"},{"floor":30.0,"key":"Ambrosia"},{"floor":33.0,"key":"DuplicationPotion"}],"is_trial":false,"path_per_floor":["M","?","M","M","M","R","$","?","T","$","?","R","M","M","R","B",null,"M","$","M","$","?","R","?","R","T","R","$","M","E","T","R","B",null,"M","M","?","M"],"character_chosen":"WATCHER","items_purchased":["Adaptation","LessonLearned","Trip","MentalFortress","FearNoEvil"],"campfire_rested":2,"item_purchase_floors":[7,7,19,21,28],"current_hp_per_floor":[58,68,68,66,62,62,62,62,62,62,51,51,40,20,40,1,51,44,44,44,44,44,44,44,44,44,44,44,25,1,1,21,7,53,28,16,16,16,16],"gold":264,"neow_bonus":"HUNDRED_GOLD","is_daily":false,"chose_seed":false,"campfire_upgraded":5,"win_rate":0.0,"timestamp":1610955324,"path_taken":["M","?","?","M","?","R","$","?","T","?","?","R","M","M","R","BOSS","M","$","M","$","?","R","?","R","T","R","$","M","E","?","R","BOSS","M","M","?","?"],"items_purchased_type":["Card","Card","Card","Card","Card"],"build_version":"2020-12-22","purchased_purges":0,"victory":false,"max_hp_per_floor":[68,68,68,68,68,68,68,68,68,68,68,68,68,68,68,68,68,68,68,68,68,68,68,68,68,68,68,68,68,68,68,68,68,68,68,68,68,68,68],"card_choices":[{"not_picked":["Pray","Prostrate"],"picked":"EmptyFist","floor":1.0},{"not_picked":["Evaluate","BattleHymn"],"picked":"FollowUp","floor":3.0},{"not_picked":["ClearTheMind","Vengeance"],"picked":"Wallop","floor":4.0},{"not_picked":["JustLucky","Collect","WheelKick"],"picked":"SKIP","floor":5.0},{"not_picked":["Swivel","BowlingBash","EmptyBody"],"picked":"SKIP","floor":13.0},{"not_picked":["Swivel","EmptyBody"],"picked":"BowlingBash","floor":13.0},{"not_picked":["Perseverance","WindmillStrike","JustLucky"],"picked":"SKIP","floor":14.0},{"not_picked":["LessonLearned","Scrawl"],"picked":"Judgement","floor":16.0},{"not_picked":["Protect","PathToVictory","Consecrate"],"picked":"SKIP","floor":18.0},{"not_picked":["EmptyFist","PathToVictory"],"picked":"FlurryOfBlows","floor":20.0},{"not_picked":["PathToVictory","JustLucky","Fasting2+1"],"picked":"SKIP","floor":29.0},{"not_picked":["Crescendo","Consecrate","ConjureBlade"],"picked":"SKIP","floor":29.0},{"not_picked":["FollowUp+1","FlurryOfBlows+1","DeceiveReality"],"picked":"SKIP","floor":30.0},{"not_picked":["Ragnarok","Devotion"],"picked":"Vault","floor":33.0},{"not_picked":["CrushJoints+1","Crescendo"],"picked":"Meditate+1","floor":35},{"not_picked":["EmptyBody","CarveReality"],"picked":"CutThroughFate","floor":35},{"not_picked":["CrushJoints+1","SashWhip"],"picked":"Meditate+1","floor":36},{"not_picked":["PathToVictory","EmptyBody"],"picked":"DeusExMachina","floor":36}],"player_experience":737367,"relics_obtained":[{"floor":9.0,"key":"Ginger"},{"floor":17.0,"key":"MawBank"},{"floor":17.0,"key":"Shuriken"},{"floor":17.0,"key":"Girya"},{"floor":26.0,"key":"Prayer Wheel"},{"floor":30.0,"key":"Torii"},{"floor":31.0,"key":"Yang"}],"event_choices":[{"damage_healed":10.0,"max_hp_gain":0.0,"max_hp_loss":0.0,"gold_gain":0.0,"event_name":"Wheel of Change","player_choice":"Full Heal","floor":2.0,"gold_loss":0.0,"damage_taken":0.0},{"damage_healed":0.0,"max_hp_gain":0.0,"max_hp_loss":0.0,"gold_gain":0.0,"event_name":"Living Wall","player_choice":"Grow","floor":8.0,"gold_loss":0.0,"damage_taken":0.0,"cards_upgraded":["Adaptation"]},{"damage_healed":0.0,"max_hp_gain":0.0,"max_hp_loss":0.0,"gold_gain":75.0,"event_name":"World of Goop","player_choice":"Gather Gold","floor":11.0,"gold_loss":0.0,"damage_taken":11.0},{"damage_healed":0.0,"max_hp_gain":0.0,"max_hp_loss":0.0,"gold_gain":0.0,"cards_transformed":["Strike_P","Defend_P"],"event_name":"Drug Dealer","player_choice":"Became Test Subject","floor":22.0,"gold_loss":0.0,"damage_taken":0.0,"cards_obtained":["FollowUp","Vault"]},{"cards_removed":["Strike_P"],"damage_healed":0.0,"max_hp_gain":0.0,"max_hp_loss":0.0,"gold_gain":0.0,"event_name":"Back to Basics","player_choice":"Elegance","floor":24.0,"gold_loss":0.0,"damage_taken":0.0},{"damage_healed":0,"gold_gain":50,"player_choice":"Pray","damage_taken":0,"max_hp_gain":0,"max_hp_loss":0,"event_name":"Golden Shrine","floor":37,"gold_loss":0}],"is_beta":false,"boss_relics":[{"not_picked":["SlaversCollar","Busted Crown"],"picked":"Calling Bell"},{"not_picked":["SacredBark","Empty Cage"],"picked":"Fusion Hammer"}],"items_purged_floors":[],"is_endless":false,"potions_floor_spawned":[1,3,14,16,30,33],"killed_by":"Jaw Worm Horde","ascension_level":15}}