{"host":"0hso8scipor0iz5a","time":1610988631,"event":{"mods":["Act Like it!","BaseMod","Better Altar","Better Match","Better Sensory Stone","Better Skull","Better Third Choice","Elementarium","Gensokyo","GifTheSpireLib","Hallownest","Hubris","Jedi Mod","Minty Spire (QoL Compilation)","Quarter Circle Forward PUNCH!","Replay The Spire","Reworked Bosses","StSLib"],"gold_per_floor":[363,248,173,173,173,173,200,200,252,287,306,266,266,284,284,284,284],"floor_reached":16,"language":"FRA","playtime":656,"items_purged":[],"score":159,"play_id":"aba07e92-65fe-49a0-974b-b99445696531","local_time":"20210118175031","is_ascension_mode":true,"campfire_choices":[{"data":"Conclude","floor":6,"key":"SMITH"},{"data":"Replay:DivineShield","floor":8,"key":"SMITH"},{"data":"WindmillStrike","floor":13,"key":"SMITH"},{"data":"Eruption","floor":15,"key":"SMITH"}],"circlet_count":0,"master_deck":["Strike_P","Strike_P","Strike_P","Strike_P","Defend_P","Defend_P","Defend_P","Defend_P","Eruption+1","Vigilance","Normality","Conclude+1","Hallownest:skillGreenpathMap","Replay:DivineShield+1","SandsOfTime","WindmillStrike+1","Wireheading"],"relics":["PureWater","Odd Mushroom","Mango","Anchor"],"acts_visited":["Hallownest:Greenpath"],"potions_floor_usage":[16,16],"damage_taken":[{"damage":0,"enemies":"Hallownest:monsterHuskWarrior","floor":1,"turns":4},{"damage":32,"enemies":"Hallownest:eliteMossKnight","floor":7,"turns":9},{"damage":0,"enemies":"Hallownest:eliteVengeflyKing","floor":10,"turns":4},{"damage":0,"enemies":"2_ Uuma","floor":11,"turns":3},{"damage":0,"enemies":"Hallownest:2_MossCreeps","floor":14,"turns":3},{"damage":208,"enemies":"Hallownest:BossHornet","floor":16,"turns":6}],"seed_played":"1435037256469145287","potions_obtained":[{"floor":7,"key":"DuplicationPotion"},{"floor":10,"key":"CultistPotion"},{"floor":11,"key":"Languid Potion"}],"is_trial":false,"path_per_floor":["M","?","?","?","?","R","E","R","T","E","M","?","R","M","R","B"],"character_chosen":"WATCHER","items_purchased":[],"campfire_rested":0,"item_purchase_floors":[],"current_hp_per_floor":[72,72,72,72,63,63,45,45,45,45,45,65,65,65,65,0,0],"gold":284,"neow_bonus":"TWO_FIFTY_GOLD","is_daily":false,"chose_seed":false,"campfire_upgraded":4,"win_rate":0.0,"timestamp":1610988631,"path_taken":["M","?","?","?","?","R","E","R","T","E","?","?","R","M","R","BOSS"],"items_purchased_type":[],"build_version":"2020-12-22","purchased_purges":0,"victory":false,"max_hp_per_floor":[72,72,72,72,72,72,86,86,86,86,86,86,86,86,86,86,86],"card_choices":[{"not_picked":["TalkToTheHand","Prostrate"],"picked":"Conclude","floor":1},{"not_picked":["Study","WreathOfFlame"],"picked":"SandsOfTime","floor":7},{"not_picked":["Replay:ManipulateFuture","Consecrate"],"picked":"WindmillStrike","floor":10},{"not_picked":["ThirdEye","SashWhip","WheelKick"],"picked":"SKIP","floor":11},{"not_picked":["ThirdEye","Protect"],"picked":"Wireheading","floor":14}],"player_experience":1439357,"relics_obtained":[{"floor":7,"key":"Mango"},{"floor":10,"key":"Anchor"}],"event_choices":[],"is_beta":false,"boss_relics":[],"items_purged_floors":[],"is_endless":false,"potions_floor_spawned":[7,10,11],"killed_by":"Hallownest:BossHornet","ascension_level":5}}