{"host":"fnk117zi8wf5078t","time":1610958102,"event":{"mods":["AchievementEnabler","BaseMod","Colored Map","Minty Spire (QoL Compilation)","Rare Cards Sparkle","SuperFastMode","everything is the same but u backflip on backflip"],"gold_per_floor":[18,18,18,43,118,118,133,153,200,28,49,62,87,87,87,210,210,235,249,249,249,249,249],"floor_reached":22,"language":"KOR","playtime":777,"items_purged":[],"score":274,"play_id":"558d170a-2b62-4ec1-83f9-c10d27c2e0bb","local_time":"20210118172142","is_ascension_mode":true,"campfire_choices":[{"floor":6,"key":"REST"},{"data":"Sunder","floor":15,"key":"SMITH"}],"circlet_count":0,"master_deck":["Strike_B","Strike_B","Strike_B","Defend_B","Defend_B","Defend_B","Defend_B","Zap","Dualcast","Echo Form","Beam Cell","Compile Driver","Melter","Turbo","Sunder+1","Turbo","Heatsinks","Machine Learning+1","Barrage","BootSequence","Ghostly","Ghostly","Ghostly","Ghostly","Ghostly"],"relics":["Cracked Core","Golden Idol","Toy Ornithopter","Lee\u0027s Waffle","Boot","SlaversCollar"],"acts_visited":["Exordium","TheCity"],"potions_floor_usage":[16,18,22],"damage_taken":[{"damage":7,"enemies":"Small Slimes","floor":1,"turns":3},{"damage":11,"enemies":"2 Louse","floor":4,"turns":4},{"damage":4,"enemies":"Jaw Worm","floor":7,"turns":3},{"damage":18,"enemies":"Exordium Thugs","floor":8,"turns":4},{"damage":4,"enemies":"Red Slaver","floor":11,"turns":2},{"damage":11,"enemies":"Blue Slaver","floor":12,"turns":3},{"damage":6,"enemies":"Exordium Thugs","floor":13,"turns":3},{"damage":42,"enemies":"Slime Boss","floor":16,"turns":7},{"damage":31,"enemies":"2 Thieves","floor":18,"turns":4},{"damage":40,"enemies":"Chosen","floor":19,"turns":6},{"damage":25,"enemies":"Shelled Parasite and Fungi","floor":22,"turns":5}],"seed_played":"7501662394904946968","potions_obtained":[{"floor":7,"key":"SpeedPotion"},{"floor":8,"key":"Fire Potion"},{"floor":11,"key":"LiquidMemories"},{"floor":16,"key":"Fruit Juice"}],"is_trial":false,"path_per_floor":["M","?","?","M","?","R","M","M","T","$","M","M","M","T","R","B",null,"M","M","?","?","M"],"character_chosen":"DEFECT","items_purchased":["Lee\u0027s Waffle","Turbo"],"campfire_rested":1,"item_purchase_floors":[10,10],"current_hp_per_floor":[61,43,36,25,14,36,32,14,14,82,78,67,61,61,61,24,68,47,7,7,7,0,0],"gold":249,"neow_bonus":"THREE_RARE_CARDS","is_daily":false,"chose_seed":false,"campfire_upgraded":1,"win_rate":0.0,"timestamp":1610958102,"path_taken":["M","?","?","M","?","R","M","M","T","?","?","M","M","?","R","BOSS","M","M","?","?","M"],"items_purchased_type":["Relic","Card"],"build_version":"2020-12-22","purchased_purges":0,"victory":false,"max_hp_per_floor":[75,75,75,75,75,75,75,75,75,82,82,82,82,82,82,82,82,87,87,43,43,43,43],"card_choices":[{"not_picked":["Biased Cognition","Core Surge"],"picked":"Echo Form","floor":0},{"not_picked":["Coolheaded","Rebound"],"picked":"Beam Cell","floor":1},{"not_picked":["Hologram","Barrage"],"picked":"Compile Driver","floor":4},{"not_picked":["Stack","Beam Cell","Leap"],"picked":"SKIP","floor":7},{"not_picked":["Sweeping Beam","Conserve Battery"],"picked":"Melter","floor":8},{"not_picked":["Beam Cell","Sweeping Beam"],"picked":"Sunder","floor":11},{"not_picked":["Leap","Beam Cell"],"picked":"Turbo","floor":12},{"not_picked":["Beam Cell","Chill"],"picked":"Heatsinks","floor":13},{"not_picked":["Meteor Strike","Amplify"],"picked":"Machine Learning","floor":16},{"not_picked":["Hologram","Leap+1"],"picked":"Barrage","floor":18},{"not_picked":["Steam","Redo"],"picked":"BootSequence","floor":19}],"player_experience":402624,"relics_obtained":[{"floor":9,"key":"Toy Ornithopter"},{"floor":14,"key":"Boot"}],"event_choices":[{"damage_healed":0,"gold_gain":0,"player_choice":"Take Damage","damage_taken":18,"relics_obtained":["Golden Idol"],"max_hp_gain":0,"max_hp_loss":0,"event_name":"Golden Idol","floor":2,"gold_loss":0},{"cards_removed":["Strike_B"],"damage_healed":0,"gold_gain":0,"player_choice":"Card Removal","damage_taken":7,"max_hp_gain":0,"max_hp_loss":0,"event_name":"Golden Wing","floor":3,"gold_loss":0},{"damage_healed":0,"gold_gain":75,"player_choice":"Gather Gold","damage_taken":11,"max_hp_gain":0,"max_hp_loss":0,"event_name":"World of Goop","floor":5,"gold_loss":0},{"damage_healed":0,"gold_gain":0,"player_choice":"Became a Ghost","damage_taken":0,"max_hp_gain":0,"max_hp_loss":44,"event_name":"Ghosts","floor":20,"gold_loss":0,"cards_obtained":["Ghostly","Ghostly","Ghostly","Ghostly","Ghostly"]},{"damage_healed":0,"gold_gain":0,"player_choice":"Upgraded","damage_taken":0,"max_hp_gain":0,"max_hp_loss":0,"event_name":"Upgrade Shrine","floor":21,"gold_loss":0,"cards_upgraded":["Machine Learning"]}],"is_beta":false,"boss_relics":[{"not_picked":["Tiny House","Fusion Hammer"],"picked":"SlaversCollar"}],"items_purged_floors":[],"is_endless":false,"potions_floor_spawned":[7,8,11,16],"killed_by":"Shelled Parasite and Fungi","ascension_level":8}}