{"host":"z0tqw7lu1gwakzxm","time":1610950006,"event":{"mods":["BaseMod","DeckTracker","Lobotomy","Minty Spire (QoL Compilation)","StSLib","slay the spire mod where everything is the same but ironclad has a cowboy hat"],"gold_per_floor":[115,190,207,207,217,217,244,259,308,327,98,98,98],"floor_reached":12,"language":"ENG","playtime":427,"items_purged":[],"score":92,"play_id":"a99a033f-8eb9-4510-93ae-e2ce4a95f520","local_time":"20210118010646","is_ascension_mode":true,"campfire_choices":[{"data":"Genetic Algorithm","floor":6,"key":"SMITH"}],"circlet_count":0,"master_deck":["Strike_B","Strike_B","Strike_B","Defend_B","Defend_B","Defend_B","Defend_B","Zap","Dualcast","Coolheaded","Cold Snap","Buffer","Genetic Algorithm+1","Sweeping Beam","Blizzard","Self Repair","Loop"],"relics":["Cracked Core","Mango","InkBottle","Bag of Preparation","Bag of Marbles"],"acts_visited":["Exordium"],"potions_floor_usage":[7,12],"damage_taken":[{"damage":3,"enemies":"Jaw Worm","floor":1,"turns":4},{"damage":5,"enemies":"Small Slimes","floor":3,"turns":3},{"damage":0,"enemies":"Cultist","floor":5,"turns":4},{"damage":12,"enemies":"Lagavulin","floor":7,"turns":10},{"damage":23,"enemies":"Exordium Thugs","floor":8,"turns":5},{"damage":9,"enemies":"Large Slime","floor":10,"turns":8},{"damage":8,"enemies":"Gremlin Nob","floor":12,"turns":3}],"seed_played":"-6178495199414485850","potions_obtained":[{"floor":5,"key":"CultistPotion"},{"floor":8,"key":"PotionOfCapacity"},{"floor":10,"key":"Strength Potion"}],"is_trial":false,"path_per_floor":["M","?","M","?","M","R","E","M","T","M","$","E"],"character_chosen":"DEFECT","items_purchased":["Bag of Marbles","Loop"],"campfire_rested":0,"item_purchase_floors":[11,11],"current_hp_per_floor":[65,54,49,49,49,49,37,14,14,5,5,0,0],"gold":98,"neow_bonus":"ONE_RARE_RELIC","is_daily":false,"chose_seed":false,"campfire_upgraded":1,"win_rate":0.0,"timestamp":1610950006,"path_taken":["M","?","M","?","M","R","E","?","T","M","$","E"],"items_purchased_type":["Relic","Card"],"build_version":"2020-12-22","purchased_purges":0,"victory":false,"max_hp_per_floor":[89,89,89,89,89,89,89,89,89,89,89,89,89],"card_choices":[{"not_picked":["Compile Driver","Gash"],"picked":"Coolheaded","floor":1},{"not_picked":["Turbo","Stack"],"picked":"Cold Snap","floor":3},{"not_picked":["Loop","Storm"],"picked":"Genetic Algorithm","floor":5},{"not_picked":["Turbo","Stack"],"picked":"Sweeping Beam","floor":7},{"not_picked":["Blizzard","Machine Learning","Steam Power"],"picked":"SKIP","floor":8},{"not_picked":["Machine Learning","Steam Power"],"picked":"Blizzard","floor":8},{"not_picked":["BootSequence","Turbo"],"picked":"Self Repair","floor":10}],"player_experience":343303,"relics_obtained":[{"floor":7,"key":"InkBottle"},{"floor":9,"key":"Bag of Preparation"}],"event_choices":[{"damage_healed":0,"gold_gain":75,"player_choice":"Gather Gold","damage_taken":11,"max_hp_gain":0,"max_hp_loss":0,"event_name":"World of Goop","floor":2,"gold_loss":0},{"damage_healed":0,"gold_gain":0,"cards_transformed":["Strike_B"],"player_choice":"Transformed","damage_taken":0,"max_hp_gain":0,"max_hp_loss":0,"event_name":"Transmorgrifier","floor":4,"gold_loss":0,"cards_obtained":["Buffer"]}],"is_beta":false,"boss_relics":[],"items_purged_floors":[],"is_endless":false,"potions_floor_spawned":[5,8,10],"killed_by":"Gremlin Nob","ascension_level":3}}