{"host":"prbesmsd58qkujmx","time":1610951579,"event":{"mods":["2.2 Compatiblity","AchievementEnabler","BaseMod","Colored Map","DeckTracker","Highlight Path","Keyboard Shortcuts","Minty Spire (QoL Compilation)","Permanent Neow","Quick Restart","Random Character Button","StSLib","SuperFastMode","everything is the same but u backflip on backflip"],"gold_per_floor":[117,42,54,71,88,88,98,118,118,118,131,58,78,94,94,193,193,206,219,232,232,251,251,251,251],"floor_reached":24,"language":"KOR","playtime":767,"items_purged":["Strike_R"],"score":196,"play_id":"a6cf4fdf-4a2e-4e6e-82e5-5fb57019b58f","local_time":"20210118153259","is_ascension_mode":false,"campfire_choices":[{"data":"Whirlwind","floor":6,"key":"SMITH"},{"data":"Body Slam","floor":15,"key":"SMITH"},{"data":"Dark Embrace","floor":23,"key":"SMITH"}],"circlet_count":0,"master_deck":["Strike_R","Strike_R","Strike_R","Defend_R","Defend_R","Defend_R","Defend_R","Bash","Dramatic Entrance","Fire Breathing","Combust","Whirlwind+1","Feel No Pain","Headbutt","Dual Wield","Power Through","Dark Embrace+1","Body Slam+1","Fiend Fire","Brutality","Seeing Red+1","Reckless Charge+1","Wild Strike","Entrench"],"relics":["Black Blood","Mercury Hourglass"],"acts_visited":["Exordium","TheCity"],"potions_floor_usage":[16,16,16,24,24],"damage_taken":[{"damage":0,"enemies":"2 Louse","floor":1,"turns":2},{"damage":5,"enemies":"Cultist","floor":3,"turns":4},{"damage":11,"enemies":"Small Slimes","floor":4,"turns":2},{"damage":9,"enemies":"Gremlin Gang","floor":5,"turns":3},{"damage":13,"enemies":"Exordium Thugs","floor":7,"turns":2},{"damage":1,"enemies":"2 Fungi Beasts","floor":8,"turns":2},{"damage":7,"enemies":"Blue Slaver","floor":11,"turns":3},{"damage":1,"enemies":"3 Louse","floor":13,"turns":2},{"damage":12,"enemies":"Looter","floor":14,"turns":2},{"damage":44,"enemies":"Hexaghost","floor":16,"turns":9},{"damage":24,"enemies":"Chosen","floor":18,"turns":5},{"damage":22,"enemies":"2 Thieves","floor":19,"turns":3},{"damage":34,"enemies":"Centurion and Healer","floor":20,"turns":4},{"damage":18,"enemies":"Snake Plant","floor":22,"turns":3},{"damage":35,"enemies":"Shelled Parasite and Fungi","floor":24,"turns":3}],"seed_played":"-7719844911654209332","potions_obtained":[{"floor":1,"key":"BlessingOfTheForge"},{"floor":3,"key":"GamblersBrew"},{"floor":7,"key":"Energy Potion"},{"floor":16,"key":"ElixirPotion"},{"floor":18,"key":"Strength Potion"},{"floor":20,"key":"Energy Potion"}],"is_trial":false,"path_per_floor":["M","$","M","M","M","R","M","M","T","?","M","$","M","M","R","B",null,"M","M","M","?","M","R","M"],"character_chosen":"IRONCLAD","items_purchased":["Dark Embrace"],"campfire_rested":0,"item_purchase_floors":[12],"current_hp_per_floor":[80,80,80,75,72,72,65,70,70,70,69,69,74,68,68,30,80,68,58,36,36,30,30,0,0],"gold":251,"neow_bonus":"RANDOM_COLORLESS","is_daily":false,"chose_seed":false,"campfire_upgraded":3,"win_rate":0.0,"timestamp":1610951579,"path_taken":["M","$","M","M","M","R","M","M","T","?","M","$","M","M","R","BOSS","M","M","M","?","M","R","M"],"items_purchased_type":["Card"],"build_version":"2020-12-22","purchased_purges":1,"victory":false,"max_hp_per_floor":[80,80,80,80,80,80,80,80,80,80,80,80,80,80,80,80,80,80,80,80,80,80,80,80,80],"card_choices":[{"not_picked":["Good Instincts","Purity"],"picked":"Dramatic Entrance","floor":0},{"not_picked":["Combust","Clash"],"picked":"Fire Breathing","floor":1},{"not_picked":["Pummel","Twin Strike"],"picked":"Combust","floor":3},{"not_picked":["Pummel","Havoc"],"picked":"Whirlwind","floor":4},{"not_picked":["Body Slam","Pummel"],"picked":"Feel No Pain","floor":5},{"not_picked":["Searing Blow","Combust","Clash"],"picked":"SKIP","floor":7},{"not_picked":["Clash","Thunderclap"],"picked":"Headbutt","floor":8},{"not_picked":["Havoc","Wild Strike"],"picked":"Power Through","floor":11},{"not_picked":["Pummel","Anger"],"picked":"Body Slam","floor":13},{"not_picked":["Iron Wave","Dark Embrace"],"picked":"Fiend Fire","floor":14},{"not_picked":["Fiend Fire","Immolate"],"picked":"Brutality","floor":16},{"not_picked":["Clash","Sentinel"],"picked":"Seeing Red+1","floor":18},{"not_picked":["Heavy Blade","Flex"],"picked":"Reckless Charge+1","floor":19},{"not_picked":["Thunderclap","Heavy Blade+1"],"picked":"Wild Strike","floor":20},{"not_picked":["Rampage","Heavy Blade+1"],"picked":"Entrench","floor":22}],"player_experience":96805,"relics_obtained":[{"floor":9,"key":"Mercury Hourglass"}],"event_choices":[{"damage_healed":0,"gold_gain":0,"cards_transformed":["Strike_R"],"player_choice":"Change","damage_taken":0,"max_hp_gain":0,"max_hp_loss":0,"event_name":"Living Wall","floor":10,"gold_loss":0,"cards_obtained":["Dual Wield"]},{"damage_healed":0,"gold_gain":0,"player_choice":"Got Potions","damage_taken":0,"max_hp_gain":0,"max_hp_loss":0,"event_name":"Lab","floor":21,"gold_loss":0}],"is_beta":false,"boss_relics":[{"not_picked":["SacredBark","Snecko Eye"],"picked":"Black Blood"}],"items_purged_floors":[2],"is_endless":false,"potions_floor_spawned":[1,3,7,16,18,20],"killed_by":"Shelled Parasite and Fungi","ascension_level":0}}