{"host":"1c17lcvl7acx821p","time":1610983591,"event":{"mods":["AchievementEnabler","BaseMod","Colored Map","Minty Spire (QoL Compilation)","StSLib"],"gold_per_floor":[117,134,153,0,0,27,43,43,69,82,130,130,162,182,182,286,286,298,209,124,141,158,158,158,158],"floor_reached":24,"language":"ENG","playtime":1341,"items_purged":["Dualcast"],"score":260,"play_id":"0db06012-8a8f-4522-bf25-5347d21b6e1f","local_time":"20210118172631","is_ascension_mode":true,"campfire_choices":[{"data":"Zap","floor":8.0,"key":"SMITH"},{"data":"Hologram","floor":12.0,"key":"SMITH"},{"data":"Capacitor","floor":15.0,"key":"SMITH"},{"data":"Creative AI","floor":23.0,"key":"SMITH"}],"circlet_count":0,"master_deck":["Defend_B","Defend_B","Defend_B","Zap+1","Self Repair","Rip and Tear","Hologram+1","Capacitor+1","Coolheaded","Leap","Barrage","Multi-Cast","Steam","Creative AI+1","Force Field+1","Recycle","Cold Snap"],"relics":["Cracked Core","Membership Card","Toy Ornithopter","Anchor","Oddly Smooth Stone","Juzu Bracelet","Empty Cage","Turnip"],"acts_visited":["Exordium","TheCity"],"potions_floor_usage":[24,24,24],"damage_taken":[{"damage":6.0,"enemies":"Cultist","floor":1.0,"turns":4.0},{"damage":14.0,"enemies":"Jaw Worm","floor":2.0,"turns":4.0},{"damage":0.0,"enemies":"Small Slimes","floor":3.0,"turns":3.0},{"damage":5.0,"enemies":"Lagavulin","floor":6.0,"turns":7.0},{"damage":13.0,"enemies":"2 Fungi Beasts","floor":7.0,"turns":3.0},{"damage":13.0,"enemies":"Lots of Slimes","floor":10.0,"turns":4.0},{"damage":6.0,"enemies":"3 Sentries","floor":13.0,"turns":5.0},{"damage":0.0,"enemies":"Large Slime","floor":14.0,"turns":4.0},{"damage":22.0,"enemies":"The Guardian","floor":16.0,"turns":12.0},{"damage":18.0,"enemies":"Spheric Guardian","floor":18.0,"turns":10.0},{"damage":5.0,"enemies":"Shell Parasite","floor":21.0,"turns":13.0},{"damage":22.0,"enemies":"Snake Plant","floor":22.0,"turns":6.0},{"damage":62,"enemies":"Gremlin Leader","floor":24,"turns":3}],"seed_played":"-2378302293374490397","potions_obtained":[{"floor":1.0,"key":"SkillPotion"},{"floor":3.0,"key":"Block Potion"},{"floor":6.0,"key":"Strength Potion"},{"floor":16.0,"key":"Fire Potion"},{"floor":22.0,"key":"EssenceOfSteel"}],"is_trial":false,"path_per_floor":["M","M","M","$","?","E","M","R","T","M","T","R","E","M","R","B",null,"M","$","?","M","M","R","E"],"character_chosen":"DEFECT","items_purchased":["Membership Card","BlessingOfTheForge","PowerPotion"],"campfire_rested":0,"item_purchase_floors":[4,19,19],"current_hp_per_floor":[62,55,62,62,62,64,58,58,58,52,52,52,58,65,65,53,64,53,53,53,55,40,40,0,0],"gold":158,"neow_bonus":"REMOVE_TWO","is_daily":false,"chose_seed":false,"campfire_upgraded":4,"win_rate":0.0,"timestamp":1610983591,"path_taken":["M","M","M","?","?","E","?","R","T","M","?","R","E","M","R","BOSS","M","$","?","M","M","R","E"],"items_purchased_type":["Relic","Potion","Potion"],"build_version":"2020-12-22","purchased_purges":1,"victory":false,"max_hp_per_floor":[68,68,68,68,68,68,68,68,68,68,68,68,68,68,68,68,68,68,68,68,68,68,68,68,68],"card_choices":[{"not_picked":["Rebound","Stack"],"picked":"Self Repair","floor":1.0},{"not_picked":["Tempest","Rebound"],"picked":"Rip and Tear","floor":2.0},{"not_picked":["Redo","Meteor Strike"],"picked":"Hologram","floor":3.0},{"not_picked":["Barrage","Thunder Strike"],"picked":"Coolheaded","floor":6.0},{"not_picked":["Conserve Battery","Hello World"],"picked":"Leap","floor":7.0},{"not_picked":["Gash","Compile Driver"],"picked":"Barrage","floor":10.0},{"not_picked":["Redo","Beam Cell"],"picked":"Multi-Cast","floor":13.0},{"not_picked":["Sweeping Beam","Streamline"],"picked":"Steam","floor":14.0},{"not_picked":["Fission","Meteor Strike"],"picked":"Creative AI","floor":16.0},{"not_picked":["Turbo","Rip and Tear+1"],"picked":"Force Field+1","floor":18.0},{"not_picked":["Streamline","Force Field"],"picked":"Recycle","floor":21.0},{"not_picked":["Gash","Turbo"],"picked":"Cold Snap","floor":22.0}],"player_experience":124860,"relics_obtained":[{"floor":6.0,"key":"Toy Ornithopter"},{"floor":9.0,"key":"Anchor"},{"floor":11.0,"key":"Oddly Smooth Stone"},{"floor":13.0,"key":"Juzu Bracelet"}],"event_choices":[{"damage_healed":0.0,"max_hp_gain":0.0,"max_hp_loss":0.0,"gold_gain":0.0,"cards_transformed":["Strike_B"],"event_name":"Transmorgrifier","player_choice":"Transformed","floor":5.0,"gold_loss":0.0,"damage_taken":0.0,"cards_obtained":["Capacitor"]},{"damage_healed":0.0,"max_hp_gain":0.0,"max_hp_loss":0.0,"gold_gain":0.0,"event_name":"Addict","player_choice":"Obtained Relic","floor":20.0,"gold_loss":85.0,"damage_taken":0.0,"relics_obtained":["Turnip"]}],"is_beta":false,"boss_relics":[{"not_picked":["Snecko Eye","Runic Dome"],"picked":"Empty Cage"}],"items_purged_floors":[19],"is_endless":false,"potions_floor_spawned":[1,3,6,16,22],"killed_by":"Gremlin Leader","ascension_level":5}}