{"host":"y193d0agu1dp5x1y","time":1610929309,"event":{"mods":["AchievementEnabler","BaseMod","Googly Eyes","Minty Spire (QoL Compilation)"],"gold_per_floor":[110,35,110,110,127,127,162,162,242,253,278,290,83,93,93,191,191,209,209,134,50,50,77,77,109,133,232,248,248,276,286,286,391,391,406,406,424,42,53,53,53],"floor_reached":40,"language":"ENG","playtime":1745,"items_purged":["Dualcast","Strike_B","Defend_B"],"score":452,"play_id":"70e3000e-6cc4-4cc4-9a66-cd84d1d2a6c4","local_time":"20210117182149","is_ascension_mode":false,"campfire_choices":[{"data":"Zap","floor":6,"key":"SMITH"},{"data":"Leap","floor":8,"key":"SMITH"},{"data":"Ball Lightning","floor":15,"key":"SMITH"},{"data":"Dramatic Entrance","floor":24,"key":"SMITH"},{"data":"Hello World","floor":29,"key":"SMITH"},{"data":"Redo","floor":32,"key":"SMITH"}],"circlet_count":0,"master_deck":["Strike_B","Strike_B","Defend_B","Defend_B","Zap+1","Melter","Leap+1","Beam Cell","Electrodynamics","Steam","Ball Lightning+1","Buffer","Redo+1","Dramatic Entrance+1","Hello World+1","Leap+1","Steam+1","Ball Lightning+1","BootSequence+1"],"relics":["Black Star","Lantern","Meat on the Bone","Cables","FossilizedHelix","Eternal Feather","SlaversCollar","Bottled Flame","Question Card","Bag of Marbles","Shuriken","Centennial Puzzle","DataDisk","Toy Ornithopter","Busted Crown","Prayer Wheel","Mercury Hourglass"],"acts_visited":["TheCity","TheBeyond"],"potions_floor_usage":[16,16,16,18,28,31,37],"damage_taken":[{"damage":3,"enemies":"Jaw Worm","floor":1,"turns":5},{"damage":2,"enemies":"2 Louse","floor":5,"turns":4},{"damage":30,"enemies":"3 Sentries","floor":7,"turns":9},{"damage":0,"enemies":"Small Slimes","floor":10,"turns":3},{"damage":26,"enemies":"Lagavulin","floor":11,"turns":7},{"damage":0,"enemies":"Blue Slaver","floor":12,"turns":3},{"damage":0,"enemies":"Lots of Slimes","floor":14,"turns":2},{"damage":25,"enemies":"The Guardian","floor":16,"turns":8},{"damage":0,"enemies":"Shell Parasite","floor":18,"turns":5},{"damage":27,"enemies":"Book of Stabbing","floor":23,"turns":5},{"damage":17,"enemies":"Slavers","floor":25,"turns":4},{"damage":5,"enemies":"Chosen","floor":28,"turns":2},{"damage":14,"enemies":"Book of Stabbing","floor":30,"turns":5},{"damage":0,"enemies":"Snecko","floor":31,"turns":4},{"damage":49,"enemies":"Automaton","floor":33,"turns":9},{"damage":8,"enemies":"3 Darklings","floor":35,"turns":3},{"damage":0,"enemies":"Orb Walker","floor":37,"turns":2},{"damage":6,"enemies":"4 Shapes","floor":39,"turns":2},{"damage":78,"enemies":"Nemesis","floor":40,"turns":10}],"seed_played":"7484779686974856302","potions_obtained":[{"floor":7,"key":"PotionOfCapacity"},{"floor":11,"key":"Explosive Potion"},{"floor":12,"key":"GamblersBrew"},{"floor":16,"key":"FocusPotion"},{"floor":25,"key":"Regen Potion"},{"floor":28,"key":"FearPotion"},{"floor":33,"key":"SteroidPotion"},{"floor":35,"key":"LiquidBronze"}],"is_trial":false,"path_per_floor":["M","$","?","?","M","R","E","R","T","M","E","M","$","M","R","B",null,"M","?","?","$","?","E","R","E","T","?","M","R","E","M","R","B",null,"M","?","M","$","M","E"],"character_chosen":"DEFECT","items_purchased":["Steam","Ball Lightning","Dramatic Entrance","Mercury Hourglass"],"campfire_rested":0,"item_purchase_floors":[13,13,21,38],"current_hp_per_floor":[72,72,61,54,52,52,22,22,22,34,20,32,32,44,50,37,75,75,75,75,75,61,46,55,50,50,50,50,59,45,50,59,22,80,72,72,77,77,71,0,0],"gold":53,"neow_bonus":"BOSS_RELIC","is_daily":false,"chose_seed":false,"campfire_upgraded":6,"win_rate":0.0,"timestamp":1610929309,"path_taken":["M","$","?","?","M","R","E","R","T","M","E","M","$","M","R","BOSS","M","?","?","$","?","E","R","E","T","?","M","R","E","M","R","BOSS","M","?","M","$","M","E"],"items_purchased_type":["Card","Card","Card","Relic"],"build_version":"2020-12-22","purchased_purges":3,"victory":false,"max_hp_per_floor":[75,75,75,75,75,75,75,75,75,75,75,75,75,75,75,75,75,75,75,75,75,80,80,80,80,80,80,80,80,80,80,80,80,80,80,80,80,80,80,80,80],"card_choices":[{"not_picked":["Barrage","Undo","Hologram"],"picked":"SKIP","floor":1},{"not_picked":["Coolheaded","BootSequence"],"picked":"Melter","floor":5},{"not_picked":["Blizzard","Heatsinks"],"picked":"Leap","floor":7},{"not_picked":["Rebound","Stack"],"picked":"Beam Cell","floor":10},{"not_picked":["Leap","Skim"],"picked":"Electrodynamics","floor":11},{"not_picked":["Stack","Turbo","Consume"],"picked":"SKIP","floor":12},{"not_picked":["Stack","Sweeping Beam","Recycle"],"picked":"SKIP","floor":14},{"not_picked":["Meteor Strike","Echo Form"],"picked":"Buffer","floor":16},{"not_picked":["Steam","Rip and Tear+1"],"picked":"Redo","floor":18},{"not_picked":["Cold Snap","Ball Lightning","Hologram"],"picked":"SKIP","floor":23},{"not_picked":["Coolheaded","Undo","Double Energy"],"picked":"Hello World","floor":25},{"not_picked":["Hologram","Coolheaded","Blizzard"],"picked":"Leap+1","floor":28},{"not_picked":["Storm","All For One","Capacitor","Blizzard"],"picked":"SKIP","floor":30},{"not_picked":["Coolheaded","Conserve Battery","Streamline"],"picked":"Steam+1","floor":31},{"not_picked":["Leap+1"],"picked":"Ball Lightning+1","floor":35},{"not_picked":["Cold Snap"],"picked":"BootSequence+1","floor":37},{"not_picked":["Sunder","Stack"],"picked":"SKIP","floor":37},{"not_picked":["Aggregate","Cold Snap+1"],"picked":"SKIP","floor":39},{"not_picked":["Melter+1","Cold Snap"],"picked":"SKIP","floor":39}],"player_experience":116542,"relics_obtained":[{"floor":7,"key":"Lantern"},{"floor":7,"key":"Meat on the Bone"},{"floor":9,"key":"Cables"},{"floor":11,"key":"FossilizedHelix"},{"floor":11,"key":"Eternal Feather"},{"floor":23,"key":"Bottled Flame"},{"floor":23,"key":"Question Card"},{"floor":25,"key":"Bag of Marbles"},{"floor":25,"key":"Shuriken"},{"floor":26,"key":"Centennial Puzzle"},{"floor":30,"key":"DataDisk"},{"floor":30,"key":"Toy Ornithopter"}],"event_choices":[{"damage_healed":0,"gold_gain":75,"player_choice":"Gather Gold","damage_taken":11,"max_hp_gain":0,"max_hp_loss":0,"event_name":"World of Goop","floor":3,"gold_loss":0},{"cards_removed":["Strike_B"],"damage_healed":0,"gold_gain":0,"player_choice":"Card Removal","damage_taken":7,"max_hp_gain":0,"max_hp_loss":0,"event_name":"Golden Wing","floor":4,"gold_loss":0},{"damage_healed":0,"gold_gain":0,"player_choice":"Ignored","damage_taken":0,"max_hp_gain":0,"max_hp_loss":0,"event_name":"Ghosts","floor":19,"gold_loss":0},{"cards_removed":["Defend_B"],"damage_healed":0,"gold_gain":0,"player_choice":"Gave Gold","damage_taken":0,"max_hp_gain":0,"max_hp_loss":0,"event_name":"Beggar","floor":20,"gold_loss":75},{"damage_healed":0,"gold_gain":0,"player_choice":"Shed Blood","damage_taken":19,"max_hp_gain":5,"max_hp_loss":0,"event_name":"Forgotten Altar","floor":22,"gold_loss":0},{"damage_healed":0,"gold_gain":99,"player_choice":"Stole From Cult","damage_taken":0,"max_hp_gain":0,"max_hp_loss":0,"event_name":"Nest","floor":27,"gold_loss":0},{"damage_healed":0,"gold_gain":0,"player_choice":"Gave Potion","damage_taken":0,"relics_obtained":["Prayer Wheel"],"max_hp_gain":0,"max_hp_loss":0,"event_name":"WeMeetAgain","floor":36,"gold_loss":0}],"is_beta":false,"boss_relics":[{"not_picked":["Fusion Hammer","Velvet Choker"],"picked":"SlaversCollar"},{"not_picked":["Empty Cage","Tiny House"],"picked":"Busted Crown"}],"items_purged_floors":[2,13,38],"is_endless":false,"potions_floor_spawned":[7,11,12,16,25,28,33,35],"killed_by":"Nemesis","ascension_level":0}}