{"host":"f9ntswufr8mq3t4y","time":1610975472,"event":{"mods":["AchievementEnabler","BaseMod","Best Route Mod","Block Reminder","Colored Map","Colored Powertips","DeckTracker","Highlight Path","Minty Spire (QoL Compilation)","Permanent Neow","Quick Restart"],"gold_per_floor":[19,30,30,44,44,44,59,94,94,121,121,121,131,161,161,263,263,280,22,34,34,47,47,67,102,129,161,161,0,0,13,13,114,114,124,138,62,79,96,123,123,123,177,197,197,197,197,197,197],"floor_reached":48,"language":"ENG","playtime":2935,"items_purged":[],"score":679,"play_id":"cf0a9969-2dee-4d4a-85ef-d5bd443c793e","local_time":"20210118161112","is_ascension_mode":true,"campfire_choices":[{"data":"Wireheading","floor":6.0,"key":"SMITH"},{"floor":12,"key":"REST"},{"floor":15,"key":"REST"},{"floor":23,"key":"REST"},{"floor":28,"key":"REST"},{"floor":30,"key":"REST"},{"data":"Blasphemy","floor":32,"key":"SMITH"},{"floor":41,"key":"REST"},{"floor":45,"key":"REST"},{"floor":47,"key":"REST"}],"circlet_count":0,"master_deck":["Strike_P","Strike_P","Strike_P","Defend_P","Defend_P","Defend_P","Eruption+1","Vigilance","Wireheading+1","Vengeance","Brilliance","CarveReality","Meditate+1","TalkToTheHand","Devotion","ConjureBlade","Blasphemy+1","SandsOfTime+1","SandsOfTime+1","Wireheading+1","Shame","FlurryOfBlows+1","Clumsy"],"relics":["HolyWater","Turnip","InkBottle","Singing Bowl","Toy Ornithopter","Cursed Key","Question Card","Enchiridion","Frozen Egg 2","Vajra","Unceasing Top","WingedGreaves","Ancient Tea Set"],"acts_visited":["Exordium","TheCity","TheBeyond"],"potions_floor_usage":[14,16,25,25,27,33,33,39,40,48],"damage_taken":[{"damage":0.0,"enemies":"Cultist","floor":1.0,"turns":3.0},{"damage":3.0,"enemies":"Small Slimes","floor":2.0,"turns":4.0},{"damage":7.0,"enemies":"Jaw Worm","floor":4.0,"turns":3.0},{"damage":4.0,"enemies":"Looter","floor":7.0,"turns":3.0},{"damage":19.0,"enemies":"Gremlin Nob","floor":8.0,"turns":3.0},{"damage":20,"enemies":"Lagavulin","floor":10,"turns":3},{"damage":17,"enemies":"Exordium Wildlife","floor":13,"turns":3},{"damage":17,"enemies":"3 Sentries","floor":14,"turns":4},{"damage":16,"enemies":"The Guardian","floor":16,"turns":6},{"damage":4,"enemies":"Chosen","floor":18,"turns":3},{"damage":17,"enemies":"Spheric Guardian","floor":20,"turns":4},{"damage":25,"enemies":"Snake Plant","floor":22,"turns":4},{"damage":2,"enemies":"3 Cultists","floor":24,"turns":3},{"damage":32,"enemies":"Slavers","floor":25,"turns":3},{"damage":7,"enemies":"Book of Stabbing","floor":27,"turns":4},{"damage":0,"enemies":"Snecko","floor":31,"turns":2},{"damage":35,"enemies":"Automaton","floor":33,"turns":6},{"damage":18,"enemies":"3 Shapes","floor":35,"turns":3},{"damage":7,"enemies":"Orb Walker","floor":36,"turns":3},{"damage":16,"enemies":"Transient","floor":38,"turns":5},{"damage":1,"enemies":"Jaw Worm Horde","floor":39,"turns":3},{"damage":44,"enemies":"Giant Head","floor":40,"turns":6},{"damage":30,"enemies":"4 Shapes","floor":44,"turns":4},{"damage":104,"enemies":"Nemesis","floor":48,"turns":4}],"seed_played":"-68048842243206100","potions_obtained":[{"floor":8.0,"key":"GamblersBrew"},{"floor":10,"key":"DuplicationPotion"},{"floor":14,"key":"Ancient Potion"},{"floor":16,"key":"SneckoOil"},{"floor":22,"key":"PowerPotion"},{"floor":25,"key":"Block Potion"},{"floor":27,"key":"BottledMiracle"},{"floor":33,"key":"DistilledChaos"},{"floor":38,"key":"DistilledChaos"},{"floor":40,"key":"Energy Potion"},{"floor":44,"key":"GamblersBrew"}],"is_trial":false,"path_per_floor":["M","M","$","M","?","R","M","E","T","E","?","R","M","E","R","B",null,"M","$","M","?","M","R","M","E","T","E","R","?","R","M","R","B",null,"M","M","$","M","M","E","R","$","T","M","R","?","R","E"],"character_chosen":"WATCHER","items_purchased":["Question Card","StancePotion"],"campfire_rested":8,"item_purchase_floors":[19,37],"current_hp_per_floor":[72,69,69,62,62,62,58,39,39,21,21,43,26,9,31,20,74,72,72,55,39,14,36,34,12,12,10,32,32,54,56,56,33,80,64,59,59,45,49,12,38,38,38,10,37,37,64,0,0],"gold":197,"neow_bonus":"REMOVE_TWO","is_daily":false,"chose_seed":false,"campfire_upgraded":2,"win_rate":0.0,"timestamp":1610975472,"path_taken":["M","M","$","M","?","R","?","E","T","E","?","R","M","E","R","BOSS","M","$","?","?","M","R","M","E","T","E","R","?","R","M","R","BOSS","M","M","$","M","M","E","R","$","T","M","R","?","R","E"],"items_purchased_type":["Relic","Potion"],"build_version":"2020-12-22","purchased_purges":0,"victory":false,"max_hp_per_floor":[72,72,72,72,72,72,72,72,72,74,74,74,74,74,74,74,74,76,76,76,76,76,76,76,76,76,76,76,76,76,78,78,80,80,82,84,84,86,86,88,88,88,88,90,90,90,90,90,90],"card_choices":[{"not_picked":["Crescendo","Protect"],"picked":"Wireheading","floor":1.0},{"not_picked":["FlyingSleeves","Prostrate"],"picked":"Vengeance","floor":2.0},{"not_picked":["SashWhip","Evaluate"],"picked":"Brilliance","floor":4.0},{"not_picked":["TalkToTheHand","Prostrate"],"picked":"CarveReality","floor":7.0},{"not_picked":["CutThroughFate","Crescendo"],"picked":"Meditate","floor":8.0},{"not_picked":["Wallop","SashWhip","SpiritShield"],"picked":"Singing Bowl","floor":10},{"not_picked":["ForeignInfluence","ThirdEye"],"picked":"TalkToTheHand","floor":13},{"not_picked":["ClearTheMind","CutThroughFate"],"picked":"Devotion","floor":14},{"not_picked":["Judgement","Omniscience"],"picked":"ConjureBlade","floor":16},{"not_picked":["CrushJoints","Evaluate","ThirdEye+1"],"picked":"Singing Bowl","floor":18},{"not_picked":["WheelKick","FlyingSleeves","Evaluate"],"picked":"Blasphemy","floor":20},{"not_picked":["Evaluate+1","Crescendo+1","SashWhip"],"picked":"SandsOfTime+1","floor":22},{"not_picked":["BattleHymn","Sanctity","CutThroughFate"],"picked":"SandsOfTime+1","floor":24},{"not_picked":["EmptyBody","ThirdEye","LessonLearned"],"picked":"Wireheading+1","floor":25},{"not_picked":["ForeignInfluence+1","PathToVictory","Omniscience"],"picked":"FlurryOfBlows+1","floor":27},{"not_picked":["JustLucky","Protect","WindmillStrike","EmptyFist"],"picked":"Singing Bowl","floor":31},{"not_picked":["Judgement","ConjureBlade","Scrawl","Wish"],"picked":"Singing Bowl","floor":33},{"not_picked":["WreathOfFlame","CrushJoints+1","SashWhip+1","ClearTheMind+1"],"picked":"Singing Bowl","floor":35},{"not_picked":["Pray","CutThroughFate+1","EmptyMind+1","ThirdEye+1"],"picked":"Singing Bowl","floor":36},{"not_picked":["Fasting2+1","EmptyFist","Worship+1","Collect+1"],"picked":"Singing Bowl","floor":38},{"not_picked":["ClearTheMind","EmptyBody","Sanctity"],"picked":"Weave","floor":39},{"not_picked":["FlurryOfBlows+1","Study+1","SandsOfTime+1","BattleHymn+1"],"picked":"Singing Bowl","floor":40},{"not_picked":["CrushJoints","Consecrate","Protect+1","SandsOfTime"],"picked":"Singing Bowl","floor":44}],"player_experience":346026,"relics_obtained":[{"floor":8.0,"key":"Turnip"},{"floor":9.0,"key":"InkBottle"},{"floor":10,"key":"Singing Bowl"},{"floor":14,"key":"Toy Ornithopter"},{"floor":21,"key":"Enchiridion"},{"floor":25,"key":"Frozen Egg 2"},{"floor":26,"key":"Vajra"},{"floor":27,"key":"Unceasing Top"},{"floor":40,"key":"WingedGreaves"},{"floor":43,"key":"Ancient Tea Set"}],"event_choices":[{"damage_healed":0.0,"max_hp_gain":0.0,"max_hp_loss":0.0,"gold_gain":0.0,"event_name":"Upgrade Shrine","player_choice":"Upgraded","floor":5.0,"gold_loss":0.0,"damage_taken":0.0,"cards_upgraded":["Eruption"]},{"damage_healed":0,"gold_gain":0,"player_choice":"Forge","damage_taken":0,"max_hp_gain":0,"max_hp_loss":0,"event_name":"Accursed Blacksmith","floor":11,"gold_loss":0,"cards_upgraded":["Meditate"]},{"damage_healed":0,"gold_gain":0,"player_choice":"Obtained Book","damage_taken":16,"max_hp_gain":0,"max_hp_loss":0,"event_name":"Cursed Tome","floor":21,"gold_loss":0},{"damage_healed":0,"gold_gain":0,"player_choice":"Paid Fearfully","damage_taken":0,"max_hp_gain":0,"max_hp_loss":0,"event_name":"Masked Bandits","floor":29,"gold_loss":161},{"cards_removed":["Weave"],"damage_healed":0,"gold_gain":0,"player_choice":"Removed Attack","damage_taken":0,"max_hp_gain":0,"max_hp_loss":0,"event_name":"Falling","floor":46,"gold_loss":0}],"is_beta":false,"boss_relics":[{"not_picked":["Velvet Choker","Fusion Hammer"],"picked":"Cursed Key"},{"not_picked":["Astrolabe","Coffee Dripper"],"picked":"HolyWater"}],"items_purged_floors":[],"is_endless":false,"potions_floor_spawned":[8,10,14,16,22,25,27,33,38,40,44],"killed_by":"Nemesis","ascension_level":4}}