{"host":"9jj9tzo2iym4bpat","time":1610944399,"event":{"mods":["Act Like it!","BaseMod","CapriCore","Colored Map","Dark Map","Luminous","Minty Spire (QoL Compilation)","Permanent Neow","StSLib","Td1madao Mod","The Animator","The Immortal","The Marked","The Servant 0.9.4","Yakumo Yukari mod"],"gold_per_floor":[109,36,56,71,346,356,389,401,401,434,452,463,463,476,476,476,476],"floor_reached":16,"language":"ENG","playtime":567,"items_purged":[],"score":139,"play_id":"5b952870-76e3-434c-b258-ecbf9f0a55c7","local_time":"20210117223319","is_ascension_mode":true,"campfire_choices":[{"floor":13,"key":"REST"},{"floor":15,"key":"REST"}],"circlet_count":0,"master_deck":["Strike_G","Strike_G","Strike_G","Strike_G","Strike_G","Defend_G","Defend_G","Defend_G","Defend_G","Defend_G","Survivor","Neutralize","Glass Knife","Backstab","Dagger Spray","Regret","Deflect","Blade Dance","Cloak And Dagger","Slice"],"relics":["Ring of the Snake","FossilizedHelix","Oddly Smooth Stone","Toy Ornithopter"],"acts_visited":["Exordium"],"potions_floor_usage":[7,8,10,10,14],"damage_taken":[{"damage":0,"enemies":"Cultist","floor":1,"turns":3},{"damage":2,"enemies":"Jaw Worm","floor":3,"turns":2},{"damage":0,"enemies":"Small Slimes","floor":4,"turns":2},{"damage":0,"enemies":"Exordium Wildlife","floor":6,"turns":4},{"damage":26,"enemies":"3 Sentries","floor":7,"turns":8},{"damage":11,"enemies":"Exordium Thugs","floor":8,"turns":5},{"damage":6,"enemies":"Gremlin Nob","floor":10,"turns":4},{"damage":0,"enemies":"Blue Slaver","floor":11,"turns":3},{"damage":20,"enemies":"Large Slime","floor":12,"turns":5},{"damage":2,"enemies":"Exordium Wildlife","floor":14,"turns":4},{"damage":66,"enemies":"Slime Boss","floor":16,"turns":13}],"seed_played":"-895234770371429352","potions_obtained":[{"floor":1,"key":"GamblersBrew"},{"floor":4,"key":"Energy Potion"},{"floor":7,"key":"GhostInAJar"},{"floor":8,"key":"Block Potion"},{"floor":11,"key":"Regen Potion"}],"is_trial":false,"path_per_floor":["M","$","M","M","?","M","E","M","T","E","M","M","R","M","R","B"],"character_chosen":"THE_SILENT","items_purchased":["Backstab"],"campfire_rested":2,"item_purchase_floors":[2],"current_hp_per_floor":[70,70,68,68,68,68,42,31,31,25,25,5,26,41,62,0,0],"gold":476,"neow_bonus":"ONE_RANDOM_RARE_CARD","is_daily":false,"chose_seed":false,"campfire_upgraded":0,"win_rate":0.0,"timestamp":1610944399,"path_taken":["M","$","?","M","?","?","E","M","T","E","M","M","R","M","R","BOSS"],"items_purchased_type":["Card"],"build_version":"2020-12-22","purchased_purges":0,"victory":false,"max_hp_per_floor":[70,70,70,70,70,70,70,70,70,70,70,70,70,70,70,70,70],"card_choices":[{"not_picked":["Concentrate","Backflip","Quick Slash"],"picked":"SKIP","floor":1},{"not_picked":["Heel Hook","Acrobatics","Backflip"],"picked":"SKIP","floor":3},{"not_picked":["Choke","Bane"],"picked":"Dagger Spray","floor":4},{"not_picked":["Deadly Poison","Flying Knee"],"picked":"Deflect","floor":6},{"not_picked":["Glass Knife","Eviscerate","Deflect"],"picked":"SKIP","floor":7},{"not_picked":["Dagger Throw","Dodge and Roll"],"picked":"Blade Dance","floor":8},{"not_picked":["Die Die Die","Backstab"],"picked":"Cloak And Dagger","floor":10},{"not_picked":["PiercingWail","Acrobatics","Predator"],"picked":"SKIP","floor":11},{"not_picked":["Sucker Punch","Underhanded Strike"],"picked":"Slice","floor":12},{"not_picked":["Quick Slash","All Out Attack","Blur"],"picked":"SKIP","floor":14}],"player_experience":275025,"relics_obtained":[{"floor":7,"key":"FossilizedHelix"},{"floor":9,"key":"Oddly Smooth Stone"},{"floor":10,"key":"Toy Ornithopter"}],"event_choices":[{"damage_healed":0,"gold_gain":275,"player_choice":"Desecrate","damage_taken":0,"max_hp_gain":0,"max_hp_loss":0,"event_name":"Golden Shrine","floor":5,"gold_loss":0,"cards_obtained":["Regret"]}],"is_beta":false,"boss_relics":[],"items_purged_floors":[],"is_endless":false,"potions_floor_spawned":[1,4,7,8,11],"killed_by":"Slime Boss","ascension_level":4}}