{"host":"yvb207ks1sg3cxef","time":1610993128,"event":{"mods":["2.2 Compatiblity","BaseMod","Bestiary","Colored Powertips","Minty Spire (QoL Compilation)","Permanent Neow","Quick Restart","Relic Stats","StSLib"],"gold_per_floor":[119,119,119,136,154,154,174,174,174,186,186,186,186],"floor_reached":12,"language":"ENG","playtime":320,"items_purged":[],"score":109,"play_id":"a0bc1797-e954-4615-8c66-fd71c19c8263","local_time":"20210118233528","is_ascension_mode":true,"campfire_choices":[{"data":"CrushJoints","floor":6.0,"key":"SMITH"},{"data":"Adaptation","floor":8.0,"key":"SMITH"},{"data":"Eruption","floor":11.0,"key":"SMITH"}],"circlet_count":0,"master_deck":["AscendersBane","Strike_P","Strike_P+1","Strike_P","Strike_P+1","Defend_P","Defend_P","Defend_P","Defend_P","Eruption+1","Vigilance","MasterReality","ThirdEye","CrushJoints+1","Protect","Adaptation+1","Evaluate"],"relics":["PureWater","Pen Nib","Odd Mushroom","Meat on the Bone"],"acts_visited":["Exordium"],"potions_floor_usage":[],"damage_taken":[{"damage":0.0,"enemies":"Small Slimes","floor":1.0,"turns":4.0},{"damage":0.0,"enemies":"Jaw Worm","floor":4.0,"turns":4.0},{"damage":0.0,"enemies":"2 Louse","floor":5.0,"turns":3.0},{"damage":23.0,"enemies":"The Mushroom Lair","floor":7.0,"turns":6.0},{"damage":1.0,"enemies":"Large Slime","floor":10.0,"turns":5.0},{"damage":0,"enemies":"3 Sentries","floor":12,"turns":1}],"seed_played":"-2236348690873657112","potions_obtained":[{"floor":7.0,"key":"PowerPotion"}],"is_trial":false,"path_per_floor":["M","?","?","M","M","R","?","R","T","M","R","E"],"character_chosen":"WATCHER","items_purchased":[],"campfire_rested":0,"item_purchase_floors":[],"current_hp_per_floor":[65,58,44,44,44,44,21,21,21,32,32,32,32],"gold":186,"neow_bonus":"ONE_RANDOM_RARE_CARD","is_daily":false,"chose_seed":false,"campfire_upgraded":3,"win_rate":0.0,"timestamp":1610993128,"path_taken":["M","?","?","M","M","R","?","R","T","M","R","E"],"items_purchased_type":[],"build_version":"2020-12-22","purchased_purges":0,"victory":false,"max_hp_per_floor":[72,72,72,72,72,72,72,72,72,72,72,72,72],"relic_stats":{"counters":[6,23],"Pen Nib":[2],"obtain_stats":[{"Pen Nib":2,"PureWater":0,"Odd Mushroom":7,"Meat on the Bone":9},{"Pen Nib":1,"PureWater":0,"Odd Mushroom":4,"Meat on the Bone":4},{"Pen Nib":4,"PureWater":0,"Odd Mushroom":17,"Meat on the Bone":17}],"Meat on the Bone":12},"card_choices":[{"not_picked":["BowlingBash","EmptyBody"],"picked":"ThirdEye","floor":1.0},{"not_picked":["Nirvana","SashWhip"],"picked":"CrushJoints","floor":4.0},{"not_picked":["Alpha","Swivel"],"picked":"Protect","floor":5.0},{"not_picked":["PathToVictory","Swivel"],"picked":"Adaptation","floor":7.0},{"not_picked":["Halt","Judgement"],"picked":"Evaluate","floor":10.0}],"player_experience":384078,"relics_obtained":[{"floor":7.0,"key":"Odd Mushroom"},{"floor":9.0,"key":"Meat on the Bone"}],"event_choices":[{"damage_healed":0.0,"max_hp_gain":0.0,"max_hp_loss":0.0,"gold_gain":0.0,"event_name":"Scrap Ooze","player_choice":"Success","floor":2.0,"gold_loss":0.0,"damage_taken":7.0,"relics_obtained":["Pen Nib"]},{"damage_healed":0.0,"max_hp_gain":0.0,"max_hp_loss":0.0,"gold_gain":0.0,"event_name":"Shining Light","player_choice":"Entered Light","floor":3.0,"gold_loss":0.0,"damage_taken":14.0,"cards_upgraded":["Strike_P","Strike_P"]},{"damage_healed":0.0,"max_hp_gain":0.0,"max_hp_loss":0.0,"gold_gain":0.0,"event_name":"Mushrooms","player_choice":"Fought Mushrooms","floor":7.0,"gold_loss":0.0,"damage_taken":0.0}],"is_beta":false,"boss_relics":[],"items_purged_floors":[],"is_endless":false,"potions_floor_spawned":[7],"killed_by":"3 Sentries","ascension_level":12}}