{"host":"nukjzc0ca34w6eem","time":1610954736,"event":{"mods":["2.2 Compatiblity","AchievementEnabler","BaseMod","Colored Powertips","Downfall","Minty Spire (QoL Compilation)","StSLib"],"gold_per_floor":[99,99,99,99,99,130,176,232,248,125,141,41,26,26,41,139,139,139,157,42,60,60,60],"floor_reached":22,"language":"ENG","playtime":1805,"items_purged":["bronze:Strike","bronze:Defend"],"score":205,"play_id":"46e0823f-5b35-4f73-9794-4c4181f8bd66","local_time":"20210117232536","is_ascension_mode":false,"campfire_choices":[{"data":"bronze:Replicate","floor":1.0,"key":"SMITH"},{"data":"bronze:ChosenStrike","floor":12,"key":"SMITH"},{"data":"bronze:AlphaBuild","floor":18,"key":"SMITH"}],"circlet_count":0,"master_deck":["bronze:Defend","bronze:Defend","bronze:Replicate+1","bronze:Goto","bronze:FineTuning","bronze:WhirlingStrike","bronze:Branch","bronze:GetLatest","bronze:CloningBeam","bronze:ChosenStrike+1","bronze:CloningBeam","bronze:DelayedGuard","bronze:Invalidate","bronze:AlphaBuild+1","bronze:Branch"],"relics":["bronze:BronzeCore","downfall:HeartsMalice","Kunai","Centennial Puzzle","downfall:HeartBlessingBlue","Empty Cage"],"acts_visited":["Exordium","TheCity"],"potions_floor_usage":[8,16,16,19,22],"damage_taken":[{"damage":0.0,"enemies":"Jaw Worm","floor":2.0,"turns":1.0},{"damage":0.0,"enemies":"2 Louse","floor":3.0,"turns":1.0},{"damage":0.0,"enemies":"Cultist","floor":5.0,"turns":1.0},{"damage":17,"enemies":"3 Sentries","floor":6,"turns":7},{"damage":7,"enemies":"3 Sentries","floor":8,"turns":8},{"damage":1,"enemies":"3 Louse","floor":9,"turns":3},{"damage":0,"enemies":"downfall:FleeingMerchant","floor":10,"turns":4},{"damage":11,"enemies":"Exordium Wildlife","floor":11,"turns":5},{"damage":7,"enemies":"downfall:FleeingMerchant","floor":13,"turns":4},{"damage":10,"enemies":"Exordium Thugs","floor":15,"turns":2},{"damage":25,"enemies":"SI_SHIV_ARCHETYPE","floor":16,"turns":5},{"damage":23,"enemies":"Shell Parasite","floor":19,"turns":5},{"damage":20,"enemies":"downfall:FleeingMerchant","floor":20,"turns":4},{"damage":7,"enemies":"Snake Plant","floor":21,"turns":3},{"damage":35,"enemies":"Centurion and Healer","floor":22,"turns":6}],"seed_played":"5744829366258975776","potions_obtained":[{"floor":6,"key":"Dexterity Potion"},{"floor":8,"key":"Fruit Juice"},{"floor":11,"key":"sneckomod:MuddlingPotion"},{"floor":15,"key":"EssenceOfSteel"},{"floor":21,"key":"Block Potion"}],"is_trial":false,"path_per_floor":["R","M","M","?","M","E","T","?","M","$","M","R","$","?","M","B",null,"R","M","$","M","M"],"character_chosen":"THE_AUTOMATON","items_purchased":["bronze:ChosenStrike"],"campfire_rested":0,"item_purchase_floors":[10],"current_hp_per_floor":[70,70,70,70,70,53,53,51,50,50,39,49,42,42,32,7,85,85,62,42,35,0,0],"gold":60,"neow_bonus":"THREE_ENEMY_KILL","is_daily":false,"chose_seed":false,"campfire_upgraded":3,"win_rate":0.0,"timestamp":1610954736,"path_taken":["R","M","M","?","M","E","T","?","M","$","M","R","$","?","M","BOSS","R","M","$","M","M"],"items_purchased_type":["Card"],"build_version":"2020-12-22","purchased_purges":2,"victory":false,"max_hp_per_floor":[70,70,70,70,70,70,70,75,75,75,75,85,85,85,85,85,85,85,85,85,85,85,85],"card_choices":[{"not_picked":["bronze:BronzeArmor","bronze:Philosophize"],"picked":"bronze:FineTuning","floor":2.0},{"not_picked":["bronze:FineTuning","bronze:BronzeArmor"],"picked":"bronze:WhirlingStrike","floor":3.0},{"not_picked":["bronze:Allocate","bronze:BuggyMess"],"picked":"bronze:Branch","floor":5.0},{"not_picked":["bronze:WhirlingStrike","bronze:Overheat"],"picked":"bronze:GetLatest","floor":6},{"not_picked":["bronze:BuggyMess","bronze:Shield"],"picked":"bronze:CloningBeam","floor":8},{"not_picked":["bronze:BronzeArmor","bronze:NullPointer","bronze:DelayedGuard"],"picked":"SKIP","floor":9},{"not_picked":["bronze:RecursiveStrike","bronze:Shield","bronze:CloningBeam"],"picked":"SKIP","floor":10},{"not_picked":["bronze:BuggyMess","bronze:OilSpill"],"picked":"bronze:CloningBeam","floor":11},{"not_picked":["bronze:FineTuning","bronze:MaxOutput"],"picked":"bronze:DelayedGuard","floor":13},{"not_picked":["bronze:Invalidate","bronze:OilSpill","bronze:FineTuning"],"picked":"SKIP","floor":15},{"not_picked":["bronze:HyperBeam","bronze:Break"],"picked":"bronze:AlphaBuild","floor":16},{"not_picked":["bronze:ChosenStrike","bronze:Invalidate","bronze:Overheat+1"],"picked":"SKIP","floor":19},{"not_picked":["bronze:Iterate","bronze:BuggyMess"],"picked":"bronze:Branch","floor":20},{"not_picked":["bronze:BuggyMess+1","bronze:Backtrace","bronze:FineTuning"],"picked":"SKIP","floor":21}],"player_experience":522340,"relics_obtained":[{"floor":6,"key":"Kunai"},{"floor":8,"key":"Centennial Puzzle"}],"event_choices":[{"cards_removed":["bronze:Strike"],"damage_healed":0.0,"max_hp_gain":0.0,"max_hp_loss":0.0,"gold_gain":0.0,"event_name":"The Cleric","player_choice":"Card Removal","floor":4.0,"gold_loss":0.0,"damage_taken":0.0}],"is_beta":false,"boss_relics":[{"not_picked":["Cursed Key","Tiny House"],"picked":"Empty Cage"}],"items_purged_floors":[10,20],"is_endless":false,"potions_floor_spawned":[6,8,11,15,21],"killed_by":"Centurion and Healer","ascension_level":0}}