{"host":"ebj6lkgm8suah319","time":1610997867,"event":{"mods":["2.2 Compatiblity","AchievementEnabler","BaseMod","Block Reminder","Colored Map","Colored Powertips","Minty Spire (QoL Compilation)","Quick Restart","Rare Cards Sparkle","Relic Stats","SuperFastMode"],"gold_per_floor":[112,112,126,138,156,156,191,203,215,227,250,277,320,397,409,521,533,555,567,579,591,614,660,682,729,741,753,775,787,501,514,514,613,613,626,44,64,83,101,128,146,146,172,200,200,212,240,252,252,252],"floor_reached":51,"language":"ENG","playtime":1849,"items_purged":["Strike_R","Strike_R"],"score":1001,"play_id":"49637e55-6f9f-4dc8-949f-9a0ab1131178","local_time":"20210118142427","is_ascension_mode":true,"campfire_choices":[{"data":"Inflame","floor":6,"key":"SMITH"},{"data":"Clothesline","floor":8,"key":"SMITH"},{"data":"Immolate","floor":15,"key":"SMITH"},{"floor":27,"key":"REST"},{"floor":32,"key":"REST"},{"floor":42,"key":"REST"},{"floor":45,"key":"REST"},{"floor":49,"key":"REST"}],"circlet_count":0,"master_deck":["Strike_R","Strike_R","Defend_R","Defend_R","Defend_R","Defend_R","Bash+1","Clothesline+1","Wild Strike","Pommel Strike","Inflame+1","Feel No Pain","Shrug It Off","Whirlwind","Immolate+1","Reaper","Hemokinesis+1","Inflame","J.A.X.","Uppercut","Disarm","Flame Barrier","Inflame","Demon Form","Heavy Blade","Dark Embrace","Shrug It Off","Pommel Strike+1","Rupture+1","Battle Trance+1","Disarm","Immolate"],"relics":["Burning Blood","Nunchaku","MawBank","Bottled Flame","Magic Flower","Champion Belt","Fusion Hammer","Oddly Smooth Stone","Bottled Tornado","Orichalcum","PreservedInsect","Snecko Eye","Paper Frog","TheAbacus","Shuriken","Dream Catcher","Centennial Puzzle","FossilizedHelix"],"acts_visited":["Exordium","TheCity","TheBeyond"],"potions_floor_usage":[7,13,23,25,31,33,40,50,50,50],"damage_taken":[{"damage":10,"enemies":"2 Louse","floor":1,"turns":4},{"damage":2,"enemies":"Jaw Worm","floor":3,"turns":3},{"damage":0,"enemies":"Cultist","floor":4,"turns":3},{"damage":1,"enemies":"2 Fungi Beasts","floor":5,"turns":3},{"damage":20,"enemies":"3 Sentries","floor":7,"turns":5},{"damage":24,"enemies":"Lots of Slimes","floor":11,"turns":5},{"damage":0,"enemies":"Exordium Wildlife","floor":12,"turns":3},{"damage":16,"enemies":"Gremlin Nob","floor":13,"turns":3},{"damage":19,"enemies":"Lagavulin Event","floor":14,"turns":5},{"damage":26,"enemies":"Slime Boss","floor":16,"turns":7},{"damage":20,"enemies":"2 Thieves","floor":18,"turns":4},{"damage":0,"enemies":"3 Byrds","floor":22,"turns":3},{"damage":42,"enemies":"Slavers","floor":23,"turns":6},{"damage":24,"enemies":"Shelled Parasite and Fungi","floor":24,"turns":4},{"damage":23,"enemies":"Gremlin Leader","floor":25,"turns":4},{"damage":12,"enemies":"Snecko","floor":28,"turns":4},{"damage":10,"enemies":"Centurion and Healer","floor":31,"turns":5},{"damage":80,"enemies":"Collector","floor":33,"turns":10},{"damage":7,"enemies":"Orb Walker","floor":35,"turns":5},{"damage":26,"enemies":"3 Shapes","floor":37,"turns":9},{"damage":10,"enemies":"Writhing Mass","floor":38,"turns":4},{"damage":19,"enemies":"4 Shapes","floor":39,"turns":6},{"damage":89,"enemies":"Reptomancer","floor":40,"turns":6},{"damage":7,"enemies":"Sphere and 2 Shapes","floor":41,"turns":3},{"damage":22,"enemies":"Giant Head","floor":44,"turns":6},{"damage":14,"enemies":"Spire Growth","floor":46,"turns":3},{"damage":2,"enemies":"Nemesis","floor":47,"turns":3},{"damage":15,"enemies":"4 Shapes","floor":48,"turns":9},{"damage":75,"enemies":"Donu and Deca","floor":50,"turns":8}],"seed_played":"-8921646449541170412","potions_obtained":[{"floor":4,"key":"CultistPotion"},{"floor":12,"key":"Strength Potion"},{"floor":14,"key":"BloodPotion"},{"floor":16,"key":"Swift Potion"},{"floor":18,"key":"LiquidBronze"},{"floor":22,"key":"AttackPotion"},{"floor":25,"key":"BlessingOfTheForge"},{"floor":28,"key":"BlessingOfTheForge"},{"floor":33,"key":"SkillPotion"},{"floor":39,"key":"EssenceOfSteel"},{"floor":40,"key":"HeartOfIron"}],"is_trial":false,"path_per_floor":["M","?","M","M","M","R","E","R","T","$","M","M","E","?","R","B",null,"M","?","?","?","M","E","M","E","T","R","M","?","$","M","R","B",null,"M","$","M","M","M","E","M","R","T","E","R","M","E","M","R","B",null],"character_chosen":"IRONCLAD","items_purchased":["PreservedInsect","Inflame","Paper Frog","Dark Embrace","TheAbacus"],"campfire_rested":5,"item_purchase_floors":[30,30,36,36,36],"current_hp_per_floor":[76,76,80,80,80,80,66,66,66,66,48,54,44,34,34,17,64,64,64,64,64,80,62,59,45,45,69,77,77,77,80,80,33,68,70,70,80,79,80,20,40,64,64,51,75,80,80,80,80,79],"gold":252,"neow_bonus":"RANDOM_COMMON_RELIC","is_daily":false,"chose_seed":false,"campfire_upgraded":3,"win_rate":0.0,"timestamp":1610997867,"path_taken":["M","?","M","M","M","R","E","R","T","$","M","M","E","?","R","BOSS","M","?","?","?","M","E","?","E","T","R","M","?","$","M","R","BOSS","M","$","M","M","M","E","M","R","T","E","R","M","E","?","R","BOSS"],"items_purchased_type":["Relic","Card","Relic","Card","Relic"],"build_version":"2020-12-22","purchased_purges":2,"victory":true,"max_hp_per_floor":[80,80,80,80,80,80,80,80,80,80,80,80,80,80,80,80,80,80,80,80,80,80,80,80,80,80,80,80,80,80,80,80,80,80,80,80,80,80,80,80,80,80,80,80,80,80,80,80,80,80],"relic_stats":{"counters":[29,143],"Magic Flower":[119],"PreservedInsect":233,"Orichalcum":[138],"MawBank":276,"Burning Blood":176,"Nunchaku":[22],"Dream Catcher":2,"Centennial Puzzle":[12],"TheAbacus":[72],"Shuriken":[5],"Snecko Eye":[102,111,122,108],"Champion Belt":[30],"obtain_stats":[{"Magic Flower":13,"Oddly Smooth Stone":23,"PreservedInsect":30,"Bottled Tornado":25,"Orichalcum":26,"MawBank":7,"Burning Blood":0,"Nunchaku":0,"Bottled Flame":9,"Dream Catcher":43,"Centennial Puzzle":44,"TheAbacus":36,"Shuriken":40,"Snecko Eye":34,"Fusion Hammer":17,"Champion Belt":14,"FossilizedHelix":47,"Paper Frog":36},{"Magic Flower":8,"Oddly Smooth Stone":13,"PreservedInsect":16,"Bottled Tornado":15,"Orichalcum":15,"MawBank":5,"Burning Blood":0,"Nunchaku":0,"Bottled Flame":5,"Dream Catcher":24,"Centennial Puzzle":25,"TheAbacus":19,"Shuriken":23,"Snecko Eye":18,"Fusion Hammer":10,"Champion Belt":9,"FossilizedHelix":27,"Paper Frog":19},{"Magic Flower":29,"Oddly Smooth Stone":54,"PreservedInsect":66,"Bottled Tornado":62,"Orichalcum":62,"MawBank":18,"Burning Blood":0,"Nunchaku":0,"Bottled Flame":18,"Dream Catcher":114,"Centennial Puzzle":120,"TheAbacus":86,"Shuriken":111,"Snecko Eye":81,"Fusion Hammer":41,"Champion Belt":34,"FossilizedHelix":126,"Paper Frog":86}]},"card_choices":[{"not_picked":["Twin Strike","Sword Boomerang"],"picked":"Clothesline","floor":1},{"not_picked":["Second Wind","Anger"],"picked":"Wild Strike","floor":3},{"not_picked":["Wild Strike","Searing Blow"],"picked":"Pommel Strike","floor":4},{"not_picked":["Cleave","Armaments"],"picked":"Inflame","floor":5},{"not_picked":["Infernal Blade","Iron Wave"],"picked":"Feel No Pain","floor":7},{"not_picked":["Iron Wave","Anger"],"picked":"Shrug It Off","floor":11},{"not_picked":["Sever Soul","Body Slam"],"picked":"Whirlwind","floor":12},{"not_picked":["Flex","Havoc","Iron Wave"],"picked":"SKIP","floor":13},{"not_picked":["Anger","Havoc"],"picked":"Immolate","floor":14},{"not_picked":["Demon Form","Juggernaut"],"picked":"Reaper","floor":16},{"not_picked":["Sword Boomerang","Thunderclap"],"picked":"Hemokinesis+1","floor":18},{"not_picked":["Fire Breathing","Pommel Strike"],"picked":"Disarm","floor":22},{"not_picked":["Iron Wave","Blood for Blood+1","Perfected Strike"],"picked":"SKIP","floor":23},{"not_picked":["Cleave","Combust","Flex"],"picked":"SKIP","floor":24},{"not_picked":["Berserk","Exhume"],"picked":"Flame Barrier","floor":25},{"not_picked":["Anger","Flex","Warcry"],"picked":"SKIP","floor":28},{"not_picked":["Sword Boomerang","Dropkick","Reckless Charge+1"],"picked":"SKIP","floor":31},{"not_picked":["Brutality","Double Tap"],"picked":"Demon Form","floor":33},{"not_picked":["Anger","Searing Blow"],"picked":"Heavy Blade","floor":35},{"not_picked":["Wild Strike+1","Armaments"],"picked":"Shrug It Off","floor":37},{"not_picked":["Anger","Infernal Blade","Armaments"],"picked":"SKIP","floor":38},{"not_picked":["Warcry","Wild Strike+1","Flex"],"picked":"SKIP","floor":39},{"not_picked":["Body Slam+1","Fire Breathing"],"picked":"Pommel Strike+1","floor":40},{"not_picked":["Searing Blow","True Grit"],"picked":"Rupture+1","floor":41},{"not_picked":["Dark Embrace+1","Headbutt","Berserk"],"picked":"SKIP","floor":44},{"not_picked":["Armaments+1","Warcry+1"],"picked":"Battle Trance+1","floor":46},{"not_picked":["Havoc+1","Combust+1"],"picked":"Disarm","floor":47},{"not_picked":["Thunderclap","Iron Wave","Whirlwind"],"picked":"SKIP","floor":48},{"not_picked":["Pommel Strike","Rage+1"],"picked":"Immolate","floor":49}],"player_experience":16432,"relics_obtained":[{"floor":7,"key":"MawBank"},{"floor":9,"key":"Bottled Flame"},{"floor":13,"key":"Magic Flower"},{"floor":14,"key":"Champion Belt"},{"floor":23,"key":"Oddly Smooth Stone"},{"floor":25,"key":"Bottled Tornado"},{"floor":26,"key":"Orichalcum"},{"floor":40,"key":"Shuriken"},{"floor":43,"key":"Dream Catcher"},{"floor":44,"key":"Centennial Puzzle"},{"floor":47,"key":"FossilizedHelix"}],"event_choices":[{"damage_healed":0,"gold_gain":0,"player_choice":"Grow","damage_taken":0,"max_hp_gain":0,"max_hp_loss":0,"event_name":"Living Wall","floor":2,"gold_loss":0,"cards_upgraded":["Bash"]},{"damage_healed":0,"gold_gain":0,"player_choice":"Searched \u00271\u0027 times","damage_taken":0,"max_hp_gain":0,"max_hp_loss":0,"event_name":"Dead Adventurer","floor":14,"gold_loss":0},{"damage_healed":0,"gold_gain":0,"player_choice":"Read","damage_taken":0,"max_hp_gain":0,"max_hp_loss":0,"event_name":"The Library","floor":19,"gold_loss":0,"cards_obtained":["Inflame"]},{"damage_healed":0,"gold_gain":0,"player_choice":"Obtain J.A.X.","damage_taken":0,"max_hp_gain":0,"max_hp_loss":0,"event_name":"Drug Dealer","floor":20,"gold_loss":0,"cards_obtained":["J.A.X."]},{"damage_healed":0,"gold_gain":0,"player_choice":"1 cards matched","damage_taken":0,"max_hp_gain":0,"max_hp_loss":0,"event_name":"Match and Keep!","floor":21,"gold_loss":0,"cards_obtained":["Uppercut"]},{"cards_removed":["Strike_R"],"damage_healed":0,"gold_gain":0,"player_choice":"Purged","damage_taken":0,"max_hp_gain":0,"max_hp_loss":0,"event_name":"Purifier","floor":29,"gold_loss":0}],"is_beta":false,"boss_relics":[{"not_picked":["SacredBark","Astrolabe"],"picked":"Fusion Hammer"},{"not_picked":["Philosopher\u0027s Stone","Black Blood"],"picked":"Snecko Eye"}],"items_purged_floors":[30,36],"is_endless":false,"potions_floor_spawned":[4,12,14,16,18,22,25,28,33,39,40,47],"ascension_level":5}}