{"host":"a5lz0e76zb3fcwkm","time":1610966408,"event":{"mods":["AchievementEnabler","BaseMod","Colored Map","Colored Powertips","Minty Spire (QoL Compilation)","StSLib","SuperFastMode"],"gold_per_floor":[112,122,122,122,30,55,55,80,80,97,97,115,133,208,208,280,280,260,260,175,175,175,175,175],"floor_reached":23,"language":"KOR","playtime":381,"items_purged":[],"score":448,"play_id":"0e256d27-43e6-4fc6-83f9-f444b0b7d8f5","local_time":"20210118194008","is_ascension_mode":true,"campfire_choices":[{"data":"Blade Dance","floor":7.0,"key":"SMITH"},{"data":"Accuracy","floor":11.0,"key":"SMITH"},{"data":"Prepared","floor":15.0,"key":"SMITH"}],"circlet_count":0,"master_deck":["AscendersBane","Strike_G","Strike_G","Strike_G","Strike_G","Defend_G","Defend_G","Defend_G","Defend_G","Defend_G","Survivor","Neutralize","Backstab","Infinite Blades","Blade Dance+1","Accuracy+1","Prepared+1","PiercingWail","Phantasmal Killer","Blade Dance","Calculated Gamble"],"relics":["Ring of the Snake","NeowsBlessing","Turnip","Ninja Scroll","Letter Opener","Ectoplasm","Lantern","Red Mask"],"acts_visited":["Exordium","TheCity"],"potions_floor_usage":[23,23],"damage_taken":[{"damage":0.0,"enemies":"2 Louse","floor":1.0,"turns":1.0},{"damage":0.0,"enemies":"Jaw Worm","floor":2.0,"turns":1.0},{"damage":0.0,"enemies":"Lagavulin","floor":6.0,"turns":1.0},{"damage":11.0,"enemies":"Gremlin Nob","floor":8.0,"turns":3.0},{"damage":0.0,"enemies":"Cultist","floor":10.0,"turns":3.0},{"damage":0.0,"enemies":"2 Fungi Beasts","floor":12.0,"turns":2.0},{"damage":0.0,"enemies":"Looter","floor":13.0,"turns":2.0},{"damage":20.0,"enemies":"The Guardian","floor":16.0,"turns":9.0},{"damage":1.0,"enemies":"2 Thieves","floor":18.0,"turns":2.0},{"damage":0.0,"enemies":"Spheric Guardian","floor":19.0,"turns":1.0},{"damage":20.0,"enemies":"Masked Bandits","floor":22.0,"turns":4.0},{"damage":39,"enemies":"Book of Stabbing","floor":23,"turns":4}],"seed_played":"931279698213644435","potions_obtained":[{"floor":1.0,"key":"Poison Potion"},{"floor":6.0,"key":"LiquidBronze"},{"floor":10.0,"key":"ColorlessPotion"},{"floor":12.0,"key":"Fire Potion"},{"floor":16.0,"key":"Fruit Juice"},{"floor":22.0,"key":"SpeedPotion"}],"is_trial":false,"path_per_floor":["M","M","?","$","$","E","R","E","T","M","R","M","M","?","R","B",null,"M","M","?","?","?","E"],"character_chosen":"THE_SILENT","items_purchased":["Infinite Blades","Blade Dance"],"campfire_rested":0,"item_purchase_floors":[5,5],"current_hp_per_floor":[59,59,52,52,52,52,52,41,41,41,41,41,41,30,30,10,52,51,51,51,51,31,0,0],"gold":175,"neow_bonus":"THREE_ENEMY_KILL","is_daily":false,"chose_seed":false,"campfire_upgraded":3,"win_rate":0.0,"timestamp":1610966408,"path_taken":["M","M","?","?","$","E","R","E","T","M","R","?","M","?","R","BOSS","M","M","?","?","?","E"],"items_purchased_type":["Card","Card"],"build_version":"2020-12-22","purchased_purges":0,"victory":false,"max_hp_per_floor":[66,66,66,66,66,66,66,66,66,66,66,66,66,66,66,66,66,66,66,66,66,66,71,71],"card_choices":[{"not_picked":["Skewer","Dash"],"picked":"Backstab","floor":1.0},{"not_picked":["Outmaneuver","Slice","Setup"],"picked":"SKIP","floor":2.0},{"not_picked":["Outmaneuver","Heel Hook","Flying Knee"],"picked":"SKIP","floor":6.0},{"not_picked":["Dash","All Out Attack"],"picked":"Accuracy","floor":8.0},{"not_picked":["Deflect","Dagger Throw"],"picked":"Prepared","floor":10.0},{"not_picked":["Concentrate","Noxious Fumes","Flying Knee"],"picked":"SKIP","floor":12.0},{"not_picked":["Concentrate","Noxious Fumes","Flying Knee"],"picked":"SKIP","floor":12.0},{"not_picked":["Flying Knee","Crippling Poison"],"picked":"PiercingWail","floor":13.0},{"not_picked":["Grand Finale","Tools of the Trade"],"picked":"Phantasmal Killer","floor":16.0},{"not_picked":["Endless Agony","Outmaneuver","Flying Knee"],"picked":"SKIP","floor":18.0},{"not_picked":["Poisoned Stab","Underhanded Strike","Backstab"],"picked":"SKIP","floor":19.0},{"not_picked":["Sucker Punch","Caltrops"],"picked":"Calculated Gamble","floor":22.0}],"player_experience":1762644,"relics_obtained":[{"floor":6.0,"key":"Turnip"},{"floor":8.0,"key":"Ninja Scroll"},{"floor":9.0,"key":"Letter Opener"},{"floor":22.0,"key":"Red Mask"}],"event_choices":[{"cards_removed":["Strike_G"],"damage_healed":0.0,"max_hp_gain":0.0,"max_hp_loss":0.0,"gold_gain":0.0,"event_name":"Golden Wing","player_choice":"Card Removal","floor":3.0,"gold_loss":0.0,"damage_taken":7.0},{"damage_healed":0.0,"max_hp_gain":0.0,"max_hp_loss":0.0,"gold_gain":75.0,"event_name":"World of Goop","player_choice":"Gather Gold","floor":14.0,"gold_loss":0.0,"damage_taken":11.0},{"damage_healed":0.0,"max_hp_gain":0.0,"max_hp_loss":0.0,"gold_gain":0.0,"event_name":"Addict","player_choice":"Obtained Relic","floor":20.0,"gold_loss":85.0,"damage_taken":0.0,"relics_obtained":["Lantern"]},{"damage_healed":0.0,"max_hp_gain":0.0,"max_hp_loss":0.0,"gold_gain":0.0,"event_name":"The Library","player_choice":"Read","floor":21.0,"gold_loss":0.0,"damage_taken":0.0,"cards_obtained":["Blade Dance"]},{"damage_healed":0.0,"max_hp_gain":0.0,"max_hp_loss":0.0,"gold_gain":0.0,"event_name":"Masked Bandits","player_choice":"Fought Bandits","floor":22.0,"gold_loss":0.0,"damage_taken":0.0}],"is_beta":false,"boss_relics":[{"not_picked":["Fusion Hammer","Ring of the Serpent"],"picked":"Ectoplasm"}],"items_purged_floors":[],"is_endless":false,"potions_floor_spawned":[1,6,10,12,16,22],"killed_by":"Book of Stabbing","ascension_level":20}}