{"host":"hzinic87vu8p95wn","time":1610978523,"event":{"mods":["BaseMod","Minty Spire (QoL Compilation)"],"gold_per_floor":[113,93,17,34,46,80,80,96,96,96,123,123,136,147,147,221,221,221,221],"floor_reached":18,"language":"ENG","playtime":465,"items_purged":[],"score":422,"play_id":"1f0e62bb-6087-4ed4-a219-a843e3e52051","local_time":"20210119010203","is_ascension_mode":true,"campfire_choices":[{"floor":7.0,"key":"REST"},{"data":"Zap","floor":10.0,"key":"SMITH"},{"data":"Streamline","floor":12.0,"key":"SMITH"},{"data":"Gash","floor":15.0,"key":"SMITH"}],"circlet_count":0,"master_deck":["AscendersBane","Strike_B","Strike_B","Strike_B","Strike_B","Defend_B","Defend_B","Defend_B","Defend_B","Zap+1","Dualcast","Lockon","Scrape","Beam Cell","Melter","Gash+1","Core Surge","Streamline+1","Go for the Eyes","All For One"],"relics":["Cracked Core","NeowsBlessing","Letter Opener","Eternal Feather","Kunai","Runic Pyramid"],"acts_visited":["Exordium","TheCity"],"potions_floor_usage":[],"damage_taken":[{"damage":0.0,"enemies":"Small Slimes","floor":1.0,"turns":1.0},{"damage":0.0,"enemies":"Cultist","floor":4.0,"turns":1.0},{"damage":0.0,"enemies":"Jaw Worm","floor":5.0,"turns":1.0},{"damage":47.0,"enemies":"Gremlin Nob","floor":6.0,"turns":4.0},{"damage":8.0,"enemies":"Large Slime","floor":8.0,"turns":4.0},{"damage":20.0,"enemies":"3 Sentries","floor":11.0,"turns":6.0},{"damage":6.0,"enemies":"2 Fungi Beasts","floor":13.0,"turns":2.0},{"damage":0.0,"enemies":"Lots of Slimes","floor":14.0,"turns":1.0},{"damage":0.0,"enemies":"Slime Boss","floor":16.0,"turns":6.0},{"damage":36,"enemies":"3 Byrds","floor":18,"turns":4}],"seed_played":"-3325876754500242782","potions_obtained":[{"floor":1.0,"key":"Swift Potion"},{"floor":2.0,"key":"Fruit Juice"},{"floor":8.0,"key":"EssenceOfDarkness"},{"floor":13.0,"key":"Explosive Potion"},{"floor":16.0,"key":"CultistPotion"}],"is_trial":false,"path_per_floor":["M","?","$","M","M","E","R","M","T","R","E","R","M","M","R","B",null,"M"],"character_chosen":"DEFECT","items_purchased":["Scrape"],"campfire_rested":1,"item_purchase_floors":[3],"current_hp_per_floor":[64,69,69,69,69,22,44,36,36,45,25,34,28,28,37,37,66,30,30],"gold":221,"neow_bonus":"THREE_ENEMY_KILL","is_daily":false,"chose_seed":false,"campfire_upgraded":3,"win_rate":0.0,"timestamp":1610978523,"path_taken":["M","?","$","M","?","E","R","M","T","R","E","R","?","M","R","BOSS","M"],"items_purchased_type":["Card"],"build_version":"2020-12-22","purchased_purges":0,"victory":false,"max_hp_per_floor":[71,76,76,76,76,76,76,76,76,76,76,76,76,76,76,76,76,76,76],"card_choices":[{"not_picked":["Stack","Steam"],"picked":"Lockon","floor":1.0},{"not_picked":["Ball Lightning","White Noise"],"picked":"Beam Cell","floor":4.0},{"not_picked":["Self Repair","Stack"],"picked":"Melter","floor":5.0},{"not_picked":["Coolheaded","Compile Driver"],"picked":"Gash","floor":6.0},{"not_picked":["Redo","Steam"],"picked":"Core Surge","floor":8.0},{"not_picked":["Leap","Seek"],"picked":"Streamline","floor":11.0},{"not_picked":["Rebound","Reinforced Body"],"picked":"Go for the Eyes","floor":13.0},{"not_picked":["Fusion","Go for the Eyes","Redo"],"picked":"SKIP","floor":14.0},{"not_picked":["Seek","Creative AI"],"picked":"All For One","floor":16.0}],"player_experience":1583941,"relics_obtained":[{"floor":6.0,"key":"Letter Opener"},{"floor":9.0,"key":"Eternal Feather"},{"floor":11.0,"key":"Kunai"}],"event_choices":[{"damage_healed":0.0,"max_hp_gain":0.0,"max_hp_loss":0.0,"gold_gain":0.0,"event_name":"The Woman in Blue","player_choice":"Bought 1 Potion","floor":2.0,"gold_loss":0.0,"damage_taken":0.0}],"is_beta":false,"boss_relics":[{"not_picked":["FrozenCore","Coffee Dripper"],"picked":"Runic Pyramid"}],"items_purged_floors":[],"is_endless":false,"potions_floor_spawned":[1,8,13,16],"killed_by":"3 Byrds","ascension_level":18}}