{"host":"ebj6lkgm8suah319","time":1610995218,"event":{"mods":["2.2 Compatiblity","AchievementEnabler","BaseMod","Block Reminder","Colored Map","Colored Powertips","Minty Spire (QoL Compilation)","Quick Restart","Rare Cards Sparkle","Relic Stats","SuperFastMode"],"gold_per_floor":[119,119,133,146,161,161,186,205,257,257,9,109,139,151,151,253,253,269,544,0,11,11,38,38,38,61,89,26,38,66,66,66,171,171,184,144,16,32,6,6,37,51,51,51,51],"floor_reached":44,"language":"ENG","playtime":1990,"items_purged":["Strike_R","Regret","Strike_R"],"score":736,"play_id":"4214dbe0-7006-4479-bdbe-e29ec0bf5ad0","local_time":"20210118134018","is_ascension_mode":true,"campfire_choices":[{"data":"Fiend Fire","floor":6.0,"key":"SMITH"},{"data":"Power Through","floor":10.0,"key":"SMITH"},{"data":"True Grit","floor":15.0,"key":"SMITH"},{"data":"Disarm","floor":25.0,"key":"SMITH"},{"data":"Inflame","floor":32,"key":"SMITH"},{"data":"Demon Form","floor":40,"key":"SMITH"}],"circlet_count":0,"master_deck":["Strike_R","Strike_R","Strike_R+1","Defend_R","Defend_R","Defend_R","Defend_R","Bash","Fiend Fire+1","Anger","Offering","Finesse","Power Through+1","Shrug It Off","Pommel Strike","Carnage","Uppercut+1","Shrug It Off","True Grit+1","Disarm+1","Offering","Inflame+1","Evolve","Battle Trance","Shrug It Off","Power Through","Power Through+1","Feed","Battle Trance","Evolve","Inflame+1","Demon Form+1","Flame Barrier","Shrug It Off+1","Inflame+1","Barricade","True Grit+1","Dual Wield+1","Sentinel+1"],"relics":["Burning Blood","MealTicket","Whetstone","Medical Kit","Matryoshka","Mark of Pain","Membership Card","Ornamental Fan","Prayer Wheel","Lantern","Strawberry","Boot","Pen Nib","Question Card","Cursed Key","Toxic Egg 2","InkBottle"],"acts_visited":["Exordium","TheCity","TheBeyond"],"potions_floor_usage":[30,30,33,33,41,42,44],"damage_taken":[{"damage":6.0,"enemies":"Small Slimes","floor":1.0,"turns":5.0},{"damage":0.0,"enemies":"Cultist","floor":3.0,"turns":3.0},{"damage":7.0,"enemies":"Jaw Worm","floor":4.0,"turns":3.0},{"damage":4.0,"enemies":"2 Fungi Beasts","floor":5.0,"turns":3.0},{"damage":26.0,"enemies":"Lagavulin","floor":7.0,"turns":7.0},{"damage":0.0,"enemies":"Large Slime","floor":8.0,"turns":4.0},{"damage":6.0,"enemies":"Gremlin Nob","floor":13.0,"turns":2.0},{"damage":2.0,"enemies":"Exordium Thugs","floor":14.0,"turns":3.0},{"damage":11.0,"enemies":"The Guardian","floor":16.0,"turns":12.0},{"damage":34.0,"enemies":"3 Byrds","floor":18.0,"turns":6.0},{"damage":14.0,"enemies":"Shell Parasite","floor":21.0,"turns":11.0},{"damage":11.0,"enemies":"Book of Stabbing","floor":23.0,"turns":7.0},{"damage":22.0,"enemies":"Gremlin Leader","floor":27.0,"turns":5.0},{"damage":6.0,"enemies":"Cultist and Chosen","floor":29.0,"turns":6.0},{"damage":16,"enemies":"Slavers","floor":30,"turns":8},{"damage":47,"enemies":"Collector","floor":33,"turns":12},{"damage":54,"enemies":"3 Darklings","floor":35,"turns":9},{"damage":0,"enemies":"Orb Walker","floor":38,"turns":2},{"damage":17,"enemies":"Nemesis","floor":41,"turns":5},{"damage":37,"enemies":"Writhing Mass","floor":42,"turns":8},{"damage":28,"enemies":"Reptomancer","floor":44,"turns":4}],"seed_played":"-1334780356954342979","potions_obtained":[{"floor":1.0,"key":"Block Potion"},{"floor":5.0,"key":"Energy Potion"},{"floor":14.0,"key":"BlessingOfTheForge"},{"floor":16.0,"key":"Regen Potion"},{"floor":23.0,"key":"SpeedPotion"},{"floor":29.0,"key":"FearPotion"},{"floor":30,"key":"SpeedPotion"},{"floor":36,"key":"LiquidMemories"},{"floor":36,"key":"Block Potion"},{"floor":36,"key":"LiquidBronze"},{"floor":38,"key":"PowerPotion"},{"floor":41,"key":"SpeedPotion"}],"is_trial":false,"path_per_floor":["M","?","M","M","M","R","E","M","T","R","$","?","E","M","R","B",null,"M","?","$","M","$","E","$","R","T","E","$","M","E","?","R","B",null,"M","?","$","M","$","R","E","M","T","E"],"character_chosen":"IRONCLAD","items_purchased":["Medical Kit","Shrug It Off","Membership Card","Evolve","Ornamental Fan","Prayer Wheel","Battle Trance","Shrug It Off","Toxic Egg 2","True Grit+1"],"campfire_rested":0,"item_purchase_floors":[11,11,20,20,20,20,20,20,37,39],"current_hp_per_floor":[72,72,72,71,72,72,52,58,58,58,72,72,72,72,72,67,71,43,43,58,65,72,67,72,72,79,63,78,78,71,55,55,17,72,27,27,42,48,63,63,52,21,21,0,0],"gold":51,"neow_bonus":"THREE_RARE_CARDS","is_daily":false,"chose_seed":false,"campfire_upgraded":6,"win_rate":0.0,"timestamp":1610995218,"path_taken":["M","?","?","M","?","R","E","M","T","R","$","?","E","M","R","BOSS","M","?","$","M","?","E","?","R","T","E","$","M","E","?","R","BOSS","M","?","?","M","$","R","E","M","T","E"],"items_purchased_type":["Relic","Card","Relic","Card","Relic","Relic","Card","Card","Relic","Card"],"build_version":"2020-12-22","purchased_purges":3,"victory":false,"max_hp_per_floor":[72,72,72,72,72,72,72,72,72,72,72,72,72,72,72,72,72,72,72,72,72,72,72,72,72,79,79,79,79,82,87,87,90,90,93,93,93,93,93,93,93,93,93,93,93],"relic_stats":{"counters":[21,125],"Pen Nib":[7],"Whetstone":["Uppercut","Strike_R"],"Medical Kit":[55],"Boot":[13],"Question Card":8,"Cursed Key":0,"Burning Blood":109,"Ornamental Fan":[36],"MealTicket":86,"Prayer Wheel":5,"obtain_stats":[{"Lantern":23,"Pen Nib":27,"Whetstone":9,"Medical Kit":11,"Boot":26,"Question Card":30,"Cursed Key":34,"Burning Blood":0,"Matryoshka":13,"Ornamental Fan":20,"Strawberry":26,"MealTicket":7,"Prayer Wheel":20,"Mark of Pain":17,"Membership Card":20,"Toxic Egg 2":37,"InkBottle":41},{"Lantern":12,"Pen Nib":13,"Whetstone":6,"Medical Kit":6,"Boot":12,"Question Card":15,"Cursed Key":16,"Burning Blood":0,"Matryoshka":7,"Ornamental Fan":10,"Strawberry":12,"MealTicket":5,"Prayer Wheel":10,"Mark of Pain":9,"Membership Card":10,"Toxic Egg 2":17,"InkBottle":19},{"Lantern":66,"Pen Nib":71,"Whetstone":25,"Medical Kit":25,"Boot":66,"Question Card":85,"Cursed Key":97,"Burning Blood":0,"Matryoshka":27,"Ornamental Fan":48,"Strawberry":66,"MealTicket":21,"Prayer Wheel":48,"Mark of Pain":42,"Membership Card":48,"Toxic Egg 2":106,"InkBottle":113}],"InkBottle":[4]},"card_choices":[{"not_picked":["Exhume","Limit Break"],"picked":"Fiend Fire","floor":0.0},{"not_picked":["Reckless Charge","Flex"],"picked":"Anger","floor":1.0},{"not_picked":["Cleave","Havoc"],"picked":"Power Through","floor":3.0},{"not_picked":["Armaments","Anger"],"picked":"Shrug It Off","floor":4.0},{"not_picked":["Twin Strike","Body Slam"],"picked":"Pommel Strike","floor":5.0},{"not_picked":["Rage","Second Wind"],"picked":"Carnage","floor":7.0},{"not_picked":["True Grit","Power Through"],"picked":"Uppercut","floor":8.0},{"not_picked":["Iron Wave","Warcry"],"picked":"True Grit","floor":13.0},{"not_picked":["Sentinel","Dark Embrace"],"picked":"Disarm","floor":14.0},{"not_picked":["Fiend Fire","Double Tap"],"picked":"Offering","floor":16.0},{"not_picked":["Rupture","Sword Boomerang+1"],"picked":"Inflame","floor":18.0},{"not_picked":["Evolve","Havoc"],"picked":"Power Through","floor":21.0},{"not_picked":["Reckless Charge","Uppercut+1"],"picked":"Power Through+1","floor":21.0},{"not_picked":["Anger","Heavy Blade"],"picked":"Feed","floor":23.0},{"not_picked":["Flex","Uppercut+1"],"picked":"Battle Trance","floor":27.0},{"not_picked":["Heavy Blade","Shrug It Off"],"picked":"Evolve","floor":29.0},{"not_picked":["Flex","True Grit","Anger"],"picked":"SKIP","floor":29.0},{"not_picked":["Pommel Strike+1","Uppercut"],"picked":"Inflame+1","floor":30},{"not_picked":["Exhume","Offering","Bludgeon"],"picked":"Demon Form","floor":33},{"not_picked":["Pommel Strike+1","Twin Strike+1","Headbutt"],"picked":"Flame Barrier","floor":35},{"not_picked":["Cleave","Pommel Strike","Sever Soul"],"picked":"Shrug It Off+1","floor":35},{"not_picked":["Headbutt+1","Shrug It Off+1","Heavy Blade"],"picked":"Inflame+1","floor":38},{"not_picked":["Iron Wave+1","Twin Strike+1","Wild Strike"],"picked":"Barricade","floor":38},{"not_picked":["Pommel Strike+1","Uppercut+1","Sentinel+1"],"picked":"Dual Wield+1","floor":41},{"not_picked":["Warcry+1","Havoc+1","Rampage+1"],"picked":"Sentinel+1","floor":42},{"not_picked":["Pummel+1","Body Slam","Rupture","Perfected Strike"],"picked":"SKIP","floor":42}],"player_experience":16432,"relics_obtained":[{"floor":7.0,"key":"MealTicket"},{"floor":9.0,"key":"Whetstone"},{"floor":13.0,"key":"Matryoshka"},{"floor":23.0,"key":"Lantern"},{"floor":26.0,"key":"Strawberry"},{"floor":26.0,"key":"Boot"},{"floor":27.0,"key":"Pen Nib"},{"floor":30,"key":"Question Card"},{"floor":41,"key":"InkBottle"}],"event_choices":[{"damage_healed":0.0,"max_hp_gain":0.0,"max_hp_loss":0.0,"gold_gain":0.0,"event_name":"Match and Keep!","player_choice":"2 cards matched","floor":2.0,"gold_loss":0.0,"damage_taken":0.0,"cards_obtained":["Offering","Finesse"]},{"damage_healed":0.0,"max_hp_gain":0.0,"max_hp_loss":0.0,"gold_gain":100.0,"event_name":"Golden Shrine","player_choice":"Pray","floor":12.0,"gold_loss":0.0,"damage_taken":0.0},{"damage_healed":0.0,"max_hp_gain":0.0,"max_hp_loss":0.0,"gold_gain":275.0,"event_name":"Golden Shrine","player_choice":"Desecrate","floor":19.0,"gold_loss":0.0,"damage_taken":0.0,"cards_obtained":["Regret"]},{"damage_healed":0,"gold_gain":0,"player_choice":"Shed Blood","damage_taken":21,"max_hp_gain":5,"max_hp_loss":0,"event_name":"Forgotten Altar","floor":31,"gold_loss":0},{"damage_healed":0,"gold_gain":0,"player_choice":"Bought 3 Potions","damage_taken":0,"max_hp_gain":0,"max_hp_loss":0,"event_name":"The Woman in Blue","floor":36,"gold_loss":0}],"is_beta":false,"boss_relics":[{"not_picked":["Fusion Hammer","Runic Dome"],"picked":"Mark of Pain"},{"not_picked":["Runic Cube","Tiny House"],"picked":"Cursed Key"}],"items_purged_floors":[11,20,28],"is_endless":false,"potions_floor_spawned":[1,5,14,16,18,23,29,30,38,41],"killed_by":"Reptomancer","ascension_level":5}}