{"host":"daa8jqyg4gqfaysm","time":1610968930,"event":{"mods":["BaseMod","Colored Powertips","Minty Spire (QoL Compilation)","StSLib"],"gold_per_floor":[126,138,163,199,211,223,273,300,337,349,361,387,440,467,479,589,601,638,565,577,589,589],"floor_reached":21,"language":"ENG","playtime":688,"items_purged":[],"score":378,"play_id":"96212df1-57a9-44b5-9c23-1090aea2c0ad","local_time":"20210118192210","is_ascension_mode":true,"campfire_choices":[{"data":"Neutralize","floor":6.0,"key":"SMITH"},{"floor":10,"key":"REST"},{"data":"Leg Sweep","floor":15,"key":"SMITH"}],"circlet_count":0,"master_deck":["AscendersBane","Strike_G","Strike_G","Strike_G","Strike_G","Strike_G","Defend_G+1","Defend_G","Defend_G+1","Defend_G","Defend_G","Survivor","Neutralize+1","Quick Slash","Dagger Throw","Flying Knee","PiercingWail","Masterful Stab","Leg Sweep+1","Dagger Throw+1","Unload+1","Phantasmal Killer","Necronomicurse"],"relics":["Ring of the Snake","MawBank","Golden Idol","War Paint","Akabeko","Anchor","Molten Egg 2","Coffee Dripper","MealTicket","Necronomicon"],"acts_visited":["Exordium","TheCity"],"potions_floor_usage":[7,16,16,21],"damage_taken":[{"damage":4.0,"enemies":"Jaw Worm","floor":1.0,"turns":8.0},{"damage":0.0,"enemies":"2 Louse","floor":3.0,"turns":3.0},{"damage":8.0,"enemies":"Small Slimes","floor":4.0,"turns":4.0},{"damage":25,"enemies":"Gremlin Nob","floor":7,"turns":4},{"damage":0,"enemies":"Looter","floor":8,"turns":3},{"damage":7,"enemies":"Exordium Wildlife","floor":12,"turns":5},{"damage":10,"enemies":"3 Sentries","floor":13,"turns":10},{"damage":0,"enemies":"2 Fungi Beasts","floor":14,"turns":2},{"damage":14,"enemies":"The Guardian","floor":16,"turns":11},{"damage":8,"enemies":"2 Thieves","floor":18,"turns":3},{"damage":25,"enemies":"Masked Bandits","floor":21,"turns":4}],"seed_played":"805405705926649040","potions_obtained":[{"floor":1.0,"key":"CultistPotion"},{"floor":4.0,"key":"SkillPotion"},{"floor":7,"key":"SkillPotion"},{"floor":13,"key":"LiquidMemories"},{"floor":18,"key":"SkillPotion"}],"is_trial":false,"path_per_floor":["M","?","M","M","?","R","E","M","T","R","?","M","E","M","R","B",null,"M","?","?","?"],"character_chosen":"THE_SILENT","items_purchased":[],"campfire_rested":1,"item_purchase_floors":[],"current_hp_per_floor":[55,55,55,47,36,36,11,11,11,29,34,27,17,17,17,3,50,42,42,21,0,0],"gold":589,"neow_bonus":"RANDOM_COMMON_RELIC","is_daily":false,"chose_seed":false,"campfire_upgraded":2,"win_rate":0.0,"timestamp":1610968930,"path_taken":["M","?","M","M","?","R","E","M","T","R","?","M","E","?","R","BOSS","M","?","?","?"],"items_purchased_type":[],"build_version":"2020-12-22","purchased_purges":0,"victory":false,"max_hp_per_floor":[66,60,60,60,60,60,60,60,60,60,65,65,65,65,65,65,65,65,65,65,65,65],"card_choices":[{"not_picked":["Masterful Stab","Prepared"],"picked":"Quick Slash","floor":1.0},{"not_picked":["Poisoned Stab","Sucker Punch"],"picked":"Dagger Throw","floor":3.0},{"not_picked":["Acrobatics","Cloak And Dagger"],"picked":"Flying Knee","floor":4.0},{"not_picked":["Envenom","Backflip"],"picked":"PiercingWail","floor":7},{"not_picked":["Prepared","Cloak And Dagger"],"picked":"Masterful Stab","floor":8},{"not_picked":["Dagger Throw","Blade Dance"],"picked":"Leg Sweep","floor":12},{"not_picked":["Expertise","Bouncing Flask"],"picked":"Dagger Throw+1","floor":13},{"not_picked":["Flying Knee+1","PiercingWail"],"picked":"Unload+1","floor":14},{"not_picked":["Tools of the Trade","Grand Finale+1"],"picked":"Phantasmal Killer","floor":16},{"not_picked":["Prepared","Outmaneuver+1","Sucker Punch+1"],"picked":"SKIP","floor":18}],"player_experience":835094,"relics_obtained":[{"floor":7,"key":"Akabeko"},{"floor":9,"key":"Anchor"},{"floor":13,"key":"Molten Egg 2"},{"floor":20,"key":"Necronomicon"}],"event_choices":[{"damage_healed":0.0,"max_hp_gain":0.0,"max_hp_loss":6.0,"gold_gain":0.0,"event_name":"Golden Idol","player_choice":"Lose Max HP","floor":2.0,"gold_loss":0.0,"damage_taken":0.0,"relics_obtained":["Golden Idol"]},{"damage_healed":0.0,"max_hp_gain":0.0,"max_hp_loss":0.0,"gold_gain":0.0,"event_name":"Scrap Ooze","player_choice":"Success","floor":5.0,"gold_loss":0.0,"damage_taken":11.0,"relics_obtained":["War Paint"]},{"damage_healed":0,"gold_gain":0,"player_choice":"Donut","damage_taken":0,"max_hp_gain":5,"max_hp_loss":0,"event_name":"Big Fish","floor":11,"gold_loss":0},{"damage_healed":0,"gold_gain":0,"player_choice":"Obtained Relic","damage_taken":0,"relics_obtained":["MealTicket"],"max_hp_gain":0,"max_hp_loss":0,"event_name":"Addict","floor":19,"gold_loss":85},{"damage_healed":0,"gold_gain":0,"player_choice":"Obtained Book","damage_taken":21,"max_hp_gain":0,"max_hp_loss":0,"event_name":"Cursed Tome","floor":20,"gold_loss":0},{"damage_healed":0,"gold_gain":0,"player_choice":"Fought Bandits","damage_taken":0,"max_hp_gain":0,"max_hp_loss":0,"event_name":"Masked Bandits","floor":21,"gold_loss":0}],"is_beta":false,"boss_relics":[{"not_picked":["SlaversCollar","Black Star"],"picked":"Coffee Dripper"}],"items_purged_floors":[],"is_endless":false,"potions_floor_spawned":[1,4,7,13,18],"killed_by":"Masked Bandits","ascension_level":20}}