{"host":"xlyaqk2h7qrmsurq","time":1610940266,"event":{"mods":["BaseMod","Bestiary","Colored Map","Highlight Path","Minty Spire (QoL Compilation)"],"gold_per_floor":[119,119,294,294,313,327,392,392,392],"floor_reached":8,"language":"ENG","playtime":3795,"items_purged":[],"score":46,"play_id":"7f55de03-aea9-44c9-b698-d535c832ea9b","local_time":"20210117232426","is_ascension_mode":false,"campfire_choices":[],"circlet_count":0,"master_deck":["Strike_P","Strike_P","Strike_P","Strike_P","Defend_P","Defend_P","Defend_P","Defend_P","Eruption+1","Vigilance","FlyingSleeves","Doubt","FlurryOfBlows","CrushJoints","Halt"],"relics":["PureWater","NeowsBlessing","Ginger"],"acts_visited":["Exordium"],"potions_floor_usage":[],"damage_taken":[{"damage":0.0,"enemies":"Small Slimes","floor":1.0,"turns":1.0},{"damage":0.0,"enemies":"Jaw Worm","floor":5.0,"turns":1.0},{"damage":0,"enemies":"2 Louse","floor":6,"turns":1},{"damage":43,"enemies":"Lagavulin Event","floor":7,"turns":5},{"damage":41,"enemies":"Gremlin Nob","floor":8,"turns":4}],"seed_played":"-6502973991690643","potions_obtained":[],"is_trial":false,"path_per_floor":["M","?","?","?","M","M","?","E"],"character_chosen":"WATCHER","items_purchased":[],"campfire_rested":0,"item_purchase_floors":[],"current_hp_per_floor":[72,72,72,72,72,72,29,0,0],"gold":392,"neow_bonus":"THREE_ENEMY_KILL","is_daily":false,"chose_seed":false,"campfire_upgraded":0,"win_rate":0.0,"timestamp":1610940266,"path_taken":["M","?","?","?","M","M","?","E"],"items_purchased_type":[],"build_version":"2020-12-22","purchased_purges":0,"victory":false,"max_hp_per_floor":[72,72,72,72,72,72,72,72,72],"card_choices":[{"not_picked":["FlurryOfBlows","Protect"],"picked":"FlyingSleeves","floor":1.0},{"not_picked":["Study","JustLucky"],"picked":"FlurryOfBlows","floor":5},{"not_picked":["Halt","JustLucky"],"picked":"CrushJoints","floor":6},{"not_picked":["Protect","Indignation"],"picked":"Halt","floor":7}],"player_experience":312591,"relics_obtained":[{"floor":7,"key":"Ginger"}],"event_choices":[{"damage_healed":0.0,"max_hp_gain":0.0,"max_hp_loss":0.0,"gold_gain":0.0,"event_name":"Living Wall","player_choice":"Grow","floor":2.0,"gold_loss":0.0,"damage_taken":0.0,"cards_upgraded":["Eruption"]},{"damage_healed":0.0,"max_hp_gain":0.0,"max_hp_loss":0.0,"gold_gain":175.0,"event_name":"Liars Game","player_choice":"AGREE","floor":3.0,"gold_loss":0.0,"damage_taken":0.0,"cards_obtained":["Doubt"]},{"damage_healed":0.0,"max_hp_gain":0.0,"max_hp_loss":0.0,"gold_gain":0.0,"event_name":"Shining Light","player_choice":"Ignored","floor":4.0,"gold_loss":0.0,"damage_taken":0.0},{"damage_healed":0,"gold_gain":0,"player_choice":"Searched \u00271\u0027 times","damage_taken":0,"max_hp_gain":0,"max_hp_loss":0,"event_name":"Dead Adventurer","floor":7,"gold_loss":0}],"is_beta":false,"boss_relics":[],"items_purged_floors":[],"is_endless":false,"potions_floor_spawned":[],"killed_by":"Gremlin Nob","ascension_level":0}}