{"host":"Zandorum","time":1610943399,"event":{"mods":["100% Spire Juice","2.2 Compatiblity","Act Like it!","Bard","BaseMod","Better Note","Hermit","Hubris","Jorbs\u0027s Wanderer Trilogy","Mimic Mod","Minty Spire (QoL Compilation)","Quick Restart","Rare Cards Sparkle","Reorder Act Four","Somnambulant","StSLib","The Cursed","The Disciple","The Hierophant","The Jungle","The Runesmith","TheVacant"],"gold_per_floor":[109,128,128,140,40,72,89,106,158,158,13,13,13],"floor_reached":12,"language":"ENG","playtime":628,"items_purged":["Moonworks:Strike","Moonworks:Strike"],"score":80,"play_id":"be7aaeaa-25fe-44de-8cb9-5e8c2880799b","local_time":"20210117201639","is_ascension_mode":false,"campfire_choices":[],"circlet_count":0,"master_deck":["Moonworks:Strike","Moonworks:Strike","Moonworks:Defend","Moonworks:Defend","Moonworks:Defend","Moonworks:Defend","Moonworks:Ambush","Moonworks:LongDistanceShot","Moonworks:NicePresent","Moonworks:NicePresent+1","Moonworks:NicePresent","Moonworks:JonathanRush","Moonworks:BackdoorTrade","Moonworks:RagingMadness","Moonworks:JonathanRush","Deep Breath","Moonworks:JonathanRush"],"relics":["Moonworks:BrokenBomb","Moonworks:Homemark","StoneCalendar","Ancient Tea Set"],"acts_visited":["Exordium"],"potions_floor_usage":[8,12,12],"damage_taken":[{"damage":0,"enemies":"2 Louse","floor":1,"turns":3},{"damage":12,"enemies":"Cultist","floor":2,"turns":5},{"damage":9,"enemies":"Small Slimes","floor":4,"turns":4},{"damage":22,"enemies":"Gremlin Nob","floor":6,"turns":5},{"damage":7,"enemies":"2 Fungi Beasts","floor":7,"turns":3},{"damage":5,"enemies":"Large Slime","floor":8,"turns":6},{"damage":12,"enemies":"3 Sentries","floor":12,"turns":3}],"seed_played":"-5578707362074449449","potions_obtained":[{"floor":2,"key":"Energy Potion"},{"floor":4,"key":"PowerPotion"},{"floor":6,"key":"Swift Potion"}],"is_trial":false,"path_per_floor":["M","M","?","M","$","E","M","M","T","?","$","E"],"character_chosen":"THE_STARBREAKER","items_purchased":["Moonworks:JonathanRush","Moonworks:JonathanRush"],"campfire_rested":0,"item_purchase_floors":[5,11],"current_hp_per_floor":[66,54,54,45,45,23,16,11,11,11,11,0,0],"gold":13,"neow_bonus":"TEN_PERCENT_HP_BONUS","is_daily":false,"chose_seed":false,"campfire_upgraded":0,"win_rate":0.0,"timestamp":1610943399,"path_taken":["M","M","?","?","$","E","M","M","T","?","?","E"],"items_purchased_type":["Card","Card"],"build_version":"2020-12-18","purchased_purges":2,"victory":false,"max_hp_per_floor":[66,66,66,66,66,66,66,66,66,66,66,66,66],"card_choices":[{"not_picked":["Moonworks:Assault","Moonworks:Heat300Percent"],"picked":"Moonworks:NicePresent","floor":1},{"not_picked":["Moonworks:BigMagnum","Moonworks:Dinner"],"picked":"Moonworks:NicePresent","floor":2},{"not_picked":["Moonworks:AngelHand","Moonworks:BigMagnum"],"picked":"Moonworks:NicePresent","floor":4},{"not_picked":["Moonworks:OutOfAmmo","Moonworks:Assault"],"picked":"Moonworks:BackdoorTrade","floor":6},{"not_picked":["Moonworks:TacticalRetreat","Moonworks:CompletionReward"],"picked":"Moonworks:RagingMadness","floor":7},{"not_picked":["Moonworks:TreasureThief","Moonworks:EvilSpyWorkPreparation"],"picked":"Moonworks:JonathanRush","floor":8}],"player_experience":150109,"relics_obtained":[{"floor":6,"key":"StoneCalendar"},{"floor":9,"key":"Ancient Tea Set"}],"event_choices":[{"damage_healed":0,"gold_gain":0,"player_choice":"Upgraded","damage_taken":0,"max_hp_gain":0,"max_hp_loss":0,"event_name":"Upgrade Shrine","floor":3,"gold_loss":0,"cards_upgraded":["Moonworks:NicePresent"]},{"damage_healed":0,"gold_gain":0,"player_choice":"1 cards matched","damage_taken":0,"max_hp_gain":0,"max_hp_loss":0,"event_name":"Match and Keep!","floor":10,"gold_loss":0,"cards_obtained":["Deep Breath"]}],"is_beta":true,"boss_relics":[],"items_purged_floors":[5,11],"is_endless":false,"potions_floor_spawned":[2,4,6],"killed_by":"3 Sentries","ascension_level":0}}