{"host":"bf9sa99gaumonoeu","time":1610973949,"event":{"mods":["AchievementEnabler","Act Like it!","Aspiration","BaseMod","Bestiary","Better Note","Block Reminder","Colored Map","Colored Powertips","Fox Events","Friendly Minions","Gensokyo","GifTheSpireLib","Googly Eyes","Hallownest","Hermit","Highlight Path","Hubris","Jorbs\u0027s Wanderer Trilogy","KinomotoSakuraMod(????)","Koishi","Marisa????????","Minty Spire (QoL Compilation)","Rare Cards Sparkle","Reimu??????","Relic Stats","Remilia??????","Replay The Spire","StS++","StSLib","The Administrix","The Animator","The Bug Knight","The Construct","The Cursed","The Hierophant","The Mystic","The Necromancer","The Poker Player","The Runesmith","The Senshi","The Servant 0.9.4"],"gold_per_floor":[12,32,46,57,75,75,109,109,132,157,177,177,193,21,21,96,96,106,106,117,136,136,136,151,180,180,180,180,209,209,83,83,157,157,169,182,201,21,39,39,72,72,72,72,92,92,92,109,109,109,109,109],"floor_reached":51,"language":"ENG","playtime":4615,"items_purged":["Strike_G"],"score":1343,"play_id":"dba913ff-657a-4a72-b326-73d08908be5d","local_time":"20210118104549","is_ascension_mode":true,"campfire_choices":[{"floor":6.0,"key":"REST"},{"data":"Noxious Fumes","floor":8.0,"key":"SMITH"},{"data":"Riddle With Holes","floor":15.0,"key":"SMITH"},{"data":"Bane","floor":23.0,"key":"SMITH"},{"data":"Catalyst","floor":27.0,"key":"SMITH"},{"floor":30.0,"key":"REST"},{"data":"hubris:Counter","floor":32,"key":"SMITH"},{"floor":40,"key":"REST"},{"data":"Noxious Fumes","floor":42,"key":"SMITH"},{"data":"Blur","floor":46,"key":"SMITH"},{"floor":49,"key":"REST"}],"circlet_count":0,"master_deck":["AscendersBane","Strike_G","Strike_G","Strike_G","Defend_G","Defend_G","Defend_G","Defend_G","Survivor","Neutralize","Noxious Fumes+1","Riddle With Holes+1","Dodge and Roll","StSpp:Lure","Bane+1","Backflip","Replay:Bag of Tricks+1","Prepared","Hallownest:pwrSporeShroom","Flying Knee+1","Footwork+1","Catalyst+1","Bane","Dodge and Roll+1","hubris:Counter+1","Backflip+1","Atom Bomb","PiercingWail","Noxious Fumes+1","Acrobatics","Blur+1","PiercingWail"],"relics":["Ring of the Snake","StSpp:SailingBoat","Regal Pillow","Pear","Hallownest:DreamNailRelic","ReplayTheSpireMod:TigerMarble","aspiration:RitualDagger","Blue Doll","hubris:FunFungus","StSpp:BrokenTotem","Replay:Bottled Eggs","Runesmith:UraniumAnvil","Hallownest:StagBellRelic1","Strawberry","ReplayTheSpireMod:Ninjato","theSenshi:FeatherClipsRelic"],"acts_visited":["Hallownest:Greenpath","Hallownest:CityofTears","Hallownest:KingdomsEdge"],"potions_floor_usage":[33,39,41,50],"damage_taken":[{"damage":9.0,"enemies":"2_ Uuma","floor":1.0,"turns":13.0},{"damage":8.0,"enemies":"Hallownest:2_Tiktiks_and_1_Crawlid","floor":2.0,"turns":6.0},{"damage":0.0,"enemies":"Hallownest:monsterHuskWarrior","floor":3.0,"turns":6.0},{"damage":4.0,"enemies":"Hallownest:Wandering_and_Horned","floor":4.0,"turns":5.0},{"damage":27.0,"enemies":"Hallownest:2_Tiktiks_1_Baldur_1_Crawlid","floor":5.0,"turns":6.0},{"damage":11.0,"enemies":"Hallownest:eliteMossKnight","floor":7.0,"turns":25.0},{"damage":2.0,"enemies":"Hallownest:eliteVengeflyKing","floor":10.0,"turns":7.0},{"damage":3.0,"enemies":"Hallownest:Guard_and_Warrior","floor":11.0,"turns":6.0},{"damage":2.0,"enemies":"Hallownest:MossCreep_and_Mosskin","floor":13.0,"turns":6.0},{"damage":22.0,"enemies":"Hallownest:BossFalseKnight","floor":16.0,"turns":7.0},{"damage":35.0,"enemies":"Hallownest:3_Youths","floor":18.0,"turns":6.0},{"damage":36.0,"enemies":"Hallownest:Flukemon_and_Top","floor":20.0,"turns":6.0},{"damage":33.0,"enemies":"Hallownest:monsterShrumalOgre","floor":21.0,"turns":5.0},{"damage":15.0,"enemies":"Hallownest:2_Husk_Sentries","floor":24.0,"turns":4.0},{"damage":26.0,"enemies":"Hallownest:Nosk","floor":25.0,"turns":7.0},{"damage":69.0,"enemies":"Hallownest:eliteWatcherKnight","floor":29.0,"turns":13.0},{"damage":71,"enemies":"Hallownest:BossMantisLord","floor":33,"turns":9},{"damage":25,"enemies":"Hallownest:2_Littles","floor":35,"turns":6},{"damage":68,"enemies":"Hallownest:3_Siblings","floor":36,"turns":9},{"damage":23,"enemies":"Hallownest:Shield_Sturdy","floor":37,"turns":6},{"damage":62,"enemies":"Hallownest:2_Soldiers_and_1_Guardian","floor":39,"turns":10},{"damage":54,"enemies":"Hallownest:eliteHiveKnight","floor":41,"turns":8},{"damage":39,"enemies":"Hallownest:Slobbering_and_Violent","floor":45,"turns":7},{"damage":20,"enemies":"Hallownest:monsterPrimalAspid","floor":48,"turns":3},{"damage":112,"enemies":"Hallownest:BossHollowKnight","floor":50,"turns":13},{"damage":135,"enemies":"Hallownest:BossGreyPrinceZote","floor":51,"turns":8}],"seed_played":"3014654895190631099","potions_obtained":[{"floor":1.0,"key":"Fruit Juice"},{"floor":5.0,"key":"Regen Potion"},{"floor":11.0,"key":"EntropicBrew"},{"floor":13.0,"key":"Milkshake"},{"floor":18.0,"key":"Dexterity Potion"},{"floor":25.0,"key":"Reflective Coating"},{"floor":33,"key":"construct:ShiftPotion"},{"floor":37,"key":"AttackPotion"},{"floor":39,"key":"MagicPotion:ReiMu"},{"floor":45,"key":"Languid Potion"}],"is_trial":false,"path_per_floor":["M","M","M","M","M","R","E","R","T","E","M","?","M","$","R","B",null,"M","?","M","M","?","R","M","E","T","R","?","E","R","$","R","B",null,"M","M","M","?","M","R","E","R","T","T","M","R","?","M","R","B","B"],"character_chosen":"THE_SILENT","items_purchased":["ReplayTheSpireMod:TigerMarble","hubris:Counter","Backflip+1"],"campfire_rested":4,"item_purchase_floors":[14,31,31],"current_hp_per_floor":[50,47,47,43,16,37,41,41,41,49,46,46,44,44,44,22,66,31,25,79,59,59,59,59,56,56,56,56,33,72,72,72,46,72,73,46,43,43,22,61,52,52,52,52,61,61,71,71,88,82,0,0],"gold":109,"neow_bonus":"REMOVE_TWO","is_daily":false,"chose_seed":false,"campfire_upgraded":7,"win_rate":0.0,"timestamp":1610973949,"path_taken":["M","M","M","M","M","R","E","R","T","E","M","?","M","$","R","BOSS","M","?","M","M","?","R","M","E","T","R","?","E","R","$","R","BOSS","M","M","M","?","?","R","E","R","T","?","M","R","?","M","R","BOSS","BOSS"],"items_purchased_type":["Relic","Card","Card"],"build_version":"2020-12-22","purchased_purges":1,"victory":false,"max_hp_per_floor":[66,71,71,71,71,71,71,71,71,81,81,81,81,81,81,81,81,81,81,81,81,81,81,81,81,81,81,81,81,81,81,81,81,81,81,81,81,81,81,81,88,88,88,88,88,88,88,88,88,88,88,88],"relic_stats":{"Regal Pillow":30,"counters":[26,207],"obtain_stats":[{"Regal Pillow":9,"Hallownest:StagBellRelic1":38,"Pear":10,"ReplayTheSpireMod:Ninjato":43,"Blue Doll":22,"Hallownest:DreamNailRelic":12,"theSenshi:FeatherClipsRelic":44,"StSpp:SailingBoat":7,"Strawberry":41,"Runesmith:UraniumAnvil":34,"StSpp:BrokenTotem":26,"hubris:FunFungus":25,"ReplayTheSpireMod:TigerMarble":14,"aspiration:RitualDagger":17,"Replay:Bottled Eggs":29,"Ring of the Snake":0},{"Regal Pillow":6,"Hallownest:StagBellRelic1":20,"Pear":7,"ReplayTheSpireMod:Ninjato":22,"Blue Doll":13,"Hallownest:DreamNailRelic":8,"theSenshi:FeatherClipsRelic":22,"StSpp:SailingBoat":6,"Strawberry":22,"Runesmith:UraniumAnvil":17,"StSpp:BrokenTotem":15,"hubris:FunFungus":15,"ReplayTheSpireMod:TigerMarble":9,"aspiration:RitualDagger":10,"Replay:Bottled Eggs":16,"Ring of the Snake":0},{"Regal Pillow":61,"Hallownest:StagBellRelic1":158,"Pear":68,"ReplayTheSpireMod:Ninjato":176,"Blue Doll":104,"Hallownest:DreamNailRelic":74,"theSenshi:FeatherClipsRelic":176,"StSpp:SailingBoat":61,"Strawberry":176,"Runesmith:UraniumAnvil":137,"StSpp:BrokenTotem":115,"hubris:FunFungus":115,"ReplayTheSpireMod:TigerMarble":80,"aspiration:RitualDagger":87,"Replay:Bottled Eggs":128,"Ring of the Snake":0}],"Ring of the Snake":[52]},"card_choices":[{"not_picked":["Well Laid Plans","Leg Sweep"],"picked":"Noxious Fumes","floor":1.0},{"not_picked":["Acrobatics","hubris:SlightOfHand","ReplayTheSpireMod:Shiv Toss"],"picked":"SKIP","floor":2.0},{"not_picked":["Sucker Punch","Slice"],"picked":"Riddle With Holes","floor":3.0},{"not_picked":["StSpp:Dive","ReplayTheSpireMod:Exploit Weakness"],"picked":"Dodge and Roll","floor":4.0},{"not_picked":["Predator","Accuracy"],"picked":"StSpp:Lure","floor":5.0},{"not_picked":["hubris:Sniper","Envenom"],"picked":"Bane","floor":7.0},{"not_picked":["ReplayTheSpireMod:Exploit Weakness","Underhanded Strike","hubris:SlightOfHand"],"picked":"SKIP","floor":10.0},{"not_picked":["ReplayTheSpireMod:The Works","Poisoned Stab","Hidden Blade"],"picked":"SKIP","floor":11.0},{"not_picked":["Draining Mist","Dagger Spray"],"picked":"Backflip","floor":13.0},{"not_picked":["Unload","After Image"],"picked":"Replay:Bag of Tricks","floor":16.0},{"not_picked":["StSpp:SpareBlade","Dagger Throw"],"picked":"Prepared","floor":18.0},{"not_picked":["Dash","Dodge and Roll"],"picked":"Flying Knee+1","floor":20.0},{"not_picked":["Blade Dance+1","Outmaneuver"],"picked":"Footwork+1","floor":21.0},{"not_picked":["StSpp:PoisonousPunch","Unload"],"picked":"Catalyst","floor":24.0},{"not_picked":["hubris:TrickCloak+1","StSpp:Throw+1"],"picked":"Bane","floor":25.0},{"not_picked":["Catalyst","Eviscerate"],"picked":"Dodge and Roll+1","floor":29.0},{"not_picked":["Glass Knife","Storm of Steel"],"picked":"Atom Bomb","floor":33},{"not_picked":["Bane+1","Underhanded Strike"],"picked":"PiercingWail","floor":35},{"not_picked":["hubris:SlightOfHand","Quick Slash","Bane"],"picked":"SKIP","floor":36},{"not_picked":["Blade Dance","Prepared"],"picked":"Noxious Fumes","floor":37},{"not_picked":["Masterful Stab","Poisoned Stab"],"picked":"Acrobatics","floor":39},{"not_picked":["Predator","Quick Slash+1","aspiration:Lunge"],"picked":"SKIP","floor":41},{"not_picked":["Hidden Blade","Prepared"],"picked":"Blur","floor":45},{"not_picked":["Heel Hook+1","Well Laid Plans"],"picked":"PiercingWail","floor":48}],"player_experience":967660,"relics_obtained":[{"floor":7.0,"key":"StSpp:SailingBoat"},{"floor":9.0,"key":"Regal Pillow"},{"floor":10.0,"key":"Pear"},{"floor":25.0,"key":"hubris:FunFungus"},{"floor":26.0,"key":"StSpp:BrokenTotem"},{"floor":29.0,"key":"Replay:Bottled Eggs"},{"floor":41,"key":"Strawberry"},{"floor":43,"key":"ReplayTheSpireMod:Ninjato"},{"floor":44,"key":"theSenshi:FeatherClipsRelic"}],"event_choices":[],"is_beta":false,"boss_relics":[{"not_picked":["Empty Cage","ReplayTheSpireMod:DimensionalGlitch"],"picked":"aspiration:RitualDagger"},{"not_picked":["aspiration:RunicSpoon","construct:ClawGrip"],"picked":"Runesmith:UraniumAnvil"}],"items_purged_floors":[31],"is_endless":false,"potions_floor_spawned":[1,5,11,13,18,25,33,37,39,45],"killed_by":"Hallownest:BossGreyPrinceZote","ascension_level":20}}