{"host":"l60rmjjsfi0fipmi","time":1610942080,"event":{"mods":["BaseMod","Colored Map","DeckTracker","Highlight Path","Minty Spire (QoL Compilation)","StSLib","The Cursed","The Servant 0.9.4"],"gold_per_floor":[213,213,223,150,163,52,82,101,101,116,116,38,50,63,63,63,63],"floor_reached":16,"language":"ENG","playtime":798,"items_purged":["Strike_R"],"score":120,"play_id":"64cc73cd-e863-44f9-af6d-f8a4a262aaa9","local_time":"20210117225440","is_ascension_mode":true,"campfire_choices":[{"floor":15,"key":"REST"}],"circlet_count":0,"master_deck":["Strike_R","Strike_R","Strike_R","Strike_R","Defend_R","Defend_R","Defend_R","Defend_R","Bash","Cleave","Flex","Headbutt","Shrug It Off","Pommel Strike","Uppercut","Reaper","Ghostly Armor","Disarm","Armaments"],"relics":["Burning Blood","Ornamental Fan","Darkstone Periapt"],"acts_visited":["Exordium"],"potions_floor_usage":[14,16,16],"damage_taken":[{"damage":3,"enemies":"2 Louse","floor":1,"turns":3},{"damage":0,"enemies":"Small Slimes","floor":3,"turns":3},{"damage":12,"enemies":"Jaw Worm","floor":5,"turns":3},{"damage":34,"enemies":"3 Sentries","floor":7,"turns":7},{"damage":32,"enemies":"Exordium Thugs","floor":8,"turns":7},{"damage":20,"enemies":"3 Louse","floor":10,"turns":3},{"damage":12,"enemies":"2 Fungi Beasts","floor":13,"turns":4},{"damage":0,"enemies":"Blue Slaver","floor":14,"turns":6},{"damage":57,"enemies":"Hexaghost","floor":16,"turns":16}],"seed_played":"8147597498188343412","potions_obtained":[{"floor":5,"key":"SmokeBomb"},{"floor":7,"key":"SteroidPotion"},{"floor":10,"key":"Weak Potion"},{"floor":14,"key":"Fire Potion"}],"is_trial":false,"path_per_floor":["M","?","M","$","M","$","E","M","T","M","?","$","M","M","R","B"],"character_chosen":"IRONCLAD","items_purchased":["Headbutt","Shrug It Off","Uppercut","Disarm"],"campfire_rested":1,"item_purchase_floors":[4,4,6,12],"current_hp_per_floor":[80,80,80,80,74,74,46,24,24,11,11,11,17,23,47,0,0],"gold":63,"neow_bonus":"HUNDRED_GOLD","is_daily":false,"chose_seed":false,"campfire_upgraded":0,"win_rate":0.0,"timestamp":1610942080,"path_taken":["M","?","M","$","M","$","E","M","T","M","?","$","?","M","R","BOSS"],"items_purchased_type":["Card","Card","Card","Card"],"build_version":"2020-12-22","purchased_purges":1,"victory":false,"max_hp_per_floor":[80,80,80,80,80,80,80,80,80,80,80,80,80,80,80,80,80],"card_choices":[{"not_picked":["Iron Wave","Metallicize"],"picked":"Cleave","floor":1},{"not_picked":["Heavy Blade","Rupture"],"picked":"Flex","floor":3},{"not_picked":["Rupture","Infernal Blade"],"picked":"Pommel Strike","floor":5},{"not_picked":["Entrench","Pommel Strike"],"picked":"Reaper","floor":7},{"not_picked":["Pommel Strike","Warcry","Havoc"],"picked":"SKIP","floor":8},{"not_picked":["Clothesline","Heavy Blade"],"picked":"Ghostly Armor","floor":10},{"not_picked":["Whirlwind","Uppercut"],"picked":"Armaments","floor":13},{"not_picked":["Heavy Blade","True Grit","Warcry"],"picked":"SKIP","floor":14}],"player_experience":477299,"relics_obtained":[{"floor":7,"key":"Ornamental Fan"},{"floor":9,"key":"Darkstone Periapt"}],"event_choices":[{"damage_healed":0,"gold_gain":0,"player_choice":"Leave","damage_taken":0,"max_hp_gain":0,"max_hp_loss":0,"event_name":"The Cleric","floor":2,"gold_loss":0},{"damage_healed":0,"gold_gain":0,"player_choice":"Searched \u00270\u0027 times","damage_taken":0,"max_hp_gain":0,"max_hp_loss":0,"event_name":"Dead Adventurer","floor":11,"gold_loss":0}],"is_beta":false,"boss_relics":[],"items_purged_floors":[6],"is_endless":false,"potions_floor_spawned":[5,7,10,14],"killed_by":"Hexaghost","ascension_level":3}}