{"host":"hwui1o2d2vvxl1xp","time":1610965486,"event":{"mods":["ATMod(阿瑾Mod)","AchievementEnabler","Act Like it!","Alarm Clock","BaseMod","CapriCore","Colored Map","Colored Powertips","Dota2Spire","Gensokyo","LagranYue(拉格朗・月)","Lobotomy","LobotomyExtend","Minty Spire (QoL Compilation)","MostiFishMod","Pale of the Ancients","Quick Restart","RumiaBox-露米娅的神秘盒子","Shop Mod","StSLib","TestMod","Waifu the Spire","[功能]功能增强和修复MOD","simple","【功能Mod】混沌之环修复补丁","【功能Mod】聪明的最终Boss","【遗物卡牌】REMEMod","篝火指南"],"gold_per_floor":[112,112,145,145,97,97,109,120,120,53,83,95,35,62,10,407,407,419,419,433,433,371,350,426,380,380,380,414,0,0,46,32,528,528,549,575,588,588,692,698,748,762,786,741,783,783,743,704,662,670],"floor_reached":51,"language":"ZHS","playtime":4963,"items_purged":["AT_ThunderBolt","Dualcast","Defend_B","Strike_B","Defend_B","Strike_B","Defend_B","Defend_B+1","Strike_B","Strike_B+1"],"score":1534,"play_id":"eb771d39-c698-41d1-861a-69fbc7c4d653","local_time":"20210118182446","is_ascension_mode":true,"campfire_choices":[{"floor":27,"key":"RECALL"}],"circlet_count":0,"master_deck":["Zap","DeusExMachina","AT_FamilyPortrait+1","Aggregate","BootSequence","Hello World","Redo","Redo","Hello World","REME_DataAnalysis","AT_ThunderBolt+1","MostiFishMod:Exploitation+1","Core Surge","MostiFishMod:StarOceanB","Genetic Algorithm+1","Barrage","REME_ForAll","Chrysalis+1","Storm+1","Redo","Leap","AT_RightCognition+1","Fusion+1","Ball Lightning+1","Dash+1","Self Repair+1","REME_WheelOfFate","Electrodynamics+1","Conserve Battery","Coolheaded+1","AT_StudyProgram+1","Chrysalis","MostiFishMod:ReadyAimFire","Capacitor+1","testmod-ChaoticCore+1","Enlightenment","Go for the Eyes+1","Conserve Battery+1","Leap","Rainbow","Echo Form+1","MostiFishMod:IntelligentEquipment+1","Electrodynamics+1","MostiFishMod:Tomorrow","MostiFishMod:ATRI","AT_EmpoweredMortalDraw","Rip and Tear+1","AT_StudyProgram+1","Beam Cell+1","Cold Snap","Melter","Magnetism+1","Darkness","Lockon","Conserve Battery","Leap+1","Hologram","Go for the Eyes","testmod-ConditionedReflex+1","Conserve Battery","Hologram","Apotheosis","AT_RightCognition+1","Leap","Capacitor+1","Coolheaded","REME_MagicPocketWatch","Go for the Eyes+1","testmod-Dream","Defragment+1","MostiFishMod:StarOceanB","Sadistic Nature+1","Ball Lightning","AT_StudyProgram+1","Beam Cell","Ball Lightning"],"relics":["Cracked Core","DaveBox","testmod-TestBox","REME_ComplimentaryCards","AT_ATBox","ChiXiaoBlade","testmod-CasingShield","LagranYue:RandomDrawCardRelic","LetterFromLob","SynthV:TestCard","Happy Flower","Dota2Spire:ShadowBlade","MerchantsRug","LagranYue:GuideDeadRelic","testmod-Antiphasic","ClockworkSouvenir","LagranYue:GuidanceLightRelic","Dota2Spire:Dagon","MostiFishMod:AdaptiveDefenses","Frozen Egg 2","Juzu Bracelet","testmod-BlackFramedGlasses","Runic Capacitor","Dota2Spire:BlackKingBar","Dota2Spire:MagicBottle","Dota2Spire:HeartOfTarrasque","testmod-Justice","AT_TimeSand","Technique","RedMistMask","Bag of Preparation","testmod-NegativeEmotionEnhancer","Pen Nib","Art of War","Gensokyo:DirgeOfMelancholy","Vajra","Dodecahedron","testmod-LifeArmor","Dota2Spire:OctarineCore","LagranYue:NewUniverseRelic","REME_ArchaeologicalTools","Whetstone","Oddly Smooth Stone","LagranYue:MagicReflectiveArmorRelic","testmod-Charity","Dota2Spire:DrumOfEndurance","SynthV:C4","Membership Card","Regal Pillow","MagicDraw2","AT_MortalBlade","SecretRecord","MealTicket","TheAbacus","Dota2Spire:ArcaneBoots","testmod-FatalChain","Ying","MagicDraw3","LastBattle","AT_EbonyIvory","DollysMirror","Dota2Spire:LotusOrb","Meat on the Bone","AT_ForceNature","Dream Catcher","OriginationStaff","DaveBox","REME_HandOfSuture","ImprovedEquipment","Potion Belt","Bottled Flame","Ccalipers","Frozen Eye","Bottled Lightning"],"acts_visited":["Gensokyo:Gensokyo","Gensokyo:Gensokyoer","Gensokyo:Gensokyoest"],"potions_floor_usage":[33,33,39,44,51,51,51,51],"damage_taken":[{"damage":0.0,"enemies":"Gensokyo:Python","floor":1.0,"turns":3.0},{"damage":29.0,"enemies":"Gensokyo:Aya","floor":3.0,"turns":6.0},{"damage":5.0,"enemies":"Gensokyo:3_Fairies","floor":7.0,"turns":3.0},{"damage":8.0,"enemies":"Gensokyo:Aya","floor":11.0,"turns":4.0},{"damage":0.0,"enemies":"Gensokyo:Gryphon","floor":12.0,"turns":3.0},{"damage":0.0,"enemies":"Gensokyo:Mamizou","floor":14.0,"turns":4.0},{"damage":37.0,"enemies":"Gensokyo:Yukari","floor":16.0,"turns":7.0},{"damage":0,"enemies":"Gensokyo:Chomper","floor":18,"turns":3},{"damage":2,"enemies":"Gensokyo:Koishi","floor":24,"turns":4},{"damage":10,"enemies":"Gensokyo:2_Gloops","floor":28,"turns":4},{"damage":1,"enemies":"Gensokyo:Reisen","floor":31,"turns":3},{"damage":0,"enemies":"Gensokyo:Eiki","floor":33,"turns":6},{"damage":0,"enemies":"Gensokyo:3_Boulders","floor":35,"turns":3},{"damage":0,"enemies":"Gensokyo:AncientGuardian","floor":36,"turns":2},{"damage":0,"enemies":"Gensokyo:Sharpion","floor":39,"turns":2},{"damage":0,"enemies":"Gensokyo:Doremy","floor":41,"turns":4},{"damage":0,"enemies":"Gensokyo:Kasen","floor":45,"turns":3},{"damage":0,"enemies":"Gensokyo:Yuyuko","floor":50,"turns":1},{"damage":0,"enemies":"Malkuth","floor":51,"turns":3},{"damage":0,"enemies":"Netzach","floor":51,"turns":6},{"damage":0,"enemies":"Geburah","floor":51,"turns":9},{"damage":0,"enemies":"Binah","floor":51,"turns":4},{"damage":0,"enemies":"Angela","floor":51,"turns":2}],"seed_played":"-7348225854125739183","potions_obtained":[{"floor":1.0,"key":"testmod-SpacePotion"},{"floor":7.0,"key":"FearPotion"},{"floor":7.0,"key":"testmod-EscapePotion"},{"floor":11.0,"key":"PowerPotion"},{"floor":11.0,"key":"FearPotion"},{"floor":12.0,"key":"ColorlessPotion"},{"floor":14.0,"key":"testmod-SpacePotion"},{"floor":14.0,"key":"PowerPotion"},{"floor":16,"key":"BlessingOfTheForge"},{"floor":24,"key":"ColorlessPotion"},{"floor":31,"key":"PowerPotion"},{"floor":33,"key":"Fire Potion"},{"floor":35,"key":"ColorlessPotion"},{"floor":36,"key":"EssenceOfSteel"},{"floor":39,"key":"testmod-SpacePotion"},{"floor":41,"key":"Swift Potion"},{"floor":41,"key":"PotionOfCapacity"},{"floor":45,"key":"ColorlessPotion"}],"is_trial":false,"path_per_floor":["M","?","?","?","$","E","M","R","T","$","E","M","R","E","R","B",null,"M","?","$","?","$","R","E","R","T","R","M","?","?","E","R","B",null,"M","M","$","?","M","R","E","R","T","R","E","?","R","$","R","B",null],"character_chosen":"DEFECT","items_purchased":["MerchantsRug","SpeedPotion","DuplicationPotion","AttackPotion","LagranYue:GuideDeadRelic","testmod-Antiphasic","ClockworkSouvenir","Hello World","Redo","LagranYue:GuidanceLightRelic","Dota2Spire:Dagon","MostiFishMod:AdaptiveDefenses","FearPotion","SmokeBomb","PowerPotion","AT_ThunderBolt","REME_DataAnalysis","Juzu Bracelet","FearPotion","Energy Potion","Swift Potion","testmod-BlackFramedGlasses","AT_ThunderBolt+1","MostiFishMod:Exploitation","Core Surge","Runic Capacitor","Fruit Juice","Dota2Spire:BlackKingBar","Dota2Spire:MagicBottle","AttackPotion","Energy Potion","REME_ForAll","Chrysalis","Dota2Spire:Clarity","SpeedPotion","LiquidBronze","testmod-Justice","AT_TimeSand","Technique","Redo","Leap","Strength Potion","LiquidBronze","PowerPotion","Pen Nib","Art of War","Self Repair+1","Vajra","Dodecahedron","testmod-LifeArmor","REME_WheelOfFate","Electrodynamics+1","Conserve Battery","Coolheaded","FearPotion","PowerPotion","ColorlessPotion","Dota2Spire:OctarineCore","LagranYue:NewUniverseRelic","REME_ArchaeologicalTools","FairyPotion","Strength Potion","Regen Potion","AT_StudyProgram+1","Chrysalis","Oddly Smooth Stone","LagranYue:MagicReflectiveArmorRelic","testmod-Charity","FearPotion","Block Potion","Weak Potion","Capacitor+1","testmod-ChaoticCore+1","Enlightenment","Membership Card","Regal Pillow","Swift Potion","REME_GoldPotion","REME_GoldPotion","Rainbow","Echo Form+1","Ball Lightning","SecretRecord","MealTicket","TheAbacus","Explosive Potion","Dexterity Potion","Dota2Spire:HealingSalve","Melter","Magnetism+1","Darkness","Lockon","Dota2Spire:ArcaneBoots","testmod-FatalChain","Ying","BlessingOfTheForge","GamblersBrew","DuplicationPotion","Hologram","Go for the Eyes","testmod-ConditionedReflex+1","LastBattle","AT_EbonyIvory","Hologram","Apotheosis","DollysMirror","testmod-SpacePotion","Weak Potion","Strength Potion","Leap","Meat on the Bone","AT_ForceNature","Fruit Juice","FearPotion","Capacitor+1","Coolheaded","REME_MagicPocketWatch","REME_HandOfSuture","ImprovedEquipment","testmod-Dream","Defragment+1","MostiFishMod:StarOceanB","Potion Belt","Bottled Flame","Sadistic Nature+1","Ball Lightning","testmod-TimePotion","Ccalipers","Frozen Eye","AT_StudyProgram+1","Beam Cell","Ball Lightning","Bottled Lightning"],"campfire_rested":0,"item_purchase_floors":[5,5,5,5,5,5,5,5,5,8,8,8,8,8,8,8,8,10,10,10,10,10,10,10,10,13,13,13,13,13,13,13,13,15,15,15,15,15,15,15,15,20,20,20,20,20,20,22,22,22,22,22,22,22,22,22,22,23,23,23,23,23,23,23,23,25,25,25,25,25,25,25,25,25,32,32,32,32,32,32,32,32,37,37,37,37,37,37,37,37,37,37,40,40,40,40,40,40,40,40,40,42,42,42,42,42,42,42,42,42,44,44,44,44,44,44,44,47,47,47,47,47,48,48,48,48,48,49,49,49,49,49,49],"current_hp_per_floor":[68,68,39,39,39,39,34,34,34,34,45,48,53,65,65,53,79,84,84,84,84,84,84,88,91,91,91,106,106,106,115,118,144,144,148,154,158,135,165,168,181,185,186,191,197,197,197,197,197,202],"gold":809,"neow_bonus":"","is_daily":false,"chose_seed":false,"campfire_upgraded":0,"win_rate":0.0,"timestamp":1610965486,"path_taken":["M","?","?","?","$","E","?","R","T","?","E","M","R","E","R","BOSS","BOSS","M","?","$","?","?","R","E","R","T","R","M","?","?","E","R","BOSS","M","M","$","?","M","R","E","R","T","R","E","?","R","$","R","BOSS"],"items_purchased_type":["Relic","Potion","Potion","Potion","Relic","Relic","Relic","Card","Card","Relic","Relic","Relic","Potion","Potion","Potion","Card","Card","Relic","Potion","Potion","Potion","Relic","Card","Card","Card","Relic","Potion","Relic","Relic","Potion","Potion","Card","Card","Potion","Potion","Potion","Relic","Relic","Relic","Card","Card","Potion","Potion","Potion","Relic","Relic","Card","Relic","Relic","Relic","Card","Card","Card","Card","Potion","Potion","Potion","Relic","Relic","Relic","Potion","Potion","Potion","Card","Card","Relic","Relic","Relic","Potion","Potion","Potion","Card","Card","Card","Relic","Relic","Potion","Potion","Potion","Card","Card","Card","Relic","Relic","Relic","Potion","Potion","Potion","Card","Card","Card","Card","Relic","Relic","Relic","Potion","Potion","Potion","Card","Card","Card","Relic","Relic","Card","Card","Relic","Potion","Potion","Potion","Card","Relic","Relic","Potion","Potion","Card","Card","Card","Relic","Relic","Card","Card","Card","Relic","Relic","Card","Card","Potion","Relic","Relic","Card","Card","Card","Relic"],"build_version":"2020-12-22","purchased_purges":10,"victory":true,"max_hp_per_floor":[75,75,75,75,75,75,75,75,75,75,75,75,80,88,88,88,88,89,89,89,89,89,89,90,93,93,93,106,106,106,115,118,144,144,148,154,158,158,165,168,181,185,186,191,197,197,197,197,197,202],"card_choices":[{"not_picked":["Chaos","Rebound"],"picked":"Sweeping Beam","floor":1.0},{"not_picked":["Leap","Turbo"],"picked":"Aggregate","floor":1.0},{"not_picked":["Gash","Glacier","Skim","Hologram"],"picked":"BootSequence","floor":3.0},{"not_picked":["Force Field","Chill","Barrage","AT_HeatAcrobatics"],"picked":"Redo","floor":7.0},{"not_picked":["Compile Driver","Undo","Melter","Go for the Eyes"],"picked":"Hello World","floor":7.0},{"not_picked":["Coolheaded","Chaos","Barrage","Redo"],"picked":"MostiFishMod:StarOceanB","floor":11.0},{"not_picked":["Ball Lightning","Coolheaded","Streamline","Steam"],"picked":"Genetic Algorithm","floor":12.0},{"not_picked":["Hologram","Conserve Battery","Chill","AT_HeatAcrobatics"],"picked":"Barrage","floor":12.0},{"not_picked":["AT_HeatAcrobatics","Conserve Battery","Rebound","All For One"],"picked":"Storm+1","floor":14.0},{"not_picked":["MostiFishMod:Nova","Meteor Strike","REME_Shoggoth","Amplify"],"picked":"AT_RightCognition+1","floor":16},{"not_picked":["Barrage","Coolheaded","Undo+1","Redo"],"picked":"Fusion+1","floor":18},{"not_picked":["Rebound+1","Turbo","Steam+1","Stack"],"picked":"Ball Lightning","floor":18},{"not_picked":["Rebound","Coolheaded+1","Stack","Chill"],"picked":"MostiFishMod:ReadyAimFire","floor":24},{"not_picked":["Turbo","Stack","Rebound+1","Steam Power"],"picked":"Go for the Eyes+1","floor":28},{"not_picked":["Sweeping Beam+1","Heatsinks+1","Stack","MostiFishMod:PushDownKick"],"picked":"Conserve Battery","floor":28},{"not_picked":["Barrage","MostiFishMod:PushDownKick","Sweeping Beam+1","Heatsinks+1"],"picked":"Leap","floor":31},{"not_picked":["Fission","Meteor Strike","MostiFishMod:ActiveDefenseSystem+1","MostiFishMod:ATRI"],"picked":"MostiFishMod:IntelligentEquipment+1","floor":33},{"not_picked":["MostiFishMod:Tomorrow","AT_RightCognition+1","MostiFishMod:Nova","Fission"],"picked":"Electrodynamics+1","floor":33},{"not_picked":["Meteor Strike","REME_Shoggoth","MostiFishMod:Prepare+1","MostiFishMod:TalkingToTheRain+1"],"picked":"MostiFishMod:Tomorrow","floor":33},{"not_picked":["MostiFishMod:Distribution","MostiFishMod:GoodWordForIt","Thunder Strike","Fission"],"picked":"MostiFishMod:ATRI","floor":33},{"not_picked":["AT_HeatAcrobatics","Hologram","MostiFishMod:PushDownKick","Sweeping Beam+1"],"picked":"Rip and Tear+1","floor":35},{"not_picked":["Rebound+1","Stack+1","Gash+1","Streamline"],"picked":"AT_StudyProgram+1","floor":35},{"not_picked":["Ball Lightning+1","Blizzard","Conserve Battery","Recycle"],"picked":"Beam Cell+1","floor":36},{"not_picked":["Undo","REME_Compress+1","Consume+1","Scrape+1"],"picked":"Cold Snap","floor":36},{"not_picked":["REME_SelfUpgrade+1","MostiFishMod:GoodWordForIt","Streamline","Undo"],"picked":"Conserve Battery","floor":39},{"not_picked":["Self Repair+1","Steam","Hologram","Melter+1"],"picked":"Leap+1","floor":39},{"not_picked":["Go for the Eyes+1","Compile Driver","Self Repair+1","Hologram"],"picked":"Conserve Battery","floor":41},{"not_picked":["Self Repair+1","Compile Driver+1","Stack","Ball Lightning"],"picked":"Go for the Eyes+1","floor":45}],"player_experience":39409,"relics_obtained":[{"floor":1.0,"key":"LetterFromLob"},{"floor":1.0,"key":"SynthV:TestCard"},{"floor":3.0,"key":"Dota2Spire:ShadowBlade"},{"floor":9.0,"key":"Frozen Egg 2"},{"floor":11.0,"key":"Anchor"},{"floor":14.0,"key":"Dota2Spire:HeartOfTarrasque"},{"floor":16,"key":"RedMistMask"},{"floor":16,"key":"Bag of Preparation"},{"floor":24,"key":"Whetstone"},{"floor":31,"key":"SynthV:C4"},{"floor":33,"key":"MagicDraw2"},{"floor":41,"key":"MagicDraw3"},{"floor":43,"key":"Dota2Spire:LotusOrb"},{"floor":45,"key":"OriginationStaff"}],"event_choices":[{"damage_healed":0,"gold_gain":0,"player_choice":"Swap Relic","damage_taken":0,"relics_obtained":["DaveBox"],"max_hp_gain":0,"max_hp_loss":0,"event_name":"给自己的盒子","floor":46,"relics_lost":["Anchor"],"gold_loss":0}],"is_beta":false,"boss_relics":[{"not_picked":["Black Star","TimeKeys"],"picked":"testmod-NegativeEmotionEnhancer"},{"not_picked":["EE1DDrone","Pandora\u0027s Box"],"picked":"AT_MortalBlade"}],"items_purged_floors":[10,15,15,20,32,32,42,42,48,49],"is_endless":false,"potions_floor_spawned":[1,7,7,11,11,12,14,14,16,24,31,33,35,36,39,41,41,45],"ascension_level":9}}