{"host":"7l2t4psy44vpcd9q","time":1610991821,"event":{"mods":["AchievementEnabler","BaseMod","DeckTracker","Minty Spire (QoL Compilation)","SuperFastMode"],"gold_per_floor":[99,99,99,99,99,99,99,99,99,99,99,99,56,56,56,56,56,56,6,6,6,0,0,0,0,0,0,0,0,0,0,0,0,0],"floor_reached":33,"language":"KOR","playtime":1691,"items_purged":[],"score":598,"play_id":"ef579dd2-1610-4da6-9574-9074d5c97168","local_time":"20210119024341","is_ascension_mode":true,"campfire_choices":[{"data":"Zap","floor":6.0,"key":"SMITH"},{"floor":10.0,"key":"REST"},{"floor":15.0,"key":"REST"},{"floor":23.0,"key":"REST"},{"data":"FTL","floor":25.0,"key":"SMITH"},{"data":"Sunder","floor":27.0,"key":"SMITH"},{"data":"Hologram","floor":32.0,"key":"SMITH"}],"circlet_count":0,"master_deck":["AscendersBane","Strike_B","Strike_B","Strike_B","Strike_B","Defend_B","Defend_B","Defend_B","Defend_B","Zap+1","Dualcast","Glacier","Streamline","Rebound","Skim","Turbo","FTL+1","Cold Snap","Sunder+1","Multi-Cast","Glacier","Scrape+1","Go for the Eyes+1","Sunder+1","Blizzard","Chill","Scrape+1","Hologram+1"],"relics":["Ectoplasm","Bottled Lightning","Ice Cream","Darkstone Periapt","SlaversCollar","Emotion Chip","Mummified Hand","Pear","Bag of Marbles"],"acts_visited":["Exordium","TheCity"],"potions_floor_usage":[33],"damage_taken":[{"damage":8.0,"enemies":"Small Slimes","floor":1.0,"turns":4.0},{"damage":0.0,"enemies":"Cultist","floor":3.0,"turns":4.0},{"damage":3.0,"enemies":"2 Louse","floor":4.0,"turns":3.0},{"damage":5.0,"enemies":"Lots of Slimes","floor":5.0,"turns":3.0},{"damage":28.0,"enemies":"Gremlin Nob","floor":7.0,"turns":4.0},{"damage":0.0,"enemies":"Large Slime","floor":8.0,"turns":6.0},{"damage":14.0,"enemies":"3 Sentries","floor":11.0,"turns":10.0},{"damage":3.0,"enemies":"Exordium Thugs","floor":12.0,"turns":5.0},{"damage":29.0,"enemies":"The Guardian","floor":16.0,"turns":10.0},{"damage":18.0,"enemies":"Chosen","floor":18.0,"turns":5.0},{"damage":2.0,"enemies":"Spheric Guardian","floor":20.0,"turns":4.0},{"damage":6.0,"enemies":"Shelled Parasite and Fungi","floor":21.0,"turns":8.0},{"damage":13.0,"enemies":"Book of Stabbing","floor":24.0,"turns":5.0},{"damage":3.0,"enemies":"Cultist and Chosen","floor":28.0,"turns":5.0},{"damage":0.0,"enemies":"Centurion and Healer","floor":29.0,"turns":5.0},{"damage":4.0,"enemies":"Slavers","floor":30.0,"turns":5.0},{"damage":5.0,"enemies":"Sentry and Sphere","floor":31.0,"turns":4.0},{"damage":56,"enemies":"Collector","floor":33,"turns":12}],"seed_played":"3826451853319430364","potions_obtained":[{"floor":3.0,"key":"BlessingOfTheForge"},{"floor":4.0,"key":"LiquidBronze"},{"floor":8.0,"key":"Dexterity Potion"},{"floor":11.0,"key":"ColorlessPotion"},{"floor":20.0,"key":"Fire Potion"},{"floor":24.0,"key":"SkillPotion"},{"floor":28.0,"key":"PowerPotion"}],"is_trial":false,"path_per_floor":["M","?","M","M","M","R","E","M","T","R","E","M","$","?","R","B",null,"M","?","M","M","?","R","E","R","T","R","M","M","E","M","R","B"],"character_chosen":"DEFECT","items_purchased":["Sunder"],"campfire_rested":3,"item_purchase_floors":[13],"current_hp_per_floor":[56,71,71,68,63,63,35,35,35,56,42,39,39,39,60,31,61,43,43,41,35,35,56,43,43,53,53,50,50,46,41,41,0,0],"gold":0,"neow_bonus":"BOSS_RELIC","is_daily":false,"chose_seed":false,"campfire_upgraded":4,"win_rate":0.0,"timestamp":1610991821,"path_taken":["M","?","M","M","M","R","E","M","T","R","E","?","$","?","R","BOSS","M","?","?","M","?","R","E","R","T","R","M","M","E","M","R","BOSS"],"items_purchased_type":["Card"],"build_version":"2020-12-22","purchased_purges":0,"victory":false,"max_hp_per_floor":[71,71,71,71,71,71,71,71,71,71,71,71,71,71,71,71,71,71,71,71,71,71,71,71,71,81,81,81,81,81,81,81,81,81],"card_choices":[{"not_picked":["Beam Cell","Tempest"],"picked":"Chaos","floor":1.0},{"not_picked":["Stack","Reinforced Body"],"picked":"Glacier","floor":3.0},{"not_picked":["Recycle","Steam"],"picked":"Streamline","floor":4.0},{"not_picked":["Gash","Cold Snap"],"picked":"Rebound","floor":5.0},{"not_picked":["Hello World","Hologram"],"picked":"Skim","floor":7.0},{"not_picked":["Redo","Sweeping Beam"],"picked":"Turbo","floor":8.0},{"not_picked":["Storm","Seek"],"picked":"FTL","floor":11.0},{"not_picked":["Sweeping Beam","Go for the Eyes"],"picked":"Cold Snap","floor":12.0},{"not_picked":["Buffer","Core Surge"],"picked":"Multi-Cast","floor":16.0},{"not_picked":["Go for the Eyes","Ball Lightning+1"],"picked":"Glacier","floor":18.0},{"not_picked":["Heatsinks","Turbo"],"picked":"Scrape+1","floor":20.0},{"not_picked":["Coolheaded","Tempest"],"picked":"Go for the Eyes+1","floor":21.0},{"not_picked":["Multi-Cast","Gash"],"picked":"Sunder","floor":24.0},{"not_picked":["Cold Snap","BootSequence+1"],"picked":"Blizzard","floor":28.0},{"not_picked":["Go for the Eyes","Conserve Battery"],"picked":"Chill","floor":29.0},{"not_picked":["Steam+1","Auto Shields"],"picked":"Scrape+1","floor":30.0},{"not_picked":["Sweeping Beam","Conserve Battery"],"picked":"Hologram","floor":31.0}],"player_experience":1263501,"relics_obtained":[{"floor":7.0,"key":"Bottled Lightning"},{"floor":9.0,"key":"Ice Cream"},{"floor":11.0,"key":"Darkstone Periapt"},{"floor":24.0,"key":"Mummified Hand"},{"floor":26.0,"key":"Pear"},{"floor":30.0,"key":"Bag of Marbles"}],"event_choices":[{"cards_removed":["Chaos"],"damage_healed":15.0,"max_hp_gain":0.0,"max_hp_loss":0.0,"gold_gain":0.0,"event_name":"Bonfire Elementals","player_choice":"Offered Uncommon","floor":2.0,"gold_loss":0.0,"damage_taken":0.0},{"damage_healed":0.0,"max_hp_gain":0.0,"max_hp_loss":0.0,"gold_gain":0.0,"event_name":"Living Wall","player_choice":"Grow","floor":14.0,"gold_loss":0.0,"damage_taken":0.0,"cards_upgraded":["Sunder"]},{"damage_healed":0.0,"max_hp_gain":0.0,"max_hp_loss":0.0,"gold_gain":0.0,"event_name":"WeMeetAgain","player_choice":"Paid Gold","floor":19.0,"gold_loss":50.0,"damage_taken":0.0,"relics_obtained":["Emotion Chip"]},{"damage_healed":0.0,"max_hp_gain":0.0,"max_hp_loss":0.0,"gold_gain":0.0,"event_name":"Masked Bandits","player_choice":"Paid Fearfully","floor":22.0,"gold_loss":6.0,"damage_taken":0.0}],"is_beta":false,"boss_relics":[{"not_picked":["Calling Bell","Velvet Choker"],"picked":"SlaversCollar"}],"items_purged_floors":[],"is_endless":false,"potions_floor_spawned":[3,4,8,11,20,24,28],"killed_by":"Collector","ascension_level":20}}