{"host":"8a3jzv7qxg3y7b6t","time":1610962578,"event":{"mods":["BaseMod","Better Third Choice","Downfall","Hermit","Minty Spire (QoL Compilation)","Relic Stats","StSLib","The Bug Knight","The Cursed"],"gold_per_floor":[113,113,125,125,145,177,188,223,250,269,269,269],"floor_reached":11,"language":"ENG","playtime":389,"items_purged":[],"score":94,"play_id":"582a9fd0-8a96-4427-9dfe-bd368360064e","local_time":"20210118013618","is_ascension_mode":true,"campfire_choices":[],"circlet_count":0,"master_deck":["Strike_B","Strike_B+1","Strike_B","Strike_B","Defend_B","Defend_B","Defend_B","Defend_B","Zap+1","Dualcast","Ball Lightning+1","Creative AI","Loop","Ball Lightning","Chill","Redo","Conserve Battery"],"relics":["Cracked Core","NeowsBlessing","Whetstone","Vajra"],"acts_visited":["Exordium"],"potions_floor_usage":[6,8,10],"damage_taken":[{"damage":0,"enemies":"Jaw Worm","floor":1,"turns":1},{"damage":0,"enemies":"2 Louse","floor":3,"turns":1},{"damage":0,"enemies":"Cultist","floor":5,"turns":1},{"damage":29,"enemies":"Gremlin Nob","floor":6,"turns":5},{"damage":16,"enemies":"Gremlin Gang","floor":7,"turns":4},{"damage":21,"enemies":"Lagavulin","floor":8,"turns":5},{"damage":3,"enemies":"3 Louse","floor":10,"turns":3},{"damage":28,"enemies":"Gremlin Nob","floor":11,"turns":3}],"seed_played":"4984034099015949827","potions_obtained":[{"floor":3,"key":"Block Potion"},{"floor":6,"key":"BlessingOfTheForge"},{"floor":8,"key":"Block Potion"}],"is_trial":false,"path_per_floor":["M","?","M","?","M","E","M","E","T","M","E"],"character_chosen":"DEFECT","items_purchased":[],"campfire_rested":0,"item_purchase_floors":[],"current_hp_per_floor":[75,75,75,75,75,46,30,9,9,6,0,0],"gold":269,"neow_bonus":"THREE_ENEMY_KILL","is_daily":false,"chose_seed":false,"campfire_upgraded":0,"win_rate":0.0,"timestamp":1610962578,"path_taken":["M","?","M","?","?","E","M","E","T","M","E"],"items_purchased_type":[],"build_version":"2020-12-22","purchased_purges":0,"victory":false,"max_hp_per_floor":[75,75,75,75,75,75,75,75,75,75,75,75],"relic_stats":{"counters":[8,22],"Whetstone":["Ball Lightning","Strike_B"],"obtain_stats":[{"NeowsBlessing":0,"Vajra":8,"Whetstone":6,"Cracked Core":0},{"NeowsBlessing":0,"Vajra":6,"Whetstone":4,"Cracked Core":0},{"NeowsBlessing":0,"Vajra":16,"Whetstone":7,"Cracked Core":0}]},"card_choices":[{"not_picked":["Barrage","Go for the Eyes"],"picked":"Ball Lightning","floor":1},{"not_picked":["Compile Driver","Hologram"],"picked":"Sweeping Beam","floor":3},{"not_picked":["Reprogram","Turbo"],"picked":"Loop","floor":5},{"not_picked":["Fusion","Barrage"],"picked":"Ball Lightning","floor":6},{"not_picked":["Beam Cell","Glacier"],"picked":"Chill","floor":7},{"not_picked":["Stack","Hologram"],"picked":"Redo","floor":8},{"not_picked":["Hyperbeam","Compile Driver"],"picked":"Conserve Battery","floor":10}],"player_experience":612891,"relics_obtained":[{"floor":6,"key":"Whetstone"},{"floor":8,"key":"Vajra"}],"event_choices":[{"damage_healed":0,"gold_gain":0,"player_choice":"Grow","damage_taken":0,"max_hp_gain":0,"max_hp_loss":0,"event_name":"Living Wall","floor":2,"gold_loss":0,"cards_upgraded":["Zap"]},{"damage_healed":0,"gold_gain":0,"cards_transformed":["Sweeping Beam"],"player_choice":"Transformed","damage_taken":0,"max_hp_gain":0,"max_hp_loss":0,"event_name":"Transmorgrifier","floor":4,"gold_loss":0,"cards_obtained":["Creative AI"]}],"is_beta":false,"boss_relics":[],"items_purged_floors":[],"is_endless":false,"potions_floor_spawned":[3,6,8],"killed_by":"Gremlin Nob","ascension_level":2}}