{"host":"Kid Ruckus","time":1610943135,"event":{"mods":["BaseMod","Colored Map","Filter the Spire","Minty Spire (QoL Compilation)","Permanent Neow","Quick Restart","StSLib"],"gold_per_floor":[116,116,116,135,153,153,185,185,234,246,246,259,273,307,307,411,411,426,351,351,363,382,382,409,409,409,43,63,73,73,107,107,209,209,224,224,224,91,107,132,132,161,161,161,189,464,491,501,501,501,501,501,27,58,58],"floor_reached":56,"language":"ENG","playtime":2886,"items_purged":["Strike_G","Defend_G","Defend_G"],"score":1599,"play_id":"109b5b26-71a2-45ea-8be8-292bd940bf56","local_time":"20210117231215","is_ascension_mode":true,"campfire_choices":[{"data":"Neutralize","floor":6.0,"key":"SMITH"},{"floor":8.0,"key":"RECALL"},{"data":"Cloak And Dagger","floor":11.0,"key":"SMITH"},{"data":"Blade Dance","floor":15.0,"key":"SMITH"},{"data":"Envenom","floor":23.0,"key":"SMITH"},{"data":"Terror","floor":25.0,"key":"SMITH"},{"data":"Concentrate","floor":32.0,"key":"SMITH"},{"floor":41.0,"key":"DIG"},{"data":"Wraith Form v2","floor":44.0,"key":"SMITH"},{"floor":49.0,"key":"DIG"},{"floor":52.0,"key":"DIG"}],"circlet_count":0,"master_deck":["Defend_G","Defend_G","Defend_G","Survivor","Neutralize+1","Footwork+1","Backflip","Cloak And Dagger+1","Blade Dance+1","Dagger Spray","Envenom+1","Terror+1","RitualDagger","Riddle With Holes+1","Blade Dance","Acrobatics","Blade Dance+1","Escape Plan+1","Necronomicurse","Concentrate+1","Wraith Form v2+1","Cloak And Dagger+1","Footwork","Distraction+1","Blur+1","Dodge and Roll","Footwork","Outmaneuver"],"relics":["Runic Dome","Vajra","FossilizedHelix","Sundial","Runic Pyramid","Meat on the Bone","Eternal Feather","Gremlin Horn","Necronomicon","Letter Opener","Empty Cage","Shovel","Blue Candle","Omamori","Strawberry","Boot","Regal Pillow","Toy Ornithopter","Pantograph","Oddly Smooth Stone","Happy Flower"],"acts_visited":["Exordium","TheCity","TheBeyond","TheEnding"],"potions_floor_usage":[55,55,55],"damage_taken":[{"damage":0.0,"enemies":"2 Louse","floor":1.0,"turns":3.0},{"damage":0.0,"enemies":"Jaw Worm","floor":4.0,"turns":4.0},{"damage":0.0,"enemies":"Small Slimes","floor":5.0,"turns":4.0},{"damage":15.0,"enemies":"3 Sentries","floor":7.0,"turns":12.0},{"damage":0.0,"enemies":"Exordium Wildlife","floor":10.0,"turns":4.0},{"damage":0.0,"enemies":"Lots of Slimes","floor":12.0,"turns":4.0},{"damage":0.0,"enemies":"Looter","floor":13.0,"turns":3.0},{"damage":0.0,"enemies":"Gremlin Nob","floor":14.0,"turns":3.0},{"damage":0.0,"enemies":"The Guardian","floor":16.0,"turns":11.0},{"damage":0.0,"enemies":"Shell Parasite","floor":18.0,"turns":5.0},{"damage":0.0,"enemies":"Chosen","floor":21.0,"turns":3.0},{"damage":0.0,"enemies":"Sentry and Sphere","floor":22.0,"turns":4.0},{"damage":10.0,"enemies":"Slavers","floor":24.0,"turns":5.0},{"damage":0.0,"enemies":"Snecko","floor":28.0,"turns":4.0},{"damage":6.0,"enemies":"Snake Plant","floor":29.0,"turns":5.0},{"damage":0.0,"enemies":"Gremlin Leader","floor":31.0,"turns":5.0},{"damage":49.0,"enemies":"Collector","floor":33.0,"turns":8.0},{"damage":9.0,"enemies":"3 Shapes","floor":35.0,"turns":4.0},{"damage":0.0,"enemies":"Orb Walker","floor":39.0,"turns":2.0},{"damage":0.0,"enemies":"Reptomancer","floor":40.0,"turns":4.0},{"damage":0.0,"enemies":"Giant Head","floor":42.0,"turns":5.0},{"damage":0.0,"enemies":"Reptomancer","floor":45.0,"turns":5.0},{"damage":0.0,"enemies":"Giant Head","floor":47.0,"turns":7.0},{"damage":0.0,"enemies":"3 Darklings","floor":48.0,"turns":4.0},{"damage":22.0,"enemies":"Donu and Deca","floor":50.0,"turns":9.0},{"damage":34.0,"enemies":"Shield and Spear","floor":54.0,"turns":6.0},{"damage":55,"enemies":"The Heart","floor":55,"turns":10}],"seed_played":"-3403113798032199997","potions_obtained":[{"floor":5.0,"key":"FearPotion"},{"floor":7.0,"key":"Ancient Potion"},{"floor":10.0,"key":"GamblersBrew"},{"floor":12.0,"key":"PowerPotion"},{"floor":14.0,"key":"Explosive Potion"},{"floor":21.0,"key":"AttackPotion"},{"floor":24.0,"key":"Fruit Juice"},{"floor":28.0,"key":"SpeedPotion"},{"floor":31.0,"key":"Ancient Potion"},{"floor":39.0,"key":"Fruit Juice"},{"floor":40.0,"key":"BlessingOfTheForge"}],"is_trial":false,"path_per_floor":["M","?","?","M","M","R","E","R","T","M","R","M","M","E","R","B",null,"M","?","?","M","M","R","E","R","T","$","M","M","?","E","R","B",null,"M","?","?","$","M","E","R","E","T","R","E","?","E","M","R","B",null,"R","$","E","B",null],"character_chosen":"THE_SILENT","items_purchased":["Gremlin Horn","Acrobatics","Footwork","Oddly Smooth Stone","Footwork","LiquidBronze","Outmaneuver"],"campfire_rested":0,"item_purchase_floors":[27,27,38,53,53,53,53],"current_hp_per_floor":[70,58,58,58,58,58,43,43,43,43,43,43,43,43,43,43,70,70,70,64,64,64,64,59,59,59,59,59,53,37,49,64,27,75,66,66,66,66,71,71,80,80,87,87,87,87,87,87,87,65,87,87,87,53,44],"gold":58,"neow_bonus":"BOSS_RELIC","is_daily":false,"chose_seed":false,"campfire_upgraded":7,"win_rate":0.0,"timestamp":1610943135,"path_taken":["M","?","?","M","M","R","E","R","T","M","R","M","M","E","R","BOSS","M","?","?","M","M","R","E","R","T","?","?","M","?","E","R","BOSS","M","?","?","$","?","E","R","E","T","R","E","?","E","?","R","BOSS","R","$","E","BOSS"],"items_purchased_type":["Relic","Card","Card","Relic","Card","Potion","Card"],"build_version":"2020-12-18","purchased_purges":3,"victory":true,"max_hp_per_floor":[70,70,70,70,70,70,70,70,70,70,70,70,70,70,70,70,70,70,70,70,70,70,70,75,75,75,75,75,75,75,75,75,75,75,75,75,75,75,80,80,80,80,87,87,87,87,87,87,87,87,87,87,87,87,87],"card_choices":[{"not_picked":["Underhanded Strike","Acrobatics"],"picked":"Footwork","floor":1.0},{"not_picked":["Slice","Catalyst"],"picked":"Backflip","floor":4.0},{"not_picked":["Reflex","Caltrops","Quick Slash"],"picked":"SKIP","floor":5.0},{"not_picked":["Quick Slash","Caltrops","Prepared"],"picked":"SKIP","floor":7.0},{"not_picked":["Sucker Punch","Terror"],"picked":"Cloak And Dagger","floor":10.0},{"not_picked":["Predator","Tactician"],"picked":"Blade Dance","floor":12.0},{"not_picked":["Concentrate","Slice","Eviscerate"],"picked":"SKIP","floor":13.0},{"not_picked":["Expertise","Distraction"],"picked":"Dagger Spray","floor":14.0},{"not_picked":["Night Terror","Wraith Form v2"],"picked":"Envenom","floor":16.0},{"not_picked":["Sucker Punch","Deadly Poison"],"picked":"Terror","floor":18.0},{"not_picked":["Backflip","Cloak And Dagger"],"picked":"Riddle With Holes+1","floor":21.0},{"not_picked":["Slice","Underhanded Strike"],"picked":"Blade Dance","floor":22.0},{"not_picked":["Deflect","Infinite Blades","Bane+1"],"picked":"SKIP","floor":24.0},{"not_picked":["Slice+1","Noxious Fumes+1"],"picked":"Blade Dance+1","floor":28.0},{"not_picked":["Endless Agony+1","Choke"],"picked":"Escape Plan+1","floor":29.0},{"not_picked":["Caltrops","Sucker Punch"],"picked":"Concentrate","floor":31.0},{"not_picked":["Bullet Time","Burst"],"picked":"Wraith Form v2","floor":33.0},{"not_picked":["Quick Slash+1","Underhanded Strike+1"],"picked":"Cloak And Dagger+1","floor":35.0},{"not_picked":["Deadly Poison","Dagger Spray+1"],"picked":"Distraction+1","floor":39.0},{"not_picked":["Prepared","Crippling Poison+1","Die Die Die"],"picked":"SKIP","floor":40.0},{"not_picked":["Skewer","Blade Dance","Riddle With Holes"],"picked":"SKIP","floor":42.0},{"not_picked":["Calculated Gamble","Reflex"],"picked":"Blur+1","floor":45.0},{"not_picked":["Predator","Choke","Tactician+1"],"picked":"SKIP","floor":47.0},{"not_picked":["Dagger Spray+1","Masterful Stab"],"picked":"Dodge and Roll","floor":48.0},{"not_picked":["Blade Dance","Flying Knee+1","Bullet Time"],"picked":"SKIP","floor":54.0}],"player_experience":697341,"relics_obtained":[{"floor":7.0,"key":"FossilizedHelix"},{"floor":14.0,"key":"Sundial"},{"floor":24.0,"key":"Meat on the Bone"},{"floor":26.0,"key":"Eternal Feather"},{"floor":30.0,"key":"Necronomicon"},{"floor":31.0,"key":"Letter Opener"},{"floor":40.0,"key":"Shovel"},{"floor":41.0,"key":"Blue Candle"},{"floor":42.0,"key":"Omamori"},{"floor":43.0,"key":"Strawberry"},{"floor":45.0,"key":"Boot"},{"floor":47.0,"key":"Regal Pillow"},{"floor":49.0,"key":"Toy Ornithopter"},{"floor":52.0,"key":"Pantograph"},{"floor":54.0,"key":"Happy Flower"}],"event_choices":[{"damage_healed":0.0,"max_hp_gain":0.0,"max_hp_loss":0.0,"gold_gain":0.0,"event_name":"Scrap Ooze","player_choice":"Success","floor":2.0,"gold_loss":0.0,"damage_taken":12.0,"relics_obtained":["Vajra"]},{"damage_healed":0.0,"max_hp_gain":0.0,"max_hp_loss":0.0,"gold_gain":0.0,"event_name":"Living Wall","player_choice":"Grow","floor":3.0,"gold_loss":0.0,"damage_taken":0.0,"cards_upgraded":["Footwork"]},{"cards_removed":["Strike_G"],"damage_healed":0.0,"max_hp_gain":0.0,"max_hp_loss":0.0,"gold_gain":0.0,"event_name":"Beggar","player_choice":"Gave Gold","floor":19.0,"gold_loss":75.0,"damage_taken":0.0},{"damage_healed":0.0,"max_hp_gain":0.0,"max_hp_loss":0.0,"gold_gain":0.0,"event_name":"Nest","player_choice":"Joined the Cult","floor":20.0,"gold_loss":0.0,"damage_taken":6.0,"cards_obtained":["RitualDagger"]},{"damage_healed":0.0,"max_hp_gain":0.0,"max_hp_loss":0.0,"gold_gain":0.0,"event_name":"Cursed Tome","player_choice":"Obtained Book","floor":30.0,"gold_loss":0.0,"damage_taken":16.0},{"damage_healed":0.0,"max_hp_gain":0.0,"max_hp_loss":0.0,"gold_gain":0.0,"event_name":"Tomb of Lord Red Mask","player_choice":"Ignored","floor":36.0,"gold_loss":0.0,"damage_taken":0.0},{"cards_removed":["Strike_G"],"damage_healed":0.0,"max_hp_gain":0.0,"max_hp_loss":0.0,"gold_gain":0.0,"event_name":"Bonfire Elementals","player_choice":"Offered Basic","floor":37.0,"gold_loss":0.0,"damage_taken":0.0},{"damage_healed":0.0,"max_hp_gain":0.0,"max_hp_loss":0.0,"gold_gain":275.0,"event_name":"Golden Shrine","player_choice":"Desecrate","floor":46.0,"gold_loss":0.0,"damage_taken":0.0,"cards_obtained":["Regret"]}],"is_beta":true,"boss_relics":[{"not_picked":["Sozu","WristBlade"],"picked":"Runic Pyramid"},{"not_picked":["Busted Crown","Cursed Key"],"picked":"Empty Cage"}],"items_purged_floors":[27,38,53],"is_endless":false,"potions_floor_spawned":[5,7,10,12,14,21,24,28,31,39,40],"ascension_level":1}}