{"host":"qj49eghpaxba70kv","time":1610972729,"event":{"mods":["ATMod(°¢èªMod)","Act Like it!","Arknights The Spire","Aspiration","BaseMod","Dota2Spire","Energized Spire","Gensokyo","GungeonMod","Hermit","Hunter ÁÔÈË","KinomotoSakuraMod(Ä¾Ö®±¾Ó£)","Koishi","Luminous","Minty Spire (QoL Compilation)","Pale of the Ancients","Permanent Neow","Prisma Mod","Quick Restart","Replay The Spire","Robot Space Explorer","StSLib","The Administrix","The Alterego","The Bug Knight","The Construct","The Hierophant","The Marked","The Senshi","UnlockEverythingMod","[GremlinLeader]The Maniac","vexMod","¡¾¹¦ÄÜMod¡¿»ìãçÖ®»·ÐÞ¸´²¹¶¡","¡¾ÒÅÎï¿¨ÅÆ¡¿REMEMod","óô»ðÖ¸ÄÏ"],"gold_per_floor":[115,190,201,201,201,201,5,23,47,78,97,113,113,145,145,240,240,256,5,245,265,265],"floor_reached":21,"language":"ZHS","playtime":711,"items_purged":["ats:Strike V","ats:Strike S"],"score":239,"play_id":"3d2d6736-0d0b-45ef-87b7-9f588170e194","local_time":"20210118062529","is_ascension_mode":false,"campfire_choices":[{"data":"ats:Emotion Absorption","floor":6,"key":"SMITH"},{"floor":15,"key":"DIG"}],"circlet_count":0,"master_deck":["ats:Strike C","ats:Strike G","ats:Armor Crushing Shot","ats:Defend","ats:Defend","ats:Defend","ats:Defend","ats:Emotion Absorption+1","ats:Wolf Pack","ats:Ignite","ats:Very Hot Blade","alterego_mod:Valkyrie","ats:Closed Bolt Burst Fire","ats:Counter Healing Mode","ats:Leaping Hammer","ats:Dogmatic Field","ats:Charging Defense","ats:Demon Strength","ats:Burning Ground"],"relics":["ats:Sanity","AT_ATBox","REME_ComplimentaryCards","Ring of Searing","Ring of Fury","Matryoshka","Dota2Spire:BattleFury","Replay:Baseball","ats:Originium","aspiration:DSix","Replay:Bottled Snecko","Juzu Bracelet","vexMod:TanglingVine","Akabeko","Replay:Mystery Machine","DemoMod:GlassGuonStoneRelic"],"acts_visited":["Exordium","TheCity"],"potions_floor_usage":[],"damage_taken":[{"damage":0.0,"enemies":"Small Slimes","floor":1.0,"turns":4.0},{"damage":0,"enemies":"Cultist","floor":3,"turns":4},{"damage":14,"enemies":"Jaw Worm","floor":8,"turns":3},{"damage":21,"enemies":"Gremlin Nob","floor":10,"turns":3},{"damage":0,"enemies":"2 Fungi Beasts","floor":11,"turns":2},{"damage":5,"enemies":"3 Louse","floor":12,"turns":2},{"damage":27,"enemies":"3 Sentries","floor":14,"turns":4},{"damage":10,"enemies":"Slime Boss","floor":16,"turns":5},{"damage":18,"enemies":"Chosen","floor":18,"turns":3},{"damage":27,"enemies":"2 Thieves","floor":21,"turns":3}],"seed_played":"4941533398178810244","potions_obtained":[{"floor":1.0,"key":"LiquidMemories"},{"floor":8,"key":"Dota2Spire:HealingSalve"},{"floor":11,"key":"Reflective Coating"}],"is_trial":false,"path_per_floor":["M","?","M","?","?","R","$","M","T","E","M","M","?","E","R","B",null,"M","$","?","M"],"character_chosen":"DOCTOR_CLASS","items_purchased":["ats:Closed Bolt Burst Fire","ats:Counter Healing Mode","Akabeko"],"campfire_rested":0,"item_purchase_floors":[7,7,19],"current_hp_per_floor":[72,65,65,65,65,65,65,58,58,44,61,63,56,50,50,61,72,61,61,43,30,30],"gold":265,"neow_bonus":"ONE_RANDOM_RARE_CARD","is_daily":false,"chose_seed":false,"campfire_upgraded":1,"win_rate":0.0,"timestamp":1610972729,"path_taken":["M","?","?","?","?","R","$","M","T","E","M","M","?","E","R","BOSS","M","$","?","M"],"items_purchased_type":["Card","Card","Relic"],"build_version":"2020-12-22","purchased_purges":2,"victory":false,"max_hp_per_floor":[72,72,72,72,72,72,72,72,72,72,72,72,72,72,72,72,72,72,72,72,72,72],"card_choices":[{"not_picked":["ats:Childhood Dance","ats:Apocalypse"],"picked":"ats:Ignite","floor":1.0},{"not_picked":["ats:Automatic Cover","ats:Leaping Hammer"],"picked":"ats:Very Hot Blade","floor":3},{"not_picked":["ats:Childhood Dance","ats:Flame Of Heaven","ats:Closed Bolt Burst Fire"],"picked":"SKIP","floor":8},{"not_picked":["ats:Apocalypse","ats:Part Time Job","ats:Closed Bolt Burst Fire"],"picked":"SKIP","floor":10},{"not_picked":["ats:Poison Spread","ats:Very Hot Blade"],"picked":"ats:Leaping Hammer","floor":11},{"not_picked":["ats:Poison Spread","ats:Encircling Forest","ats:Childhood Dance"],"picked":"SKIP","floor":12},{"not_picked":["ats:Very Hot Blade","ats:Leaping Hammer","ats:Shadow Raid"],"picked":"SKIP","floor":14},{"not_picked":["ats:Ambush","ats:Nebulous Foxfire"],"picked":"ats:Dogmatic Field","floor":16},{"not_picked":["ats:Song Of Battle+1","ats:Beaten Up+1"],"picked":"ats:Charging Defense","floor":18},{"not_picked":["ats:Apocalypse","ats:Shadow Raid"],"picked":"ats:Demon Strength","floor":20},{"not_picked":["ats:Hammer On+1","ats:Childhood Dance"],"picked":"ats:Burning Ground","floor":20}],"player_experience":48841,"relics_obtained":[{"floor":4,"key":"Ring of Searing"},{"floor":4,"key":"Ring of Fury"},{"floor":9,"key":"Dota2Spire:BattleFury"},{"floor":9,"key":"Replay:Baseball"},{"floor":10,"key":"ats:Originium"},{"floor":10,"key":"aspiration:DSix"},{"floor":14,"key":"ats:Originium"},{"floor":14,"key":"Replay:Bottled Snecko"},{"floor":15,"key":"Juzu Bracelet"},{"floor":20,"key":"Replay:Mystery Machine"}],"event_choices":[{"damage_healed":0,"gold_gain":75,"player_choice":"Touch","damage_taken":7,"max_hp_gain":0,"max_hp_loss":0,"event_name":"FaceTrader","floor":2,"gold_loss":0},{"damage_healed":0,"gold_gain":0,"player_choice":"Box","damage_taken":0,"relics_obtained":["Matryoshka"],"max_hp_gain":0,"max_hp_loss":0,"event_name":"Big Fish","floor":5,"gold_loss":0,"cards_obtained":["Regret"]},{"cards_removed":["Regret"],"damage_healed":0,"gold_gain":0,"player_choice":"Card Removal","damage_taken":7,"max_hp_gain":0,"max_hp_loss":0,"event_name":"Golden Wing","floor":13,"gold_loss":0}],"is_beta":false,"boss_relics":[{"not_picked":["Dota2Spire:Bloodstone","Empty Cage"],"picked":"vexMod:TanglingVine"}],"items_purged_floors":[7,19],"is_endless":false,"potions_floor_spawned":[1,8,11,12,18],"killed_by":"2 Thieves","ascension_level":0}}