{"host":"w9njud19qyl0lpz1","time":1610970819,"event":{"mods":["BaseMod","Minty Spire (QoL Compilation)","StSLib"],"gold_per_floor":[212,222,242,256,431,431,52,82,108,108,120,140,13,27,27,131,131,141,157,8,18,38,67,79,79,106,120,140,21,21,21,21,21,21],"floor_reached":33,"language":"ENG","playtime":3395,"items_purged":["Doubt","Strike_R","Strike_R"],"score":271,"play_id":"0a4c8292-803e-4a39-b8ab-915836735452","local_time":"20210118065339","is_ascension_mode":false,"campfire_choices":[{"data":"Armaments","floor":10,"key":"SMITH"},{"data":"Twin Strike","floor":15,"key":"SMITH"},{"floor":25,"key":"REST"},{"data":"Rupture","floor":32,"key":"SMITH"}],"circlet_count":0,"master_deck":["Strike_R","Strike_R","Strike_R","Defend_R","Defend_R","Defend_R","Defend_R","Bash","Carnage","Inflame","Armaments+1","Bludgeon","Clothesline","Shrug It Off","Offering","Reaper","Twin Strike+1","Combust+1","Ghostly Armor+1","Pommel Strike+1","Headbutt+1","Exhume","Rupture+1","Shame","Writhe"],"relics":["Black Blood","Happy Flower","Anchor","Smiling Mask","Blood Vial","Odd Mushroom","Lantern","Blue Candle","Bag of Preparation","Vajra","Question Card"],"acts_visited":["Exordium","TheCity"],"potions_floor_usage":[12,12,19,19,23,23,33,33],"damage_taken":[{"damage":1,"enemies":"2 Louse","floor":1,"turns":3},{"damage":5,"enemies":"Small Slimes","floor":2,"turns":3},{"damage":6,"enemies":"Jaw Worm","floor":3,"turns":3},{"damage":6,"enemies":"Blue Slaver","floor":4,"turns":4},{"damage":6,"enemies":"Gremlin Nob","floor":8,"turns":3},{"damage":0,"enemies":"Large Slime","floor":11,"turns":3},{"damage":14,"enemies":"The Mushroom Lair","floor":12,"turns":4},{"damage":6,"enemies":"Exordium Thugs","floor":14,"turns":3},{"damage":41,"enemies":"The Guardian","floor":16,"turns":18},{"damage":6,"enemies":"Chosen","floor":18,"turns":3},{"damage":21,"enemies":"2 Thieves","floor":19,"turns":4},{"damage":14,"enemies":"Centurion and Healer","floor":21,"turns":4},{"damage":28,"enemies":"Shelled Parasite and Fungi","floor":22,"turns":5},{"damage":30,"enemies":"Gremlin Leader","floor":23,"turns":5},{"damage":30,"enemies":"Sentry and Sphere","floor":24,"turns":6},{"damage":11,"enemies":"Centurion and Healer","floor":27,"turns":4},{"damage":16,"enemies":"Snecko","floor":28,"turns":5},{"damage":100,"enemies":"Automaton","floor":33,"turns":8}],"seed_played":"-9151540593499979326","potions_obtained":[{"floor":1,"key":"Dexterity Potion"},{"floor":3,"key":"Strength Potion"},{"floor":4,"key":"GamblersBrew"},{"floor":8,"key":"Weak Potion"},{"floor":16,"key":"Fruit Juice"},{"floor":18,"key":"Dexterity Potion"},{"floor":22,"key":"SteroidPotion"},{"floor":27,"key":"AttackPotion"},{"floor":28,"key":"LiquidBronze"}],"is_trial":false,"path_per_floor":["M","M","M","M","?","?","$","E","T","R","M","?","$","M","R","B",null,"M","M","$","M","M","E","M","R","T","M","M","$","?","?","R","B"],"character_chosen":"IRONCLAD","items_purchased":["Anchor","Bludgeon","Reaper","Lantern","Rupture"],"campfire_rested":1,"item_purchase_floors":[7,7,13,20,29],"current_hp_per_floor":[80,80,80,80,80,47,47,47,47,47,55,49,49,61,61,35,80,80,76,76,85,75,59,43,68,68,83,81,81,81,81,81,0,0],"gold":21,"neow_bonus":"HUNDRED_GOLD","is_daily":false,"chose_seed":false,"campfire_upgraded":3,"win_rate":0.0,"timestamp":1610970819,"path_taken":["M","M","M","M","?","?","$","E","T","R","M","?","$","M","R","BOSS","M","M","$","M","M","E","M","R","T","M","M","$","?","?","R","BOSS"],"items_purchased_type":["Relic","Card","Card","Relic","Card"],"build_version":"2020-12-22","purchased_purges":3,"victory":false,"max_hp_per_floor":[80,80,80,80,80,80,80,80,80,80,80,80,80,80,80,80,80,80,85,85,85,85,85,85,85,85,85,85,85,85,85,85,85,85],"card_choices":[{"not_picked":["Havoc","Anger"],"picked":"Carnage","floor":1},{"not_picked":["Body Slam","Anger"],"picked":"Inflame","floor":2},{"not_picked":["Body Slam","Clash","Pommel Strike"],"picked":"SKIP","floor":3},{"not_picked":["Havoc","Disarm"],"picked":"Armaments","floor":4},{"not_picked":["Heavy Blade","Body Slam"],"picked":"Clothesline","floor":8},{"not_picked":["Clothesline","Fire Breathing"],"picked":"Shrug It Off","floor":11},{"not_picked":["Hemokinesis","Pommel Strike"],"picked":"Offering","floor":12},{"not_picked":["Perfected Strike","Blood for Blood"],"picked":"Twin Strike","floor":14},{"not_picked":["Wild Strike","Ghostly Armor"],"picked":"Combust+1","floor":18},{"not_picked":["Pommel Strike","Combust"],"picked":"Ghostly Armor+1","floor":19},{"not_picked":["Combust","Clothesline+1","Reckless Charge"],"picked":"SKIP","floor":21},{"not_picked":["Uppercut","Second Wind+1"],"picked":"Pommel Strike+1","floor":22},{"not_picked":["Armaments+1","Feel No Pain","Havoc"],"picked":"SKIP","floor":23},{"not_picked":["Armaments","Whirlwind+1"],"picked":"Headbutt+1","floor":24},{"not_picked":["Sword Boomerang","Metallicize+1","Clash+1"],"picked":"SKIP","floor":27},{"not_picked":["Iron Wave","Sword Boomerang"],"picked":"Exhume","floor":28}],"player_experience":2220983,"relics_obtained":[{"floor":8,"key":"Smiling Mask"},{"floor":9,"key":"Blood Vial"},{"floor":12,"key":"Odd Mushroom"},{"floor":23,"key":"Blue Candle"},{"floor":26,"key":"Bag of Preparation"}],"event_choices":[{"damage_healed":0,"gold_gain":175,"player_choice":"AGREE","damage_taken":0,"max_hp_gain":0,"max_hp_loss":0,"event_name":"Liars Game","floor":5,"gold_loss":0,"cards_obtained":["Doubt"]},{"damage_healed":0,"gold_gain":0,"player_choice":"Success","damage_taken":33,"relics_obtained":["Happy Flower"],"max_hp_gain":0,"max_hp_loss":0,"event_name":"Scrap Ooze","floor":6,"gold_loss":0},{"damage_healed":0,"gold_gain":0,"player_choice":"Fought Mushrooms","damage_taken":0,"max_hp_gain":0,"max_hp_loss":0,"event_name":"Mushrooms","floor":12,"gold_loss":0},{"damage_healed":0,"gold_gain":0,"player_choice":"Stole Relic","damage_taken":0,"relics_obtained":["Vajra"],"max_hp_gain":0,"max_hp_loss":0,"event_name":"Addict","floor":30,"gold_loss":0,"cards_obtained":["Shame"]},{"damage_healed":0,"gold_gain":0,"player_choice":"Opened","damage_taken":0,"relics_obtained":["Question Card"],"max_hp_gain":0,"max_hp_loss":0,"event_name":"The Mausoleum","floor":31,"gold_loss":0,"cards_obtained":["Writhe"]}],"is_beta":false,"boss_relics":[{"not_picked":["Runic Cube","Busted Crown"],"picked":"Black Blood"}],"items_purged_floors":[7,13,29],"is_endless":false,"potions_floor_spawned":[1,3,4,8,16,18,22,27,28],"killed_by":"Automaton","ascension_level":0}}