{"host":"uv231blk40vjdojr","time":1610991233,"event":{"mods":["AchievementEnabler","BaseMod","Bestiary","Minty Spire (QoL Compilation)","Relic Stats"],"gold_per_floor":[118,83,83,99,115,115,141,141,141,151,161,175,198,225,225,225,225],"floor_reached":16,"language":"ENG","playtime":668,"items_purged":[],"score":224,"play_id":"f9b6b83a-6c07-4e53-b198-0f46a06cc4d6","local_time":"20210118183353","is_ascension_mode":true,"campfire_choices":[{"data":"Chaos","floor":6,"key":"SMITH"},{"data":"Cold Snap","floor":15,"key":"SMITH"}],"circlet_count":0,"master_deck":["AscendersBane","Strike_B","Strike_B","Strike_B","Strike_B","Defend_B","Defend_B","Defend_B","Defend_B","Zap","Dualcast","Chaos+1","Genetic Algorithm","Cold Snap+1","BootSequence","Capacitor","Chill","Buffer","Conserve Battery"],"relics":["Cracked Core","Smiling Mask","Sundial","White Beast Statue","Meat on the Bone","Odd Mushroom","Toy Ornithopter"],"acts_visited":["Exordium"],"potions_floor_usage":[7,13],"damage_taken":[{"damage":14,"enemies":"Small Slimes","floor":1,"turns":3},{"damage":9,"enemies":"2 Louse","floor":4,"turns":3},{"damage":3,"enemies":"Cultist","floor":5,"turns":3},{"damage":33,"enemies":"Gremlin Nob","floor":7,"turns":4},{"damage":6,"enemies":"3 Louse","floor":10,"turns":3},{"damage":1,"enemies":"Blue Slaver","floor":11,"turns":3},{"damage":15,"enemies":"Large Slime","floor":12,"turns":5},{"damage":16,"enemies":"The Mushroom Lair","floor":13,"turns":5},{"damage":22,"enemies":"3 Sentries","floor":14,"turns":12},{"damage":31,"enemies":"Hexaghost","floor":16,"turns":9}],"seed_played":"-2056431922961048669","potions_obtained":[{"floor":1,"key":"DistilledChaos"},{"floor":5,"key":"Dexterity Potion"},{"floor":7,"key":"Explosive Potion"},{"floor":13,"key":"SpeedPotion"}],"is_trial":false,"path_per_floor":["M","?","?","M","M","R","E","?","T","M","M","M","?","E","R","B"],"character_chosen":"DEFECT","items_purchased":[],"campfire_rested":0,"item_purchase_floors":[],"current_hp_per_floor":[50,67,49,40,37,37,4,27,27,33,44,41,37,27,27,0,0],"gold":225,"neow_bonus":"RANDOM_COMMON_RELIC","is_daily":false,"chose_seed":false,"campfire_upgraded":2,"win_rate":0.0,"timestamp":1610991233,"path_taken":["M","?","?","M","M","R","E","?","T","M","M","M","?","E","R","BOSS"],"items_purchased_type":[],"build_version":"2020-12-22","purchased_purges":0,"victory":false,"max_hp_per_floor":[71,71,71,71,71,71,71,71,71,71,71,71,71,71,71,71,71],"relic_stats":{"counters":[10,50],"Sundial":[6],"Smiling Mask":0,"obtain_stats":[{"Sundial":3,"Odd Mushroom":13,"Cracked Core":0,"Smiling Mask":0,"White Beast Statue":7,"Toy Ornithopter":14,"Meat on the Bone":9},{"Sundial":1,"Odd Mushroom":8,"Cracked Core":0,"Smiling Mask":0,"White Beast Statue":4,"Toy Ornithopter":9,"Meat on the Bone":4},{"Sundial":3,"Odd Mushroom":29,"Cracked Core":0,"Smiling Mask":0,"White Beast Statue":13,"Toy Ornithopter":41,"Meat on the Bone":13}],"Toy Ornithopter":0,"Meat on the Bone":60},"card_choices":[{"not_picked":["Blizzard","Stack"],"picked":"Chaos","floor":1},{"not_picked":["Hologram","BootSequence"],"picked":"Genetic Algorithm","floor":4},{"not_picked":["Steam Power","Go for the Eyes"],"picked":"Cold Snap","floor":5},{"not_picked":["Compile Driver","Melter"],"picked":"BootSequence","floor":7},{"not_picked":["Fusion","Recycle"],"picked":"Capacitor","floor":10},{"not_picked":["Steam Power","Streamline"],"picked":"Chill","floor":11},{"not_picked":["Streamline","Redo","Stack"],"picked":"SKIP","floor":12},{"not_picked":["Ball Lightning","Melter"],"picked":"Buffer","floor":13},{"not_picked":["Beam Cell","Redo"],"picked":"Conserve Battery","floor":14}],"player_experience":699284,"relics_obtained":[{"floor":7,"key":"White Beast Statue"},{"floor":9,"key":"Meat on the Bone"},{"floor":13,"key":"Odd Mushroom"},{"floor":14,"key":"Toy Ornithopter"}],"event_choices":[{"damage_healed":17,"gold_gain":0,"player_choice":"Healed","damage_taken":0,"max_hp_gain":0,"max_hp_loss":0,"event_name":"The Cleric","floor":2,"gold_loss":35},{"damage_healed":0,"gold_gain":0,"player_choice":"Success","damage_taken":18,"relics_obtained":["Sundial"],"max_hp_gain":0,"max_hp_loss":0,"event_name":"Scrap Ooze","floor":3,"gold_loss":0},{"damage_healed":23,"gold_gain":0,"player_choice":"Banana","damage_taken":0,"max_hp_gain":0,"max_hp_loss":0,"event_name":"Big Fish","floor":8,"gold_loss":0},{"damage_healed":0,"gold_gain":0,"player_choice":"Fought Mushrooms","damage_taken":0,"max_hp_gain":0,"max_hp_loss":0,"event_name":"Mushrooms","floor":13,"gold_loss":0}],"is_beta":false,"boss_relics":[],"items_purged_floors":[],"is_endless":false,"potions_floor_spawned":[1,5,7,10,11,12,13,14],"killed_by":"Hexaghost","ascension_level":20}}