{"host":"7cp3z5w0tcrrm8ys","time":1610965886,"event":{"mods":["AchievementEnabler","BaseMod","Colored Map","Colored Powertips","DeckTracker","Minty Spire (QoL Compilation)","StSLib","SuperFastMode"],"gold_per_floor":[119,133,133,146,146,179,192,210,235,235,254,254,254,266,266,339,339,358,358,358,358],"floor_reached":20,"language":"KOR","playtime":496,"items_purged":[],"score":352,"play_id":"8728ee07-b889-47a6-b86a-28655d78bb51","local_time":"20210118193126","is_ascension_mode":true,"campfire_choices":[{"data":"Combust","floor":13,"key":"SMITH"},{"data":"Evolve","floor":15,"key":"SMITH"}],"circlet_count":0,"master_deck":["AscendersBane","Strike_R","Strike_R","Strike_R","Strike_R","Defend_R","Defend_R","Defend_R","Defend_R","Bash","Carnage","Combust+1","Ghostly Armor","Evolve+1","Whirlwind","True Grit+1","Havoc+1","Barricade"],"relics":["Burning Blood","NeowsBlessing","Centennial Puzzle","Omamori","Orichalcum","Toxic Egg 2","Snecko Eye"],"acts_visited":["Exordium","TheCity"],"potions_floor_usage":[6,16,18,20],"damage_taken":[{"damage":0,"enemies":"Jaw Worm","floor":1,"turns":1},{"damage":0,"enemies":"Cultist","floor":2,"turns":1},{"damage":1,"enemies":"2 Louse","floor":4,"turns":1},{"damage":26,"enemies":"Gremlin Nob","floor":6,"turns":4},{"damage":4,"enemies":"Red Slaver","floor":7,"turns":4},{"damage":24,"enemies":"Exordium Wildlife","floor":8,"turns":7},{"damage":1,"enemies":"2 Fungi Beasts","floor":11,"turns":3},{"damage":9,"enemies":"Exordium Thugs","floor":14,"turns":4},{"damage":33,"enemies":"Slime Boss","floor":16,"turns":9},{"damage":51,"enemies":"Spheric Guardian","floor":18,"turns":8},{"damage":9,"enemies":"Chosen","floor":20,"turns":3}],"seed_played":"-5380061754057063918","potions_obtained":[{"floor":2,"key":"SkillPotion"},{"floor":4,"key":"Ancient Potion"},{"floor":14,"key":"Explosive Potion"},{"floor":16,"key":"DuplicationPotion"}],"is_trial":false,"path_per_floor":["M","M","?","M","?","E","M","M","T","T","M","?","R","M","R","B",null,"M","?","M"],"character_chosen":"IRONCLAD","items_purchased":[],"campfire_rested":0,"item_purchase_floors":[],"current_hp_per_floor":[74,75,75,75,75,55,57,39,39,39,44,69,69,66,66,39,66,21,9,0,0],"gold":358,"neow_bonus":"THREE_ENEMY_KILL","is_daily":false,"chose_seed":false,"campfire_upgraded":2,"win_rate":0.0,"timestamp":1610965886,"path_taken":["M","M","?","?","?","E","?","M","T","?","M","?","R","M","R","BOSS","M","?","M"],"items_purchased_type":[],"build_version":"2020-12-22","purchased_purges":0,"victory":false,"max_hp_per_floor":[75,75,75,75,75,75,75,75,75,75,75,75,75,75,75,75,75,75,75,75,75],"card_choices":[{"not_picked":["Perfected Strike","Pommel Strike"],"picked":"Carnage","floor":1},{"not_picked":["Armaments","Havoc"],"picked":"Combust","floor":2},{"not_picked":["Intimidate","Iron Wave"],"picked":"Ghostly Armor","floor":4},{"not_picked":["Cleave","Rampage"],"picked":"Evolve","floor":6},{"not_picked":["Pommel Strike","Armaments"],"picked":"Whirlwind","floor":7},{"not_picked":["Clothesline","Pummel","Shrug It Off"],"picked":"SKIP","floor":8},{"not_picked":["Perfected Strike","Carnage"],"picked":"True Grit+1","floor":11},{"not_picked":["Wild Strike","Iron Wave"],"picked":"Havoc+1","floor":14},{"not_picked":["Juggernaut","Bludgeon"],"picked":"Barricade","floor":16},{"not_picked":["Flex+1","Combust","Warcry+1"],"picked":"SKIP","floor":18}],"player_experience":800566,"relics_obtained":[{"floor":6,"key":"Omamori"},{"floor":9,"key":"Orichalcum"},{"floor":10,"key":"Toxic Egg 2"}],"event_choices":[{"damage_healed":0,"gold_gain":0,"player_choice":"Gave Potion","damage_taken":0,"relics_obtained":["Centennial Puzzle"],"max_hp_gain":0,"max_hp_loss":0,"event_name":"WeMeetAgain","floor":3,"gold_loss":0},{"cards_removed":["Strike_R"],"damage_healed":0,"gold_gain":0,"player_choice":"Purged","damage_taken":0,"max_hp_gain":0,"max_hp_loss":0,"event_name":"Purifier","floor":5,"gold_loss":0},{"damage_healed":25,"gold_gain":0,"player_choice":"Banana","damage_taken":0,"max_hp_gain":0,"max_hp_loss":0,"event_name":"Big Fish","floor":12,"gold_loss":0},{"damage_healed":0,"gold_gain":0,"player_choice":"POTION ","damage_taken":12,"max_hp_gain":0,"max_hp_loss":0,"event_name":"Knowing Skull","floor":19,"potions_obtained":["AttackPotion"],"gold_loss":0,"cards_obtained":[]}],"is_beta":false,"boss_relics":[{"not_picked":["Runic Cube","SlaversCollar"],"picked":"Snecko Eye"}],"items_purged_floors":[],"is_endless":false,"potions_floor_spawned":[2,4,14,16],"killed_by":"Chosen","ascension_level":20}}