{"host":"cv77zuuuekizn3ic","time":1610949228,"event":{"mods":["AchievementEnabler","BaseMod","Downfall","Marisa£®ÏF”Í°°ƒß¿Ì…≥£©","Minty Spire (QoL Compilation)","StSLib"],"gold_per_floor":[99,99,99,199,199,199,267,442,461,461,513,513,531,6,19,19,19,19],"floor_reached":16,"language":"ZHS","playtime":649,"items_purged":["Doubt"],"score":86,"play_id":"c7382be8-dd77-4e92-a1a7-fc517a4ab71e","local_time":"20210118135348","is_ascension_mode":false,"campfire_choices":[{"data":"champ:Execute","floor":1,"key":"SMITH"},{"data":"champ:DefensiveShout","floor":10,"key":"SMITH"}],"circlet_count":0,"master_deck":["champ:Strike","champ:Strike","champ:Strike","champ:Strike","champ:Defend","champ:Defend","champ:Defend","champ:Defend","champ:Execute+1","champ:Taunt","champ:FlashCut","champ:FaceSlap","champ:Circumvent","champ:DefensiveShout+1","champ:Lariat","champ:TripleStrike","champ:CheapShot"],"relics":["champ:ChampionCrown","downfall:HeartsMalice","Question Card","Smiling Mask","Boot","Medical Kit","Bag of Marbles"],"acts_visited":["Exordium"],"potions_floor_usage":[],"damage_taken":[{"damage":0,"enemies":"Cultist","floor":2,"turns":1},{"damage":0,"enemies":"Small Slimes","floor":5,"turns":1},{"damage":0,"enemies":"Jaw Worm","floor":6,"turns":1},{"damage":17,"enemies":"Blue Slaver","floor":9,"turns":5},{"damage":10,"enemies":"3 Louse","floor":13,"turns":2},{"damage":20,"enemies":"downfall:FleeingMerchant","floor":14,"turns":4},{"damage":16,"enemies":"Large Slime","floor":15,"turns":5},{"damage":75,"enemies":"SI_SHIV_ARCHETYPE","floor":16,"turns":7}],"seed_played":"-7373292407971221531","potions_obtained":[{"floor":13,"key":"Explosive Potion"},{"floor":15,"key":"champ:OpenerPotion"}],"is_trial":false,"path_per_floor":["R","M","?","?","M","M","T","?","M","R","T","?","M","$","M","B"],"character_chosen":"THE_CHAMP","items_purchased":["champ:TripleStrike","Medical Kit","Bag of Marbles"],"campfire_rested":0,"item_purchase_floors":[14,14,14],"current_hp_per_floor":[90,90,90,90,90,90,90,90,88,88,88,70,70,70,69,0,0,0],"gold":19,"neow_bonus":"THREE_ENEMY_KILL","is_daily":false,"chose_seed":false,"campfire_upgraded":2,"win_rate":0.0,"timestamp":1610949228,"path_taken":["R","M","?","?","?","M","T","?","M","R","?","?","M","$","M","BOSS"],"items_purchased_type":["Card","Relic","Relic"],"build_version":"2020-12-22","purchased_purges":1,"victory":false,"max_hp_per_floor":[90,90,90,90,90,90,90,90,90,90,90,90,90,90,90,90,90,90],"card_choices":[{"not_picked":["champ:Shatter","champ:DefensiveShout"],"picked":"champ:FlashCut","floor":2},{"not_picked":["champ:PerfectedStrike","champ:SetATrap"],"picked":"champ:FaceSlap","floor":5},{"not_picked":["champ:Haymaker","champ:Shatter"],"picked":"champ:Circumvent","floor":6},{"not_picked":["champ:PerfectedStrike","champ:PreciseThrust","champ:LastStand"],"picked":"champ:DefensiveShout","floor":9},{"not_picked":["champ:AdrenalArmor","champ:Backstep","champ:Shatter","champ:EndlessRage"],"picked":"SKIP","floor":13},{"not_picked":["champ:SetATrap","champ:EnGarde","champ:EndlessRage"],"picked":"champ:Lariat","floor":14},{"not_picked":["champ:FanOfKnives","champ:Shatter","champ:GutPunch"],"picked":"champ:CheapShot","floor":15}],"player_experience":977172,"relics_obtained":[{"floor":7,"key":"Question Card"},{"floor":11,"key":"Smiling Mask"}],"event_choices":[{"damage_healed":0,"gold_gain":0,"player_choice":"Success","damage_taken":18,"relics_obtained":["Boot"],"max_hp_gain":0,"max_hp_loss":0,"event_name":"Scrap Ooze","floor":12,"gold_loss":0}],"is_beta":false,"boss_relics":[],"items_purged_floors":[14],"is_endless":false,"potions_floor_spawned":[13,15],"killed_by":"SI_SHIV_ARCHETYPE","ascension_level":0}}