{"host":"yn8qackkbxgt4nh1","time":1610958704,"event":{"mods":["BaseMod","Colored Map","Colored Powertips","DeckTracker","Minty Spire (QoL Compilation)","SuperFastMode"],"gold_per_floor":[110,130,55,66,66,66,84,84,108,133,133,133,166,186,186,186,186],"floor_reached":16,"language":"KOR","playtime":542,"items_purged":[],"score":193,"play_id":"354b918f-afd8-4d1b-8a67-f4851ed8a26f","local_time":"20210118173144","is_ascension_mode":true,"campfire_choices":[{"data":"Crippling Poison","floor":6,"key":"SMITH"},{"data":"Dagger Throw","floor":11,"key":"SMITH"},{"data":"Neutralize","floor":15,"key":"SMITH"}],"circlet_count":0,"master_deck":["AscendersBane","Strike_G","Strike_G","Strike_G","Strike_G","Defend_G","Defend_G","Defend_G","Defend_G","Survivor","Neutralize+1","Crippling Poison+1","Dagger Throw+1","Reflex","Blade Dance","Heel Hook","Tools of the Trade"],"relics":["Ring of the Snake","PreservedInsect","Blood Vial","Happy Flower","Omamori"],"acts_visited":["Exordium"],"potions_floor_usage":[10,13],"damage_taken":[{"damage":8,"enemies":"Jaw Worm","floor":1,"turns":6},{"damage":0,"enemies":"Small Slimes","floor":2,"turns":3},{"damage":0,"enemies":"Cultist","floor":4,"turns":4},{"damage":3,"enemies":"Looter","floor":7,"turns":3},{"damage":5,"enemies":"Gremlin Nob","floor":10,"turns":3},{"damage":10,"enemies":"Lagavulin","floor":13,"turns":4},{"damage":10,"enemies":"Exordium Wildlife","floor":14,"turns":3},{"damage":27,"enemies":"Hexaghost","floor":16,"turns":14}],"seed_played":"7471019663333638474","potions_obtained":[{"floor":2,"key":"Strength Potion"},{"floor":4,"key":"Poison Potion"}],"is_trial":false,"path_per_floor":["M","M","?","M","?","R","M","?","T","E","R","T","E","M","R","B"],"character_chosen":"THE_SILENT","items_purchased":[],"campfire_rested":0,"item_purchase_floors":[],"current_hp_per_floor":[51,51,51,51,47,47,44,44,44,39,39,39,31,23,23,0,0],"gold":186,"neow_bonus":"REMOVE_CARD","is_daily":false,"chose_seed":false,"campfire_upgraded":3,"win_rate":0.0,"timestamp":1610958704,"path_taken":["M","M","?","M","?","R","?","?","T","E","R","?","E","M","R","BOSS"],"items_purchased_type":[],"build_version":"2020-12-22","purchased_purges":0,"victory":false,"max_hp_per_floor":[66,66,66,66,66,66,66,66,66,66,66,66,66,66,66,66,66],"card_choices":[{"not_picked":["Backflip","Sucker Punch"],"picked":"Crippling Poison","floor":1},{"not_picked":["PiercingWail","Terror"],"picked":"Dagger Throw","floor":2},{"not_picked":["Well Laid Plans","Underhanded Strike"],"picked":"Reflex","floor":4},{"not_picked":["PiercingWail","Dagger Spray"],"picked":"Blade Dance","floor":7},{"not_picked":["Predator","Outmaneuver"],"picked":"Heel Hook","floor":10},{"not_picked":["Outmaneuver","PiercingWail"],"picked":"Tools of the Trade","floor":13},{"not_picked":["Slice","Cloak And Dagger","Sucker Punch"],"picked":"SKIP","floor":14}],"player_experience":685826,"relics_obtained":[{"floor":9,"key":"PreservedInsect"},{"floor":10,"key":"Blood Vial"},{"floor":12,"key":"Happy Flower"},{"floor":13,"key":"Omamori"}],"event_choices":[{"cards_removed":["Strike_G"],"damage_healed":0,"gold_gain":0,"player_choice":"Card Removal","damage_taken":0,"max_hp_gain":0,"max_hp_loss":0,"event_name":"The Cleric","floor":3,"gold_loss":75},{"damage_healed":0,"gold_gain":0,"player_choice":"Bought 0 Potions","damage_taken":0,"max_hp_gain":0,"max_hp_loss":0,"event_name":"The Woman in Blue","floor":5,"gold_loss":0},{"damage_healed":0,"gold_gain":0,"player_choice":"Ignored","damage_taken":0,"max_hp_gain":0,"max_hp_loss":0,"event_name":"Liars Game","floor":8,"gold_loss":0}],"is_beta":false,"boss_relics":[],"items_purged_floors":[],"is_endless":false,"potions_floor_spawned":[2,4,7],"killed_by":"Hexaghost","ascension_level":15}}