{"host":"mlczotyo8j5fj6lt","time":1610971400,"event":{"mods":["AchievementEnabler","BaseMod","Better Third Choice","BetterRewards","Conspire","Fox Events","Good Game Mod","Googly Eyes","Minty Spire (QoL Compilation)","Quick Restart","Replay The Spire","StS++","StSLib"],"gold_per_floor":[113,125,140,240,252,287,300,326,326,54,54,71,89,69,69,166,166,180,13,13,0,0,17,36,36,36,36,36,46,46,64,64,64,64],"floor_reached":33,"language":"ENG","playtime":1498,"items_purged":["Strike_B"],"score":249,"play_id":"a471f38d-68b0-4578-82af-4b00b3ad9697","local_time":"20210118130320","is_ascension_mode":false,"campfire_choices":[{"data":"Capacitor","floor":15,"key":"SMITH"},{"floor":25,"key":"REST"},{"data":"Zap","floor":27,"key":"SMITH"},{"data":"Defragment","floor":30,"key":"SMITH"},{"floor":32,"key":"DIG"}],"circlet_count":0,"master_deck":["Strike_B","Defend_B","Defend_B","Defend_B","Defend_B","Zap+1","Dualcast","Go for the Eyes","Coolheaded","Go for the Eyes","ReplayTheSpireMod:Dual Polarity","Defragment","Spreading Infection","Capacitor+1","Leap","Thunder Strike","Barrage","Defragment+1","Redo+1","StSpp:TargetLocked","Rainbow","Steam","BootSequence"],"relics":["Cracked Core","REME:ComplimentaryCards","Blue Candle","PreservedInsect","Ornamental Fan","Membership Card","Ring of Shattering","Ring of Hypnosis","Nuclear Battery","Regal Pillow","Nilry\u0027s Codex","Replay:WaspNest","ReplayFunnel"],"acts_visited":["Exordium","TheCity"],"potions_floor_usage":[5,16,16,29,33],"damage_taken":[{"damage":0,"enemies":"conspire:RoseBush","floor":1,"turns":2},{"damage":0,"enemies":"Cultist","floor":2,"turns":3},{"damage":0,"enemies":"Jaw Worm","floor":3,"turns":4},{"damage":11,"enemies":"Large Slime","floor":5,"turns":5},{"damage":12,"enemies":"Lagavulin","floor":6,"turns":6},{"damage":0,"enemies":"2 Fungi Beasts","floor":7,"turns":4},{"damage":3,"enemies":"Exordium Thugs","floor":12,"turns":4},{"damage":0,"enemies":"Large Slime","floor":13,"turns":5},{"damage":18,"enemies":"Fading Forest","floor":16,"turns":11},{"damage":5,"enemies":"Spheric Guardian","floor":18,"turns":5},{"damage":8,"enemies":"Shell Parasite","floor":23,"turns":6},{"damage":11,"enemies":"Shelled Parasite and Fungi","floor":24,"turns":7},{"damage":9,"enemies":"conspire:HollyBat","floor":29,"turns":6},{"damage":35,"enemies":"Sentry and Sphere","floor":31,"turns":7},{"damage":27,"enemies":"Collector","floor":33,"turns":5}],"seed_played":"2826239730604811730","potions_obtained":[{"floor":3,"key":"Fruit Juice"},{"floor":5,"key":"Reflective Coating"},{"floor":7,"key":"Venom Potion"},{"floor":12,"key":"LiquidBronze"},{"floor":14,"key":"FearPotion"},{"floor":16,"key":"BlessingOfTheForge"},{"floor":29,"key":"FearPotion"},{"floor":31,"key":"LifebloodPotion"}],"is_trial":false,"path_per_floor":["M","M","M","?","M","E","M","T","T","$","?","M","M","?","R","B",null,"M","$","?","?","?","M","M","R","T","R","?","M","R","M","R","B"],"character_chosen":"DEFECT","items_purchased":["Defragment","Membership Card","Defragment","Regal Pillow","Flashbang"],"campfire_rested":1,"item_purchase_floors":[10,10,19,19,19],"current_hp_per_floor":[75,75,75,75,69,57,57,57,57,57,57,54,54,54,54,46,80,75,75,68,68,52,44,33,68,68,68,68,59,59,24,24,0,0],"gold":64,"neow_bonus":"REMOVE_CARD","is_daily":false,"chose_seed":false,"campfire_upgraded":3,"win_rate":0.0,"timestamp":1610971400,"path_taken":["M","M","M","?","M","E","?","?","T","$","?","M","M","?","R","BOSS","M","$","?","?","?","M","M","R","T","R","?","M","R","M","R","BOSS"],"items_purchased_type":["Card","Relic","Card","Relic","Potion"],"build_version":"2020-12-22","purchased_purges":1,"victory":false,"max_hp_per_floor":[75,75,75,75,80,80,80,80,80,80,80,80,80,80,80,80,80,80,80,68,68,68,68,68,68,68,68,68,68,68,68,68,68,68],"card_choices":[{"not_picked":["StSpp:Fierceness","Panic Button"],"picked":"Go for the Eyes","floor":1},{"not_picked":["Beam Cell","BootSequence"],"picked":"Coolheaded","floor":2},{"not_picked":["Stack","Compile Driver"],"picked":"Doom and Gloom","floor":3},{"not_picked":["Skim","Coolheaded","Streamline"],"picked":"SKIP","floor":5},{"not_picked":["Amplify","Glacier"],"picked":"Go for the Eyes","floor":6},{"not_picked":["BasicCrystalCard","Coolheaded"],"picked":"ReplayTheSpireMod:Dual Polarity","floor":7},{"not_picked":["Auto Shields","Cold Snap"],"picked":"Capacitor","floor":12},{"not_picked":["Recycle","ReplaySolidLightProjector"],"picked":"Leap","floor":13},{"not_picked":["Fission","All For One"],"picked":"Thunder Strike","floor":16},{"not_picked":["Go for the Eyes","Steam"],"picked":"Barrage","floor":18},{"not_picked":["Lockon","Heatsinks"],"picked":"Redo+1","floor":23},{"not_picked":["Mirror Shield","Rebound+1"],"picked":"StSpp:TargetLocked","floor":24},{"not_picked":["Melter","Cold Snap+1"],"picked":"BootSequence","floor":29},{"not_picked":["Stack","Ball Lightning","Turbo"],"picked":"SKIP","floor":31}],"player_experience":189917,"relics_obtained":[{"floor":6,"key":"Blue Candle"},{"floor":8,"key":"PreservedInsect"},{"floor":9,"key":"Ornamental Fan"},{"floor":11,"key":"Ring of Shattering"},{"floor":11,"key":"Ring of Hypnosis"},{"floor":22,"key":"Nilry\u0027s Codex"},{"floor":26,"key":"Replay:WaspNest"},{"floor":32,"key":"ReplayFunnel"}],"event_choices":[{"damage_healed":0,"gold_gain":100,"player_choice":"Pray","damage_taken":0,"max_hp_gain":0,"max_hp_loss":0,"event_name":"Golden Shrine","floor":4,"gold_loss":0},{"damage_healed":0,"gold_gain":0,"player_choice":"Bought 1 Potion","damage_taken":0,"max_hp_gain":0,"max_hp_loss":0,"event_name":"The Woman in Blue","floor":14,"gold_loss":0},{"damage_healed":0,"gold_gain":0,"player_choice":"Paid Fearfully","damage_taken":0,"max_hp_gain":0,"max_hp_loss":0,"event_name":"Masked Bandits","floor":21,"gold_loss":13},{"damage_healed":0,"gold_gain":0,"player_choice":"Obtained Book","damage_taken":16,"max_hp_gain":0,"max_hp_loss":0,"event_name":"Cursed Tome","floor":22,"gold_loss":0},{"damage_healed":0,"gold_gain":0,"cards_transformed":["Strike_B","Doom and Gloom"],"player_choice":"Became Test Subject","damage_taken":0,"max_hp_gain":0,"max_hp_loss":0,"event_name":"Drug Dealer","floor":28,"gold_loss":0,"cards_obtained":["Rainbow","Steam"]}],"is_beta":false,"boss_relics":[{"not_picked":["Philosopher\u0027s Stone","conspire:SlowCooker"],"picked":"Nuclear Battery"}],"items_purged_floors":[10],"is_endless":false,"potions_floor_spawned":[3,5,7,12,16,29,31],"killed_by":"Collector","ascension_level":0}}