{"host":"lpcxcvdszk9zyesf","time":1610988755,"event":{"mods":["BaseMod","Better Third Choice","BetterRewards","Good Game Mod","Minty Spire (QoL Compilation)","Rare Cards Sparkle","Relic Stats","Say the Spire","Spicy Shops","StSLib"],"gold_per_floor":[117,127,140,140,140,140,150,150,150,150,13,13,13,27,27,132,132,152,181,202,202,231,231,231,255,255,274,92,92,92,92],"floor_reached":30,"language":"ZHS","playtime":1568,"items_purged":["Strike_B"],"score":222,"play_id":"a48b02fa-ace7-4e2f-b652-18711f560bb7","local_time":"20210119005235","is_ascension_mode":false,"campfire_choices":[{"floor":6,"key":"REST"},{"floor":8,"key":"REST"},{"data":"Genetic Algorithm","floor":10,"key":"SMITH"},{"floor":15,"key":"DIG"},{"floor":23,"key":"REST"}],"circlet_count":0,"master_deck":["Strike_B","Strike_B","Defend_B","Defend_B","Defend_B","Defend_B","Zap","Dualcast","Glacier","Rip and Tear","Fusion","Beam Cell","Aggregate","Venomology","Genetic Algorithm+1","Loop+1","Trip","Echo Form","Consume+1","Chill","Buffer","Self Repair","Storm"],"relics":["Cracked Core","REME:ComplimentaryCards","Shovel","Mummified Hand","CeramicFish","Philosopher\u0027s Stone","Nilry\u0027s Codex","Art of War","Bronze Scales","PreservedInsect"],"acts_visited":["Exordium","TheCity"],"potions_floor_usage":[7,7,16,16,16,18,19,19,20,20,27,29],"damage_taken":[{"damage":0,"enemies":"Cultist","floor":1,"turns":4},{"damage":6,"enemies":"Jaw Worm","floor":2,"turns":3},{"damage":8,"enemies":"Small Slimes","floor":3,"turns":3},{"damage":12,"enemies":"Gremlin Gang","floor":7,"turns":5},{"damage":2,"enemies":"3 Louse","floor":14,"turns":3},{"damage":42,"enemies":"Hexaghost","floor":16,"turns":16},{"damage":2,"enemies":"Chosen","floor":18,"turns":8},{"damage":19,"enemies":"Spheric Guardian","floor":19,"turns":4},{"damage":7,"enemies":"Centurion and Healer","floor":20,"turns":13},{"damage":24,"enemies":"Snecko","floor":22,"turns":5},{"damage":18,"enemies":"Snake Plant","floor":27,"turns":5},{"damage":0,"enemies":"Chosen and Byrds","floor":29,"turns":1},{"damage":11,"enemies":"Sentry and Sphere","floor":30,"turns":2}],"seed_played":"-7767088307520413315","potions_obtained":[{"floor":1,"key":"Swift Potion"},{"floor":14,"key":"BlessingOfTheForge"},{"floor":16,"key":"ColorlessPotion"},{"floor":18,"key":"PotionOfCapacity"}],"is_trial":false,"path_per_floor":["M","M","M","?","?","R","M","R","T","R","$","?","$","M","R","B",null,"M","M","M","?","M","R","?","T","T","M","$","M","M"],"character_chosen":"DEFECT","items_purchased":["Rip and Tear","FTL","Loop","Trip","Storm","PreservedInsect"],"campfire_rested":3,"item_purchase_floors":[0,0,11,11,28,28],"current_hp_per_floor":[75,69,61,44,44,66,54,75,75,75,75,75,75,73,73,31,75,73,54,47,31,7,29,29,29,29,11,11,11,0,0],"gold":92,"neow_bonus":"","is_daily":false,"chose_seed":false,"campfire_upgraded":1,"win_rate":0.0,"timestamp":1610988755,"path_taken":["M","?","M","?","?","R","M","R","T","R","$","?","$","M","R","BOSS","M","M","?","?","M","R","?","?","T","M","?","M","?"],"items_purchased_type":["Card","Card","Card","Card","Card","Relic"],"build_version":"2020-12-22","purchased_purges":1,"victory":false,"max_hp_per_floor":[75,75,75,75,75,75,75,75,75,75,75,75,75,75,75,75,75,75,75,75,75,75,75,75,75,75,75,75,75,75,75],"relic_stats":{"Shovel":1,"counters":[29,155],"Mummified Hand":[25],"CeramicFish":54,"Bronze Scales":[21],"PreservedInsect":0,"Art of War":[2],"obtain_stats":[{"Nilry\u0027s Codex":21,"CeramicFish":15,"PreservedInsect":14,"Juzu Bracelet":9,"Incense Burner":13,"Question Card":4,"Akabeko":10,"Nuclear Battery":17,"Peace Pipe":20,"Shovel":4,"Ornamental Fan":9,"Mummified Hand":9,"MutagenicStrength":22,"betterThird:SlimedRelic":3,"Bronze Scales":26,"Philosopher\u0027s Stone":17,"Art of War":25,"Cracked Core":0,"StrikeDummy":12,"Toy Ornithopter":12,"Runic Pyramid":17},{"Nilry\u0027s Codex":25,"CeramicFish":21,"PreservedInsect":15,"Juzu Bracelet":13,"Incense Burner":14,"Question Card":12,"Akabeko":13,"Nuclear Battery":16,"Peace Pipe":8,"Shovel":19,"Ornamental Fan":3,"Mummified Hand":20,"MutagenicStrength":9,"betterThird:SlimedRelic":12,"Bronze Scales":26,"Philosopher\u0027s Stone":22,"Art of War":26,"Cracked Core":0,"StrikeDummy":4,"Toy Ornithopter":4,"Runic Pyramid":6},{"Nilry\u0027s Codex":142,"CeramicFish":101,"PreservedInsect":70,"Juzu Bracelet":53,"Incense Burner":57,"Question Card":49,"Akabeko":53,"Nuclear Battery":83,"Peace Pipe":32,"Shovel":93,"Ornamental Fan":11,"Mummified Hand":98,"MutagenicStrength":37,"betterThird:SlimedRelic":49,"Bronze Scales":147,"Philosopher\u0027s Stone":117,"Art of War":147,"Cracked Core":0,"StrikeDummy":13,"Toy Ornithopter":13,"Runic Pyramid":24}]},"card_choices":[{"not_picked":["Darkness","Hologram"],"picked":"Fusion","floor":1},{"not_picked":["Ball Lightning","Conserve Battery"],"picked":"Beam Cell","floor":2},{"not_picked":["Gash","Ball Lightning"],"picked":"Aggregate","floor":3},{"not_picked":["Undo","Go for the Eyes"],"picked":"Genetic Algorithm","floor":7},{"not_picked":["Gash","Go for the Eyes","Sweeping Beam"],"picked":"SKIP","floor":14},{"not_picked":["Buffer","Reboot"],"picked":"Echo Form","floor":16},{"not_picked":["Hologram","Compile Driver","Conserve Battery"],"picked":"SKIP","floor":18},{"not_picked":["FTL+1","Conserve Battery+1"],"picked":"Consume+1","floor":19},{"not_picked":["Recycle","Ball Lightning+1"],"picked":"Chill","floor":20},{"not_picked":["Rebound","Darkness+1"],"picked":"Buffer","floor":22},{"not_picked":["Genetic Algorithm","Darkness+1"],"picked":"Self Repair","floor":27}],"player_experience":306534,"relics_obtained":[{"floor":9,"key":"Mummified Hand"},{"floor":15,"key":"CeramicFish"},{"floor":21,"key":"Nilry\u0027s Codex"},{"floor":25,"key":"Art of War"},{"floor":26,"key":"Bronze Scales"}],"event_choices":[{"cards_removed":["Strike_B"],"damage_healed":0,"gold_gain":0,"player_choice":"Forget","damage_taken":0,"max_hp_gain":0,"max_hp_loss":0,"event_name":"Living Wall","floor":5,"gold_loss":0},{"damage_healed":0,"gold_gain":0,"player_choice":"Upgraded","damage_taken":0,"max_hp_gain":0,"max_hp_loss":0,"event_name":"Upgrade Shrine","floor":12,"gold_loss":0,"cards_upgraded":["Loop"]},{"damage_healed":0,"gold_gain":0,"player_choice":"Obtained Book","damage_taken":16,"max_hp_gain":0,"max_hp_loss":0,"event_name":"Cursed Tome","floor":21,"gold_loss":0},{"damage_healed":0,"gold_gain":0,"player_choice":"Ignored","damage_taken":0,"max_hp_gain":0,"max_hp_loss":0,"event_name":"Vampires","floor":24,"gold_loss":0}],"is_beta":false,"boss_relics":[{"not_picked":["Calling Bell","Runic Pyramid"],"picked":"Philosopher\u0027s Stone"}],"items_purged_floors":[0],"is_endless":false,"potions_floor_spawned":[1,14,16,18,27,29],"killed_by":"Sentry and Sphere","ascension_level":0}}