{"host":"04hh9gplt9wkfmr1","time":1610950046,"event":{"mods":["AchievementEnabler","BaseMod","Colored Map","KOR Keyword Fix","Minty Spire (QoL Compilation)","Rare Cards Sparkle","SuperFastMode"],"gold_per_floor":[118,128,128,128,203,203,216,216,216,242,123,150,167,177,177,277,277,277,277,277,277,127,127,127,127,127,127,127,127,127,127,127,127,127,127,127,127,127,127,127,127,127,127,127,127,127,127,127,127,127,127],"floor_reached":50,"language":"KOR","playtime":1441,"items_purged":["Writhe"],"score":704,"play_id":"66c3f2c1-5db5-426f-9329-86b2a853cffb","local_time":"20210118150726","is_ascension_mode":true,"campfire_choices":[{"data":"Blade Dance","floor":6.0,"key":"SMITH"},{"data":"Dagger Spray","floor":8.0,"key":"SMITH"},{"floor":15.0,"key":"REST"},{"floor":24.0,"key":"REST"},{"data":"Venomology","floor":27.0,"key":"SMITH"},{"data":"A Thousand Cuts","floor":29.0,"key":"SMITH"},{"data":"Accuracy","floor":32.0,"key":"SMITH"},{"data":"After Image","floor":40.0,"key":"SMITH"},{"data":"Infinite Blades","floor":42.0,"key":"SMITH"},{"data":"Blade Dance","floor":47.0,"key":"SMITH"},{"floor":49.0,"key":"REST"}],"circlet_count":0,"master_deck":["Strike_G","Strike_G","Strike_G","Strike_G","Defend_G","Defend_G","Defend_G","Defend_G","Defend_G","Survivor","Neutralize","Blade Dance+1","Dagger Spray+1","Blade Dance+1","Cloak And Dagger","Poisoned Stab+1","Venomology+1","A Thousand Cuts+1","Cloak And Dagger+1","Finisher+1","Backflip+1","Accuracy+1","Blade Dance+1","Infinite Blades+1","Cloak And Dagger","After Image+1","Blade Dance+1","Concentrate+1","Backflip+1","Finisher+1"],"relics":["Ring of the Snake","Molten Egg 2","InkBottle","Letter Opener","Ectoplasm","Blood Vial","Red Mask","Snake Skull","Nunchaku","Paper Crane","SacredBark","Omamori","Bronze Scales"],"acts_visited":["Exordium","TheCity","TheBeyond"],"potions_floor_usage":[50,50],"damage_taken":[{"damage":0.0,"enemies":"2 Louse","floor":1.0,"turns":3.0},{"damage":0.0,"enemies":"Small Slimes","floor":2.0,"turns":4.0},{"damage":0.0,"enemies":"Jaw Worm","floor":7.0,"turns":3.0},{"damage":37.0,"enemies":"Lagavulin","floor":10.0,"turns":8.0},{"damage":13.0,"enemies":"3 Sentries","floor":12.0,"turns":5.0},{"damage":12.0,"enemies":"Lots of Slimes","floor":13.0,"turns":2.0},{"damage":3.0,"enemies":"Blue Slaver","floor":14.0,"turns":3.0},{"damage":20.0,"enemies":"The Guardian","floor":16.0,"turns":14.0},{"damage":6.0,"enemies":"Shell Parasite","floor":18.0,"turns":3.0},{"damage":0.0,"enemies":"Chosen","floor":19.0,"turns":3.0},{"damage":0.0,"enemies":"Masked Bandits","floor":21.0,"turns":2.0},{"damage":40.0,"enemies":"Book of Stabbing","floor":23.0,"turns":6.0},{"damage":5.0,"enemies":"Slavers","floor":28.0,"turns":4.0},{"damage":11.0,"enemies":"Snake Plant","floor":31.0,"turns":4.0},{"damage":42.0,"enemies":"Champ","floor":33.0,"turns":8.0},{"damage":1.0,"enemies":"Orb Walker","floor":35.0,"turns":3.0},{"damage":0.0,"enemies":"3 Darklings","floor":37.0,"turns":3.0},{"damage":0.0,"enemies":"Reptomancer","floor":41.0,"turns":2.0},{"damage":38.0,"enemies":"Writhing Mass","floor":44.0,"turns":5.0},{"damage":0.0,"enemies":"Sphere and 2 Shapes","floor":45.0,"turns":2.0},{"damage":0.0,"enemies":"Jaw Worm Horde","floor":46.0,"turns":3.0},{"damage":9.0,"enemies":"Maw","floor":48.0,"turns":5.0},{"damage":74,"enemies":"Time Eater","floor":50,"turns":6}],"seed_played":"-2063124795409829166","potions_obtained":[{"floor":10.0,"key":"FairyPotion"},{"floor":16.0,"key":"Strength Potion"},{"floor":23.0,"key":"DistilledChaos"},{"floor":35.0,"key":"SkillPotion"},{"floor":37.0,"key":"Swift Potion"}],"is_trial":false,"path_per_floor":["M","M","?","?","?","R","M","R","T","E","$","E","M","M","R","B",null,"M","M","?","?","$","E","R","?","T","R","E","R","?","M","R","B",null,"M","?","M","$","?","R","E","R","T","M","M","M","R","M","R","B"],"character_chosen":"THE_SILENT","items_purchased":["Blade Dance","Cloak And Dagger","Poisoned Stab+1","Accuracy"],"campfire_rested":3,"item_purchase_floors":[11,11,11,22],"current_hp_per_floor":[77,77,82,75,67,67,67,67,67,30,30,17,5,2,26,6,63,57,57,57,59,59,21,45,45,45,45,42,42,42,33,33,19,66,67,67,69,69,69,69,71,71,71,35,37,39,39,32,56,0,0],"gold":127,"neow_bonus":"TEN_PERCENT_HP_BONUS","is_daily":false,"chose_seed":false,"campfire_upgraded":8,"win_rate":0.0,"timestamp":1610950046,"path_taken":["M","M","?","?","?","R","?","R","T","E","$","E","M","M","R","BOSS","M","M","?","?","$","E","R","?","T","R","E","R","?","M","R","BOSS","M","?","M","$","?","R","E","R","T","M","M","M","R","M","R","BOSS"],"items_purchased_type":["Card","Card","Card","Card"],"build_version":"2020-12-22","purchased_purges":1,"victory":false,"max_hp_per_floor":[77,77,82,82,82,82,82,82,82,82,82,82,82,82,82,82,82,82,82,82,82,82,82,82,82,82,82,82,82,82,82,82,82,82,82,82,82,82,82,82,82,82,82,82,82,82,82,82,82,82,82],"card_choices":[{"not_picked":["Dagger Throw","Bane"],"picked":"Blade Dance","floor":1.0},{"not_picked":["Deflect","Dash"],"picked":"Dagger Spray","floor":2.0},{"not_picked":["Sucker Punch","Bane","Blur"],"picked":"SKIP","floor":7.0},{"not_picked":["Crippling Poison","Expertise","Bane+1"],"picked":"SKIP","floor":10.0},{"not_picked":["Bouncing Flask","Endless Agony+1"],"picked":"Venomology","floor":12.0},{"not_picked":["Dagger Throw+1","Deflect"],"picked":"PiercingWail","floor":13.0},{"not_picked":["Crippling Poison","Outmaneuver","Dagger Throw+1"],"picked":"SKIP","floor":14.0},{"not_picked":["Grand Finale+1","Tools of the Trade"],"picked":"A Thousand Cuts","floor":16.0},{"not_picked":["Dodge and Roll","Accuracy"],"picked":"Cloak And Dagger+1","floor":18.0},{"not_picked":["Deflect+1","Bouncing Flask"],"picked":"Finisher+1","floor":19.0},{"not_picked":["Prepared","Skewer+1"],"picked":"Backflip+1","floor":21.0},{"not_picked":["Tactician+1","Deflect","Underhanded Strike+1"],"picked":"SKIP","floor":23.0},{"not_picked":["Sucker Punch+1","Quick Slash+1"],"picked":"Blade Dance+1","floor":28.0},{"not_picked":["Dash+1","Eviscerate+1"],"picked":"Cloak And Dagger","floor":31.0},{"not_picked":["Phantasmal Killer","Bullet Time"],"picked":"After Image","floor":33.0},{"not_picked":["Quick Slash+1","Dagger Spray+1"],"picked":"Blade Dance+1","floor":35.0},{"not_picked":["Catalyst+1","Expertise"],"picked":"Concentrate+1","floor":37.0},{"not_picked":["Sucker Punch+1","Concentrate"],"picked":"Backflip+1","floor":41.0},{"not_picked":["Deadly Poison+1","Blur","Endless Agony+1"],"picked":"SKIP","floor":44.0},{"not_picked":["Flying Knee+1","Caltrops+1","Bane+1"],"picked":"SKIP","floor":45.0},{"not_picked":["Calculated Gamble+1","Backflip"],"picked":"Finisher+1","floor":46.0},{"not_picked":["Dodge and Roll+1","Tactician","Underhanded Strike+1"],"picked":"SKIP","floor":48.0}],"player_experience":49148,"relics_obtained":[{"floor":9.0,"key":"Molten Egg 2"},{"floor":10.0,"key":"InkBottle"},{"floor":12.0,"key":"Letter Opener"},{"floor":21.0,"key":"Red Mask"},{"floor":23.0,"key":"Snake Skull"},{"floor":26.0,"key":"Nunchaku"},{"floor":28.0,"key":"Paper Crane"},{"floor":41.0,"key":"Omamori"},{"floor":43.0,"key":"Bronze Scales"}],"event_choices":[{"damage_healed":0.0,"max_hp_gain":5.0,"max_hp_loss":0.0,"gold_gain":0.0,"event_name":"Big Fish","player_choice":"Donut","floor":3.0,"gold_loss":0.0,"damage_taken":0.0},{"cards_removed":["Strike_G"],"damage_healed":0.0,"max_hp_gain":0.0,"max_hp_loss":0.0,"gold_gain":0.0,"event_name":"Golden Wing","player_choice":"Card Removal","floor":4.0,"gold_loss":0.0,"damage_taken":7.0},{"damage_healed":0.0,"max_hp_gain":0.0,"max_hp_loss":0.0,"gold_gain":75.0,"event_name":"FaceTrader","player_choice":"Touch","floor":5.0,"gold_loss":0.0,"damage_taken":8.0},{"damage_healed":0.0,"max_hp_gain":0.0,"max_hp_loss":0.0,"gold_gain":0.0,"event_name":"The Mausoleum","player_choice":"Opened","floor":20.0,"gold_loss":0.0,"damage_taken":0.0,"relics_obtained":["Blood Vial"],"cards_obtained":["Writhe"]},{"damage_healed":0.0,"max_hp_gain":0.0,"max_hp_loss":0.0,"gold_gain":0.0,"event_name":"Masked Bandits","player_choice":"Fought Bandits","floor":21.0,"gold_loss":0.0,"damage_taken":0.0},{"damage_healed":0.0,"max_hp_gain":0.0,"max_hp_loss":0.0,"gold_gain":0.0,"event_name":"Beggar","player_choice":"Ignored","floor":25.0,"gold_loss":0.0,"damage_taken":0.0},{"damage_healed":0.0,"max_hp_gain":0.0,"max_hp_loss":0.0,"gold_gain":0.0,"event_name":"The Library","player_choice":"Read","floor":30.0,"gold_loss":0.0,"damage_taken":0.0,"cards_obtained":["Infinite Blades"]},{"cards_removed":["PiercingWail"],"damage_healed":0.0,"max_hp_gain":0.0,"max_hp_loss":0.0,"gold_gain":0.0,"event_name":"Falling","player_choice":"Removed Skill","floor":36.0,"gold_loss":0.0,"damage_taken":0.0},{"damage_healed":0.0,"max_hp_gain":0.0,"max_hp_loss":0.0,"gold_gain":222.0,"event_name":"Tomb of Lord Red Mask","player_choice":"Wore Mask","floor":39.0,"gold_loss":0.0,"damage_taken":0.0}],"is_beta":false,"boss_relics":[{"not_picked":["Runic Pyramid","Sozu"],"picked":"Ectoplasm"},{"not_picked":["Velvet Choker","Fusion Hammer"],"picked":"SacredBark"}],"items_purged_floors":[22],"is_endless":false,"potions_floor_spawned":[10,14,16,23,31,35,37,48],"killed_by":"Time Eater","ascension_level":5}}