{"host":"50per11302020","time":1610999584,"event":{"mods":["AchievementEnabler","BaseMod","Colored Map","Minty Spire (QoL Compilation)","Relic Stats","StSLib"],"gold_per_floor":[363,183,183,223,24,24,52,52,52,8,8,61,1,40,40,140,140,204,204,204,218,218,218,218],"floor_reached":23,"language":"ENG","playtime":1471,"items_purged":["Strike_B"],"score":351,"play_id":"6fc8427f-0a95-413b-a9cd-3f16c3a32d1a","local_time":"20210118115304","is_ascension_mode":true,"campfire_choices":[{"data":"HandOfGreed","floor":6.0,"key":"SMITH"},{"data":"Defragment","floor":8.0,"key":"SMITH"},{"data":"Capacitor","floor":11.0,"key":"SMITH"},{"floor":15.0,"key":"REST"}],"circlet_count":0,"master_deck":["AscendersBane","Strike_B","Strike_B","Strike_B","Defend_B","Defend_B","Defend_B","Defend_B","Zap","Dualcast","HandOfGreed+1","Defragment+1","Capacitor+1","Echo Form","Self Repair","Ball Lightning","Doom and Gloom","Glacier","Machine Learning","Seek","Coolheaded","Cold Snap"],"relics":["Cracked Core","Membership Card","Dream Catcher","Regal Pillow","Gremlin Horn","Sozu","Molten Egg 2"],"acts_visited":["Exordium","TheCity"],"potions_floor_usage":[],"damage_taken":[{"damage":1.0,"enemies":"Jaw Worm","floor":1.0,"turns":4.0},{"damage":1.0,"enemies":"Cultist","floor":4.0,"turns":4.0},{"damage":16.0,"enemies":"Gremlin Nob","floor":7.0,"turns":3.0},{"damage":45.0,"enemies":"3 Sentries","floor":12.0,"turns":8.0},{"damage":6.0,"enemies":"2 Louse","floor":14.0,"turns":4.0},{"damage":34.0,"enemies":"The Guardian","floor":16.0,"turns":15.0},{"damage":50.0,"enemies":"3 Byrds","floor":18.0,"turns":9.0},{"damage":16.0,"enemies":"2 Thieves","floor":21.0,"turns":4.0},{"damage":24,"enemies":"Gremlin Leader","floor":23,"turns":5}],"seed_played":"-5580303715485289957","potions_obtained":[{"floor":1.0,"key":"ColorlessPotion"},{"floor":12.0,"key":"BlessingOfTheForge"}],"is_trial":false,"path_per_floor":["M","$","?","M","$","R","E","R","T","$","R","E","$","M","R","B",null,"M","?","$","M","T","E"],"character_chosen":"DEFECT","items_purchased":["HandOfGreed","Membership Card","Capacitor","Self Repair","Doom and Gloom"],"campfire_rested":1,"item_purchase_floors":[2,5,5,10,13],"current_hp_per_floor":[45,45,71,70,70,70,54,54,54,54,54,23,23,24,60,40,63,33,33,33,24,24,0,0],"gold":218,"neow_bonus":"TWO_FIFTY_GOLD","is_daily":false,"chose_seed":false,"campfire_upgraded":3,"win_rate":0.0,"timestamp":1610999584,"path_taken":["M","$","?","M","$","R","E","R","T","?","R","E","$","M","R","BOSS","M","?","$","M","?","E"],"items_purchased_type":["Card","Relic","Card","Card","Card"],"build_version":"2020-12-18","purchased_purges":1,"victory":false,"max_hp_per_floor":[71,71,71,71,71,71,71,71,71,71,71,71,71,71,71,71,71,71,71,71,71,71,71,71],"relic_stats":{"Sozu":1,"Dream Catcher":1,"Regal Pillow":15,"Gremlin Horn":[7,7],"counters":[9,56],"obtain_stats":[{"Sozu":17,"Dream Catcher":7,"Regal Pillow":9,"Gremlin Horn":12,"Molten Egg 2":22,"Membership Card":5,"Cracked Core":0},{"Sozu":6,"Dream Catcher":3,"Regal Pillow":3,"Gremlin Horn":4,"Molten Egg 2":8,"Membership Card":2,"Cracked Core":0},{"Sozu":38,"Dream Catcher":11,"Regal Pillow":11,"Gremlin Horn":19,"Molten Egg 2":51,"Membership Card":8,"Cracked Core":0}]},"card_choices":[{"not_picked":["Coolheaded","Stack"],"picked":"Storm","floor":1.0},{"not_picked":["Ball Lightning","Sunder"],"picked":"Defragment","floor":4.0},{"not_picked":["Scrape","Compile Driver"],"picked":"Echo Form","floor":7.0},{"not_picked":["Redo","Go for the Eyes"],"picked":"Ball Lightning","floor":12.0},{"not_picked":["Go for the Eyes","Cold Snap"],"picked":"Glacier","floor":14.0},{"not_picked":["Streamline","Blizzard"],"picked":"Machine Learning","floor":15.0},{"not_picked":["All For One","Multi-Cast"],"picked":"Seek","floor":16.0},{"not_picked":["Stack","Compile Driver"],"picked":"Coolheaded","floor":18.0},{"not_picked":["Aggregate","Chaos"],"picked":"Cold Snap","floor":21.0}],"player_experience":262274,"relics_obtained":[{"floor":7.0,"key":"Dream Catcher"},{"floor":9.0,"key":"Regal Pillow"},{"floor":12.0,"key":"Gremlin Horn"},{"floor":22.0,"key":"Molten Egg 2"}],"event_choices":[{"cards_removed":["Storm"],"damage_healed":26.0,"max_hp_gain":0.0,"max_hp_loss":0.0,"gold_gain":0.0,"event_name":"Bonfire Elementals","player_choice":"Offered Uncommon","floor":3.0,"gold_loss":0.0,"damage_taken":0.0},{"damage_healed":0.0,"max_hp_gain":0.0,"max_hp_loss":0.0,"gold_gain":0.0,"event_name":"Ghosts","player_choice":"Ignored","floor":19.0,"gold_loss":0.0,"damage_taken":0.0}],"is_beta":true,"boss_relics":[{"not_picked":["SacredBark","Cursed Key"],"picked":"Sozu"}],"items_purged_floors":[13],"is_endless":false,"potions_floor_spawned":[1,12,18],"killed_by":"Gremlin Leader","ascension_level":16}}