{"host":"jfbo3eu2ui08ej1u","time":1610936759,"event":{"mods":["2.2 Compatiblity","AchievementEnabler","Act Like it!","Aspiration","BaseMod","Better Altar","Better Match","Better Note","Better Sensory Stone","Better Skull","Better Third Choice","Block Reminder","Colored Map","Colored Powertips","Conspire","DeckTracker","Displayed Cursed Tome","Energized Spire","Fox Events","GifTheSpireLib","Hubris","Infinite Spire","Marked Mod","Minty Spire (QoL Compilation)","Pale of the Ancients","Quick Restart","Relic Filter","Reorder Act Four","Replay The Spire","Shop Mod","Spicy Shops","StSLib","Stuff the Spire","The Blue Laboratory","The Disciple","The Forsaken","The Hierophant","The Marked","Uncapped","Unceasing Turn Reminder","Wandering Minibosses"],"gold_per_floor":[112,33,45,34,19,19,34,34,34],"floor_reached":8,"language":"ENG","playtime":268,"items_purged":[],"score":95,"play_id":"8148de19-b754-4e32-8186-33626046eda0","local_time":"20210117212559","is_ascension_mode":true,"campfire_choices":[{"data":"StuffTheSpire:Synthwave","floor":6,"key":"SMITH"}],"circlet_count":0,"master_deck":["AscendersBane","Strike_B","Strike_B","Strike_B","Strike_B","Defend_B","Defend_B","Defend_B","Defend_B","Zap","Dualcast","Conserve Battery","Self Repair","StuffTheSpire:Synthwave+1","Loop","StuffTheSpire:Plugnplay","Hologram"],"relics":[],"acts_visited":[],"potions_floor_usage":[8,8],"damage_taken":[{"damage":1,"enemies":"Cultist","floor":1,"turns":4},{"damage":0,"enemies":"2 Louse","floor":3,"turns":2},{"damage":11,"enemies":"Small Slimes","floor":4,"turns":5},{"damage":37,"enemies":"3 Louse","floor":5,"turns":6},{"damage":33,"enemies":"Large Slime","floor":7,"turns":6},{"damage":10,"enemies":"3 Sentries","floor":8,"turns":2}],"seed_played":"5480923539685901144","potions_obtained":[{"floor":1,"key":"EssenceOfDarkness"},{"floor":4,"key":"Energy Potion"}],"is_trial":false,"path_per_floor":["M","$","M","M","M","R","M","E"],"character_chosen":"DEFECT","items_purchased":["Self Repair"],"campfire_rested":0,"item_purchase_floors":[2],"current_hp_per_floor":[70,70,70,66,36,36,10,0,0],"gold":34,"neow_bonus":"TEN_PERCENT_HP_BONUS","is_daily":false,"chose_seed":false,"campfire_upgraded":1,"win_rate":0.0,"timestamp":1610936759,"path_taken":["M","$","?","M","M","R","M","E"],"items_purchased_type":["Card"],"build_version":"2020-12-22","purchased_purges":0,"victory":false,"max_hp_per_floor":[78,78,78,78,78,78,78,78,78],"card_choices":[{"not_picked":["BasicCrystalCard","Reprogram"],"picked":"Conserve Battery","floor":1},{"not_picked":["ReplayTheSpireMod:Repulse","Loop"],"picked":"StuffTheSpire:Synthwave","floor":3},{"not_picked":["Barrage","ReplayTheSpireMod:Calculation Training"],"picked":"Loop","floor":4},{"not_picked":["Gash","Redo"],"picked":"StuffTheSpire:Plugnplay","floor":5},{"not_picked":["ReplayTheSpireMod:System Scan","Coolheaded"],"picked":"Hologram","floor":7}],"player_experience":1205367,"relics_obtained":[],"event_choices":[],"is_beta":false,"boss_relics":[],"items_purged_floors":[],"is_endless":false,"potions_floor_spawned":[1,4,7],"killed_by":"3 Sentries","ascension_level":18}}