{"host":"363c1o4m0ew2jbar","time":1610961477,"event":{"mods":["AchievementEnabler","BaseMod","Better Note","Downfall","Hubris","Minty Spire (QoL Compilation)","StSLib"],"gold_per_floor":[99,99,99,99,99,24,72,57,84,101,113,125,125,125,138,241,241,41,59,59,59,76,76,76,94,94,127,12,12,36,51,51,51,51],"floor_reached":33,"language":"ENG","playtime":1696,"items_purged":["bronze:Strike","bronze:Strike"],"score":288,"play_id":"90510e71-9b63-44e1-9c38-80c3c2a13bef","local_time":"20210117231757","is_ascension_mode":false,"campfire_choices":[{"floor":1.0,"key":"RECALL"},{"data":"bronze:SpaghettiCode","floor":18.0,"key":"SMITH"},{"data":"bronze:Flail","floor":23.0,"key":"SMITH"},{"floor":29.0,"key":"REST"}],"circlet_count":0,"master_deck":["bronze:Strike","bronze:Defend","bronze:Defend","bronze:Defend","bronze:Defend","bronze:Replicate","bronze:Goto","bronze:Safeguard","bronze:Flail+1","bronze:WhirlingStrike","bronze:Fortify","bronze:Repulsor","bronze:OilSpill","bronze:Spike","bronze:Explode","bronze:Format","bronze:SpaghettiCode+1","bronze:Repair","bronze:MaxOutput+1","bronze:AlphaBuild"],"relics":["bronze:BronzeCore","downfall:HeartsMalice","bronze:BottledCode","bronze:ProtectiveGoggles","Orichalcum","downfall:HeartBlessingRed","downfall:HeartBlessingBlue","hubris:Teleporter","Bottled Lightning","Omamori"],"acts_visited":["Exordium","TheCity"],"potions_floor_usage":[33],"damage_taken":[{"damage":0.0,"enemies":"Cultist","floor":2.0,"turns":1.0},{"damage":0.0,"enemies":"2 Louse","floor":3.0,"turns":1.0},{"damage":0.0,"enemies":"downfall:FleeingMerchant","floor":6.0,"turns":1.0},{"damage":0.0,"enemies":"downfall:FleeingMerchant","floor":8.0,"turns":4.0},{"damage":7.0,"enemies":"3 Sentries","floor":9.0,"turns":6.0},{"damage":2.0,"enemies":"Jaw Worm","floor":10.0,"turns":3.0},{"damage":7.0,"enemies":"2 Fungi Beasts","floor":11.0,"turns":4.0},{"damage":7.0,"enemies":"Exordium Wildlife","floor":12.0,"turns":3.0},{"damage":7.0,"enemies":"Exordium Wildlife","floor":13.0,"turns":2.0},{"damage":4.0,"enemies":"Exordium Thugs","floor":15.0,"turns":3.0},{"damage":9.0,"enemies":"IC_STATUS_ARCHETYPE","floor":16.0,"turns":9.0},{"damage":15.0,"enemies":"Spheric Guardian","floor":19.0,"turns":4.0},{"damage":18.0,"enemies":"Shell Parasite","floor":22.0,"turns":7.0},{"damage":8.0,"enemies":"Chosen and Byrds","floor":25.0,"turns":5.0},{"damage":0.0,"enemies":"Slavers","floor":27.0,"turns":2.0},{"damage":5.0,"enemies":"downfall:FleeingMerchant","floor":28.0,"turns":4.0},{"damage":17.0,"enemies":"Centurion and Healer","floor":31.0,"turns":12.0},{"damage":0.0,"enemies":"Shelled Parasite and Fungi","floor":32.0,"turns":1.0},{"damage":85,"enemies":"SI_MIRROR_ARCHETYPE","floor":33,"turns":12}],"seed_played":"-9144385472612196992","potions_obtained":[{"floor":10.0,"key":"sneckomod:MuddlingPotion"},{"floor":11.0,"key":"Fire Potion"},{"floor":13.0,"key":"SneckoOil"},{"floor":15.0,"key":"LiquidBronze"},{"floor":22.0,"key":"PowerPotion"},{"floor":26.0,"key":"DuplicationPotion"},{"floor":26.0,"key":"FairyPotion"},{"floor":31.0,"key":"SmokeBomb"}],"is_trial":false,"path_per_floor":["R","M","M","T","?","$","T","$","E","M","M","M","?","?","M","B",null,"R","M","?","?","M","R","T","M","?","E","$","R","T","M","M","B"],"character_chosen":"THE_AUTOMATON","items_purchased":[],"campfire_rested":1,"item_purchase_floors":[],"current_hp_per_floor":[70,70,70,70,60,60,60,60,53,51,44,37,30,30,26,17,60,70,55,55,55,44,44,44,36,36,36,38,59,59,49,49,0,0],"gold":51,"neow_bonus":"THREE_ENEMY_KILL","is_daily":false,"chose_seed":false,"campfire_upgraded":2,"win_rate":0.0,"timestamp":1610961477,"path_taken":["R","M","M","?","?","$","T","?","E","M","M","?","?","?","M","BOSS","R","M","?","?","?","R","T","M","?","E","?","R","?","?","M","BOSS"],"items_purchased_type":[],"build_version":"2020-12-22","purchased_purges":2,"victory":false,"max_hp_per_floor":[70,70,70,70,60,60,60,60,60,60,60,60,60,60,60,60,60,70,70,70,70,70,70,70,70,70,70,70,70,70,70,70,70,70],"card_choices":[{"not_picked":["bronze:DelayedSlice","bronze:BugBarrage"],"picked":"bronze:Safeguard","floor":2.0},{"not_picked":["bronze:Turbo","bronze:Invalidate"],"picked":"bronze:Flail","floor":3.0},{"not_picked":["bronze:Return","bronze:CutThrough"],"picked":"bronze:WhirlingStrike","floor":6.0},{"not_picked":["bronze:BitShift","bronze:ItsAFeature"],"picked":"bronze:Fortify","floor":8.0},{"not_picked":["bronze:Repair","bronze:BugBarrage"],"picked":"bronze:Repulsor","floor":9.0},{"not_picked":["bronze:Shield","bronze:Invalidate"],"picked":"bronze:OilSpill","floor":10.0},{"not_picked":["bronze:CloningBeam","bronze:Deprecate","bronze:WildBeam"],"picked":"SKIP","floor":11.0},{"not_picked":["bronze:DelayedGuard","bronze:Invalidate","bronze:Shield"],"picked":"SKIP","floor":12.0},{"not_picked":[],"picked":"bronze:Spike","floor":13.0},{"not_picked":[],"picked":"bronze:Explode","floor":13.0},{"not_picked":["bronze:Overload","bronze:BuggyMess"],"picked":"bronze:Format","floor":15.0},{"not_picked":["bronze:HyperBeam","bronze:Virus"],"picked":"bronze:SpaghettiCode","floor":16.0},{"not_picked":["bronze:Deprecate","bronze:DigitalCarnage","bronze:OilSpill"],"picked":"SKIP","floor":19.0},{"not_picked":["bronze:ClassDefault","bronze:Turbo"],"picked":"bronze:MaxOutput+1","floor":22.0},{"not_picked":["bronze:Invalidate","bronze:Frontload","bronze:BronzeArmor"],"picked":"SKIP","floor":25.0},{"not_picked":["bronze:Shield+1","bronze:Iterate+1","bronze:Invalidate"],"picked":"SKIP","floor":27.0},{"not_picked":["bronze:WildBeam+1","bronze:HyperBeam"],"picked":"bronze:AlphaBuild","floor":28.0},{"not_picked":["bronze:BuggyMess","bronze:CutThrough","bronze:BronzeArmor"],"picked":"SKIP","floor":31.0}],"player_experience":1205533,"relics_obtained":[{"floor":7.0,"key":"bronze:ProtectiveGoggles"},{"floor":9.0,"key":"Orichalcum"},{"floor":24.0,"key":"hubris:Teleporter"},{"floor":27.0,"key":"Bottled Lightning"},{"floor":30.0,"key":"Omamori"}],"event_choices":[{"cards_removed":["bronze:Strike"],"damage_healed":0.0,"max_hp_gain":0.0,"max_hp_loss":0.0,"gold_gain":0.0,"event_name":"betterNote:BetterNote","player_choice":"Give","floor":20.0,"gold_loss":0.0,"damage_taken":0.0,"cards_obtained":["Guardian:Strike_Guardian"]},{"damage_healed":0.0,"max_hp_gain":0.0,"max_hp_loss":0.0,"gold_gain":0.0,"event_name":"Lab","player_choice":"Got Potions","floor":26.0,"gold_loss":0.0,"damage_taken":0.0}],"is_beta":false,"boss_relics":[{"not_picked":["Runic Pyramid","Pandora\u0027s Box","Coffee Dripper"]}],"items_purged_floors":[6,28],"is_endless":false,"potions_floor_spawned":[10,11,13,15,22,31,32],"killed_by":"SI_MIRROR_ARCHETYPE","ascension_level":0}}