{"host":"f5mjulaw5aqlqmd7","time":1610948494,"event":{"mods":["Act Like it!","BaseMod","Colored Map","GifTheSpireLib","Hallownest","Minty Spire (QoL Compilation)","StSLib"],"gold_per_floor":[118,134,30,42,42,68,68,94,94,94,109,121,152,163,163,268,268,288,228,228,239,239,270,0,0,0],"floor_reached":25,"language":"ENG","playtime":2178,"items_purged":[],"score":241,"play_id":"a1f033d1-4ea7-4767-9ad4-aece1a14babb","local_time":"20210118004134","is_ascension_mode":false,"campfire_choices":[{"floor":7,"key":"REST"},{"floor":10,"key":"REST"},{"floor":15,"key":"REST"}],"circlet_count":0,"master_deck":["Strike_G+1","Strike_G+1","Strike_G+1","Strike_G+1","Defend_G+1","Defend_G+1","Defend_G+1","Defend_G+1","Survivor","Neutralize","Reflex","Deadly Poison","Deflect","Noxious Fumes","PiercingWail","Noxious Fumes","Deflect","Backflip","Dagger Spray","Poisoned Stab","Bane","Catalyst","After Image","Blur","Deadly Poison+1","Phantasmal Killer","Outmaneuver"],"relics":["Ring of the Snake","Pear","Tough Bandages","Ginger","PreservedInsect","Fusion Hammer","Potion Belt"],"acts_visited":["Exordium","TheCity"],"potions_floor_usage":[19,19],"damage_taken":[{"damage":0,"enemies":"Jaw Worm","floor":1,"turns":4},{"damage":1,"enemies":"Cultist","floor":2,"turns":3},{"damage":3,"enemies":"Small Slimes","floor":4,"turns":4},{"damage":32,"enemies":"Lagavulin","floor":6,"turns":7},{"damage":20,"enemies":"3 Sentries","floor":8,"turns":6},{"damage":0,"enemies":"3 Louse","floor":11,"turns":3},{"damage":8,"enemies":"Red Slaver","floor":12,"turns":4},{"damage":28,"enemies":"Gremlin Nob","floor":13,"turns":5},{"damage":0,"enemies":"Exordium Thugs","floor":14,"turns":4},{"damage":31,"enemies":"Slime Boss","floor":16,"turns":8},{"damage":22,"enemies":"Shell Parasite","floor":18,"turns":6},{"damage":7,"enemies":"2 Thieves","floor":19,"turns":4},{"damage":11,"enemies":"Sentry and Sphere","floor":21,"turns":7},{"damage":37,"enemies":"Slavers","floor":23,"turns":6},{"damage":5,"enemies":"Cultist and Chosen","floor":25,"turns":1}],"seed_played":"5422056118851211319","potions_obtained":[{"floor":4,"key":"AttackPotion"},{"floor":6,"key":"ColorlessPotion"},{"floor":8,"key":"CunningPotion"},{"floor":11,"key":"EssenceOfSteel"},{"floor":14,"key":"ColorlessPotion"},{"floor":21,"key":"Poison Potion"}],"is_trial":false,"path_per_floor":["M","M","$","M","?","E","R","E","T","R","M","M","E","M","R","B",null,"M","M","?","M","?","E","?","M"],"character_chosen":"THE_SILENT","items_purchased":["Noxious Fumes","PiercingWail"],"campfire_rested":3,"item_purchase_floors":[3,3],"current_hp_per_floor":[70,69,69,66,66,44,68,48,48,72,72,64,36,36,60,29,80,58,51,51,40,40,3,3,0,0],"gold":0,"neow_bonus":"TRANSFORM_CARD","is_daily":false,"chose_seed":false,"campfire_upgraded":0,"win_rate":0.0,"timestamp":1610948494,"path_taken":["M","M","$","M","?","E","R","E","T","R","M","M","E","?","R","BOSS","M","M","?","M","?","E","?","M"],"items_purchased_type":["Card","Card"],"build_version":"2020-12-22","purchased_purges":0,"victory":false,"max_hp_per_floor":[70,70,70,70,70,80,80,80,80,80,80,80,80,80,80,80,80,80,80,80,80,80,80,80,80,80],"card_choices":[{"not_picked":["Prepared","Backflip"],"picked":"Deadly Poison","floor":1},{"not_picked":["Predator","Outmaneuver"],"picked":"Deflect","floor":2},{"not_picked":["Choke","Reflex"],"picked":"Noxious Fumes","floor":4},{"not_picked":["Flying Knee","Wraith Form v2"],"picked":"Deflect","floor":6},{"not_picked":["Riddle With Holes","Slice"],"picked":"Backflip","floor":8},{"not_picked":["Sucker Punch","Prepared"],"picked":"Dagger Spray","floor":11},{"not_picked":["Eviscerate","Bane"],"picked":"Poisoned Stab","floor":12},{"not_picked":["Deflect","Backflip"],"picked":"Bane","floor":13},{"not_picked":["Predator","Blade Dance"],"picked":"Catalyst","floor":14},{"not_picked":["Malaise","Doppelganger"],"picked":"After Image","floor":16},{"not_picked":["Prepared","Underhanded Strike"],"picked":"Blur","floor":18},{"not_picked":["Blade Dance","Quick Slash"],"picked":"Deadly Poison+1","floor":19},{"not_picked":["Riddle With Holes","Sucker Punch"],"picked":"Phantasmal Killer","floor":21},{"not_picked":["Masterful Stab+1","Tactician+1"],"picked":"Outmaneuver","floor":23}],"player_experience":13551,"relics_obtained":[{"floor":6,"key":"Pear"},{"floor":8,"key":"Tough Bandages"},{"floor":9,"key":"Ginger"},{"floor":13,"key":"PreservedInsect"},{"floor":23,"key":"Potion Belt"}],"event_choices":[{"cards_removed":["Strike_G"],"damage_healed":0,"gold_gain":0,"player_choice":"Offered Basic","damage_taken":0,"max_hp_gain":0,"max_hp_loss":0,"event_name":"Bonfire Elementals","floor":5,"gold_loss":0},{"damage_healed":0,"gold_gain":0,"player_choice":"Simplicity","damage_taken":0,"max_hp_gain":0,"max_hp_loss":0,"event_name":"Back to Basics","floor":20,"gold_loss":0,"cards_upgraded":["Strike_G","Strike_G","Strike_G","Strike_G","Defend_G","Defend_G","Defend_G","Defend_G"]},{"damage_healed":0,"gold_gain":0,"player_choice":"Ignored","damage_taken":0,"max_hp_gain":0,"max_hp_loss":0,"event_name":"Ghosts","floor":22,"gold_loss":0},{"damage_healed":0,"gold_gain":0,"player_choice":"Paid Fearfully","damage_taken":0,"max_hp_gain":0,"max_hp_loss":0,"event_name":"Masked Bandits","floor":24,"gold_loss":270}],"is_beta":false,"boss_relics":[{"not_picked":["Velvet Choker","Philosopher\u0027s Stone"],"picked":"Fusion Hammer"}],"items_purged_floors":[],"is_endless":false,"potions_floor_spawned":[4,6,8,11,14,18,21],"killed_by":"Cultist and Chosen","ascension_level":0}}