{"host":"cv77zuuuekizn3ic","time":1610956595,"event":{"mods":["AchievementEnabler","BaseMod","Downfall","Marisa£®ÏF”Í°°ƒß¿Ì…≥£©","Minty Spire (QoL Compilation)","StSLib"],"gold_per_floor":[99,109,109,129,146,161,161,190,90,110,10,10,10,0,13,113,113,113,132,147,147,147,167,167,167,65,65,97,117,117,131,150,150,150],"floor_reached":33,"language":"ZHS","playtime":1865,"items_purged":[],"score":269,"play_id":"e7f4ed87-e920-46d8-8d20-75cdbbe66aed","local_time":"20210118155635","is_ascension_mode":false,"campfire_choices":[{"data":"bronze:Goto","floor":1.0,"key":"SMITH"},{"floor":9.0,"key":"RECALL"},{"data":"bronze:Deprecate","floor":11.0,"key":"SMITH"},{"data":"bronze:FollowUp","floor":18.0,"key":"SMITH"},{"data":"Impatience","floor":27,"key":"SMITH"},{"data":"bronze:AlphaBuild","floor":30,"key":"SMITH"}],"circlet_count":0,"master_deck":["bronze:Strike","bronze:Strike","bronze:Strike","bronze:Strike","bronze:Defend","bronze:Defend","bronze:Defend","bronze:Defend","bronze:Replicate+1","bronze:Goto+1","bronze:FollowUp+1","bronze:Deprecate+1","bronze:Turbo","bronze:FineTuning","bronze:Invalidate+1","bronze:Virus","bronze:Mutator+1","bronze:BuggyMess+1","Impatience+1","bronze:FineTuning+1","bronze:AlphaBuild+1"],"relics":["Runic Pyramid","Frozen Egg 2","bronze:ProtectiveGoggles","downfall:HeartBlessingGreen","downfall:HeartBlessingRed","Toy Ornithopter","Black Star","bronze:BottledCode","Matryoshka","Unceasing Top","Pen Nib"],"acts_visited":["Exordium","TheCity"],"potions_floor_usage":[32,32,33],"damage_taken":[{"damage":7.0,"enemies":"Small Slimes","floor":2.0,"turns":3.0},{"damage":0.0,"enemies":"Cultist","floor":4.0,"turns":3.0},{"damage":0.0,"enemies":"2 Louse","floor":5.0,"turns":3.0},{"damage":3.0,"enemies":"2 Fungi Beasts","floor":6.0,"turns":4.0},{"damage":5.0,"enemies":"3 Sentries","floor":8.0,"turns":9.0},{"damage":0.0,"enemies":"3 Louse","floor":10.0,"turns":3.0},{"damage":0.0,"enemies":"downfall:FleeingMerchant","floor":14.0,"turns":4.0},{"damage":10.0,"enemies":"Gremlin Gang","floor":15.0,"turns":5.0},{"damage":18.0,"enemies":"DF_ARCHETYPE_STREAMLINE","floor":16.0,"turns":8.0},{"damage":16.0,"enemies":"Spheric Guardian","floor":19.0,"turns":4.0},{"damage":0.0,"enemies":"Snecko","floor":20.0,"turns":5.0},{"damage":0,"enemies":"Centurion and Healer","floor":23,"turns":4},{"damage":4,"enemies":"downfall:FleeingMerchant","floor":26,"turns":4},{"damage":12,"enemies":"Gremlin Leader","floor":28,"turns":4},{"damage":13,"enemies":"Sentry and Sphere","floor":29,"turns":5},{"damage":0,"enemies":"Snecko","floor":31,"turns":3},{"damage":6,"enemies":"Centurion and Healer","floor":32,"turns":5},{"damage":26,"enemies":"IC_MUSHROOM_ARCHETYPE","floor":33,"turns":4}],"seed_played":"1355568355849011222","potions_obtained":[{"floor":2.0,"key":"Ancient Potion"},{"floor":3.0,"key":"AttackPotion"},{"floor":3.0,"key":"PowerPotion"},{"floor":3.0,"key":"Guardian:BlockOnCardUsePotion"},{"floor":15.0,"key":"Swift Potion"},{"floor":20.0,"key":"bronze:BurnAndBuffPotion"},{"floor":28,"key":"SpeedPotion"},{"floor":31,"key":"Slimebound:ThreeZeroPotion"}],"is_trial":false,"path_per_floor":["R","M","?","M","M","M","T","E","R","M","R","?","?","$","M","B",null,"R","M","M","?","?","M","T","?","$","R","E","M","R","M","M","B"],"character_chosen":"THE_AUTOMATON","items_purchased":["Impatience"],"campfire_rested":0,"item_purchase_floors":[26],"current_hp_per_floor":[70,63,63,63,63,60,60,55,55,55,55,55,43,43,33,15,70,70,54,54,54,44,44,44,44,40,40,28,15,15,15,19,0,0],"gold":150,"neow_bonus":"BOSS_RELIC","is_daily":false,"chose_seed":false,"campfire_upgraded":5,"win_rate":0.0,"timestamp":1610956595,"path_taken":["R","M","?","?","?","M","T","E","R","M","R","?","?","$","M","BOSS","R","M","M","?","?","M","T","?","$","R","E","M","R","M","M","BOSS"],"items_purchased_type":["Card"],"build_version":"2020-12-22","purchased_purges":0,"victory":false,"max_hp_per_floor":[70,70,70,70,70,70,70,70,70,70,70,70,70,70,70,70,70,70,70,70,60,65,65,65,65,65,65,65,65,65,65,65,65,65],"card_choices":[{"not_picked":["bronze:Boost","bronze:Iterate"],"picked":"bronze:FollowUp","floor":2.0},{"not_picked":["bronze:OilSpill","bronze:Boost"],"picked":"bronze:Deprecate","floor":4.0},{"not_picked":["bronze:Allocate","bronze:Boost","bronze:ItsAFeature"],"picked":"SKIP","floor":5.0},{"not_picked":["bronze:BuggyMess","bronze:Shield"],"picked":"bronze:Turbo","floor":6.0},{"not_picked":["bronze:CleanCode+1","bronze:DelayedSlice"],"picked":"bronze:FineTuning","floor":8.0},{"not_picked":["bronze:WildBeam","bronze:Separator"],"picked":"bronze:Invalidate","floor":10.0},{"not_picked":["bronze:DelayedSlice","bronze:ChildClass","bronze:BugBarrage"],"picked":"SKIP","floor":14.0},{"not_picked":["bronze:DelayedGuard","bronze:FineTuning"],"picked":"bronze:Virus","floor":15.0},{"not_picked":["bronze:Virus","bronze:Verify+1"],"picked":"bronze:Mutator+1","floor":16.0},{"not_picked":["bronze:WhirlingStrike","bronze:BitShift","bronze:Safeguard"],"picked":"SKIP","floor":19.0},{"not_picked":["bronze:BronzeOrb","bronze:Turbo","bronze:DelayedSlice+1"],"picked":"SKIP","floor":20.0},{"not_picked":["bronze:BuggyMess","bronze:WhirlingStrike","bronze:BugBarrage"],"picked":"SKIP","floor":23},{"not_picked":["bronze:WhirlingStrike","bronze:BugBarrage"],"picked":"bronze:BuggyMess","floor":23},{"not_picked":["bronze:CutThrough","bronze:Overload","bronze:CloningBeam"],"picked":"SKIP","floor":26},{"not_picked":["bronze:DelayedGuard","bronze:BugBarrage"],"picked":"bronze:FineTuning+1","floor":28},{"not_picked":["bronze:Backtrace+1","bronze:FineTuning"],"picked":"bronze:AlphaBuild","floor":29},{"not_picked":["bronze:Invalidate","bronze:Backtrace+1","bronze:Shield"],"picked":"SKIP","floor":31},{"not_picked":["bronze:Turbo","bronze:Separator","bronze:ForLoop"],"picked":"SKIP","floor":32}],"player_experience":982271,"relics_obtained":[{"floor":7.0,"key":"Frozen Egg 2"},{"floor":8.0,"key":"bronze:ProtectiveGoggles"},{"floor":24,"key":"Matryoshka"},{"floor":28,"key":"Unceasing Top"},{"floor":28,"key":"Pen Nib"}],"event_choices":[{"damage_healed":0.0,"max_hp_gain":0.0,"max_hp_loss":0.0,"gold_gain":0.0,"event_name":"Lab","player_choice":"Got Potions","floor":3.0,"gold_loss":0.0,"damage_taken":0.0},{"damage_healed":0.0,"max_hp_gain":0.0,"max_hp_loss":0.0,"gold_gain":0.0,"event_name":"Scrap Ooze","player_choice":"Success","floor":13.0,"gold_loss":0.0,"damage_taken":12.0,"relics_obtained":["Toy Ornithopter"]}],"is_beta":false,"boss_relics":[{"not_picked":["Velvet Choker","Cursed Key"],"picked":"Black Star"}],"items_purged_floors":[],"is_endless":false,"potions_floor_spawned":[2,15,20,28,31],"killed_by":"IC_MUSHROOM_ARCHETYPE","ascension_level":0}}