{"host":"dv93mabv568wiefh","time":1610948137,"event":{"mods":["BaseMod","Hermit","Hubris","Infinite Spire","Marisa????????","Minty Spire (QoL Compilation)","Replay The Spire","StSLib","The Construct"],"gold_per_floor":[119,134,213,229,229,229,257,257,257,19,19,19,36,36,36,136,136,154,429,429,415,432,467,467,485,510,561,572,187,187,286,286,390,390,408,408,408,420,440,440,451,451,521,534,58,58,70,70,70,70],"floor_reached":51,"language":"ENG","playtime":4092,"items_purged":["Defend_G","Regret","Voices","Strike_G","Writhe"],"score":1031,"play_id":"79483646-63b4-4a9e-8037-5245bc7bc641","local_time":"20210118003537","is_ascension_mode":true,"campfire_choices":[{"floor":6.0,"key":"REST"},{"floor":8.0,"key":"REST"},{"data":"infinitespire:Oblivion","floor":11.0,"key":"SMITH"},{"floor":15.0,"key":"REST"},{"floor":24.0,"key":"REST"},{"data":"Replay:Bag of Tricks","floor":30.0,"key":"SMITH"},{"floor":32.0,"key":"REST"},{"data":"After Image","floor":40,"key":"SMITH"},{"data":"infinitespire:TheBestDefense","floor":42,"key":"SMITH"},{"data":"Well Laid Plans","floor":49,"key":"SMITH"}],"circlet_count":0,"master_deck":["Strike_G","Strike_G","Strike_G","Strike_G","Defend_G","Defend_G+1","Defend_G","Defend_G","Survivor","Neutralize","Cloak And Dagger","Toxin Wave","Toxin Wave","Accuracy+1","Backflip","Quick Slash","infinitespire:Oblivion+1","Pot Of Greed+1","Pot Of Greed+1","After Image+1","Infinite Blades","Backflip+1","Prepared","Prepared","Pot Of Greed","Escape Plan","Adrenaline","Well Laid Plans+1","infinitespire:TheBestDefense+1","Backflip+1","Cloak And Dagger","Footwork+1","Infinite Blades","Replay:Bag of Tricks+1","Pot Of Greed","Venomology","infinitespire:Fortify","ReplayTheSpireMod:Speed Training","Infinite Blades"],"relics":["Ring of the Snake","NeowsBlessing","Grinning Jar","Singing Bowl","Replay:Wax Seal","Replay:Bronze Core","hubris:OldNail","Cursed Key","Anchor","War Paint","hubris:TenFootPole","Busted Crown","Omamori","Lee\u0027s Waffle","Quantum Egg","infinitespire:Joker Card"],"acts_visited":["Exordium","TheCity","TheBeyond"],"potions_floor_usage":[35,38,41,41,44,50,50,50],"damage_taken":[{"damage":0.0,"enemies":"Jaw Worm","floor":1.0,"turns":1.0},{"damage":0.0,"enemies":"Small Slimes","floor":2.0,"turns":1.0},{"damage":0.0,"enemies":"2 Louse","floor":4.0,"turns":1.0},{"damage":23.0,"enemies":"3 Sentries","floor":7.0,"turns":7.0},{"damage":0.0,"enemies":"Blue Slaver","floor":13.0,"turns":3.0},{"damage":0.0,"enemies":"Fading Forest","floor":16.0,"turns":11.0},{"damage":10.0,"enemies":"3 Byrds","floor":18.0,"turns":4.0},{"damage":10.0,"enemies":"2 Thieves","floor":21.0,"turns":4.0},{"damage":9.0,"enemies":"Centurion and Healer","floor":22.0,"turns":5.0},{"damage":11.0,"enemies":"Gremlin Leader","floor":23.0,"turns":5.0},{"damage":0.0,"enemies":"Snake Plant","floor":25.0,"turns":2.0},{"damage":2.0,"enemies":"3 Cultists","floor":28.0,"turns":5.0},{"damage":11.0,"enemies":"Collector","floor":33.0,"turns":7.0},{"damage":25,"enemies":"3 Darklings","floor":35,"turns":3},{"damage":8,"enemies":"3 Shapes","floor":38,"turns":5},{"damage":2,"enemies":"3 Darklings","floor":39,"turns":4},{"damage":0,"enemies":"Writhing Mass","floor":41,"turns":6},{"damage":0,"enemies":"Sphere and 2 Shapes","floor":44,"turns":4},{"damage":10,"enemies":"4 Shapes","floor":47,"turns":2},{"damage":56,"enemies":"Time Eater","floor":50,"turns":9}],"seed_played":"-8459694302374240803","potions_obtained":[{"floor":4.0,"key":"SpeedPotion"},{"floor":13.0,"key":"Doom Potion"},{"floor":16.0,"key":"Swift Potion"},{"floor":23.0,"key":"Ancient Potion"},{"floor":25.0,"key":"EntropicBrew"},{"floor":35,"key":"FearPotion"},{"floor":39,"key":"Languid Potion"},{"floor":47,"key":"Dexterity Potion"}],"is_trial":false,"path_per_floor":["M","M","?","M","?","R","E","R","T","$","R","T","M","?","R","B",null,"M","?","AVR","M","M","E","R","M","T","T","M","$","R","?","R","B",null,"M","?","AVR","M","M","R","M","R","T","M","$","NS","M","?","R","B",null],"character_chosen":"THE_SILENT","items_purchased":["Infinite Blades","Backflip","Prepared","Infinite Blades","Replay:Bag of Tricks","CunningPotion","Infinite Blades","infinitespire:Joker Card"],"campfire_rested":5,"item_purchase_floors":[10,10,10,29,29,29,45,45],"current_hp_per_floor":[63,63,35,35,19,40,17,38,38,38,38,38,38,24,45,53,66,56,56,56,46,39,28,49,51,51,51,49,49,49,49,71,60,71,48,48,83,75,75,75,77,77,77,79,79,79,71,71,71,30],"gold":70,"neow_bonus":"THREE_ENEMY_KILL","is_daily":false,"chose_seed":false,"campfire_upgraded":5,"win_rate":0.0,"timestamp":1610948137,"path_taken":["M","M","?","M","?","R","E","R","T","$","R","?","M","?","R","BOSS","M","?","AVR","M","M","E","R","?","T","?","M","$","R","?","R","BOSS","M","?","AVR","M","?","R","M","R","T","?","$","NS","M","?","R","BOSS"],"items_purchased_type":["Card","Card","Card","Card","Card","Potion","Card","Relic"],"build_version":"2020-12-22","purchased_purges":5,"victory":true,"max_hp_per_floor":[70,70,70,70,70,70,70,70,70,70,70,70,70,70,70,70,70,70,70,70,70,72,72,72,74,74,74,74,74,74,74,74,74,74,76,76,83,83,85,85,87,87,87,89,89,89,91,91,91,91],"card_choices":[{"not_picked":["Draining Mist","Quick Slash"],"picked":"Cloak And Dagger","floor":1.0},{"not_picked":["Sucker Punch","Deadly Poison"],"picked":"Toxin Wave","floor":2.0},{"not_picked":["ReplayTheSpireMod:The Works","Underhanded Strike"],"picked":"Toxin Wave","floor":3.0},{"not_picked":["ReplayTheSpireMod:Shiv Toss","Caltrops"],"picked":"Accuracy","floor":3.0},{"not_picked":["Slice","Dodge and Roll"],"picked":"Backflip","floor":3.0},{"not_picked":["Sucker Punch","Hidden Blade"],"picked":"Quick Slash","floor":4.0},{"not_picked":["infinitespire:FinalStrike","infinitespire:Menacing"],"picked":"infinitespire:Oblivion","floor":5.0},{"not_picked":["PiercingWail","Cloak And Dagger"],"picked":"After Image","floor":7.0},{"not_picked":["Bouncing Flask","Hidden Blade"],"picked":"Escape Plan","floor":13.0},{"not_picked":["Storm of Steel","Envenom"],"picked":"Adrenaline","floor":16.0},{"not_picked":["PiercingWail+1","Acrobatics"],"picked":"Well Laid Plans","floor":18.0},{"not_picked":["PiercingWail","Bouncing Flask+1"],"picked":"Backflip+1","floor":21.0},{"not_picked":["PiercingWail","Bane","Flying Knee+1"],"picked":"Singing Bowl","floor":22.0},{"not_picked":["Escape Plan","Concentrate+1"],"picked":"Cloak And Dagger","floor":23.0},{"not_picked":["Slice","Backflip","Poisoned Stab+1"],"picked":"Singing Bowl","floor":25.0},{"not_picked":["Underhanded Strike","Deflect"],"picked":"Footwork+1","floor":28.0},{"not_picked":["Grand Finale","Night Terror"],"picked":"Venomology","floor":33.0},{"not_picked":["hubris:SlightOfHand+1"],"picked":"Singing Bowl","floor":35},{"not_picked":[],"picked":"ReplayTheSpireMod:Speed Training","floor":38},{"not_picked":["Dodge and Roll"],"picked":"Singing Bowl","floor":39},{"not_picked":["Sucker Punch+1"],"picked":"Singing Bowl","floor":41},{"not_picked":["ReplayTheSpireMod:Exploit Weakness+1"],"picked":"Singing Bowl","floor":44},{"not_picked":["Outmaneuver"],"picked":"Singing Bowl","floor":47}],"player_experience":896707,"relics_obtained":[{"floor":7.0,"key":"Grinning Jar"},{"floor":9.0,"key":"Singing Bowl"},{"floor":12.0,"key":"Replay:Wax Seal"},{"floor":23.0,"key":"Anchor"},{"floor":26.0,"key":"War Paint"},{"floor":27.0,"key":"hubris:TenFootPole"},{"floor":43,"key":"Quantum Egg"}],"event_choices":[{"damage_healed":0.0,"max_hp_gain":0.0,"max_hp_loss":0.0,"gold_gain":0.0,"event_name":"Shining Light","player_choice":"Entered Light","floor":14.0,"gold_loss":0.0,"damage_taken":14.0,"cards_upgraded":["Backflip","Defend_G"]},{"damage_healed":0.0,"max_hp_gain":0.0,"max_hp_loss":0.0,"gold_gain":275.0,"event_name":"Golden Shrine","player_choice":"Desecrate","floor":19.0,"gold_loss":0.0,"damage_taken":0.0,"cards_obtained":["Regret"]},{"damage_healed":0.0,"max_hp_gain":0.0,"max_hp_loss":0.0,"gold_gain":99.0,"event_name":"Nest","player_choice":"Stole From Cult","floor":31.0,"gold_loss":0.0,"damage_taken":0.0},{"damage_healed":0,"gold_gain":0,"player_choice":"Gave Potion","damage_taken":0,"relics_obtained":["Omamori"],"max_hp_gain":0,"max_hp_loss":0,"event_name":"WeMeetAgain","floor":36,"gold_loss":0},{"damage_healed":0,"gold_gain":0,"player_choice":"0 cards matched","damage_taken":0,"max_hp_gain":0,"max_hp_loss":0,"event_name":"Match and Keep!","floor":48,"gold_loss":0,"cards_obtained":[]}],"is_beta":false,"boss_relics":[{"not_picked":["Painkiller Herb","Replay:Ancient Bell"],"picked":"Replay:Bronze Core"},{"not_picked":["Ring of Chaos","Honey Jar"],"picked":"Busted Crown"}],"items_purged_floors":[10,20,29,37,45],"is_endless":false,"potions_floor_spawned":[4,13,16,18,23,25,35,39,47],"ascension_level":8}}