{"host":"bxd97rc2ofc6op20","time":1610953244,"event":{"mods":["BaseMod","Googly Eyes","Minty Spire (QoL Compilation)"],"gold_per_floor":[218,237,252,22,40,40,4,24,24,59,59,76,76,103,103,204,204,224,174,193,212,231,231,262,276,299,323,323,323],"floor_reached":28,"language":"ENG","playtime":2845,"items_purged":["Defend_P"],"score":254,"play_id":"2c7142d6-d061-4872-9036-dbba2a6c40c9","local_time":"20210117230044","is_ascension_mode":false,"campfire_choices":[{"data":"TalkToTheHand","floor":6,"key":"SMITH"},{"floor":15,"key":"REST"},{"data":"ConjureBlade","floor":23,"key":"SMITH"}],"circlet_count":0,"master_deck":["Strike_P","Strike_P","Strike_P","Strike_P","Defend_P","Eruption","Vigilance","TalkToTheHand+1","PathToVictory","CutThroughFate","TalkToTheHand","Consecrate","JustLucky","Consecrate","ConjureBlade+1","SandsOfTime","FlurryOfBlows","WaveOfTheHand","Wallop","InnerPeace+1","CrushJoints"],"relics":["PureWater","TheAbacus","Pen Nib","Oddly Smooth Stone","Mercury Hourglass","Empty Cage","Frozen Egg 2","CeramicFish"],"acts_visited":["Exordium","TheCity"],"potions_floor_usage":[3,10,10,14,16,24],"damage_taken":[{"damage":1,"enemies":"Jaw Worm","floor":1,"turns":4},{"damage":0,"enemies":"Small Slimes","floor":2,"turns":3},{"damage":0,"enemies":"Cultist","floor":3,"turns":4},{"damage":37,"enemies":"Gremlin Gang","floor":5,"turns":4},{"damage":2,"enemies":"2 Fungi Beasts","floor":8,"turns":3},{"damage":4,"enemies":"Gremlin Nob","floor":10,"turns":4},{"damage":0,"enemies":"Exordium Thugs","floor":12,"turns":3},{"damage":9,"enemies":"3 Sentries","floor":14,"turns":8},{"damage":12,"enemies":"The Guardian","floor":16,"turns":9},{"damage":1,"enemies":"Shell Parasite","floor":18,"turns":3},{"damage":0,"enemies":"3 Byrds","floor":20,"turns":4},{"damage":7,"enemies":"Centurion and Healer","floor":21,"turns":5},{"damage":1,"enemies":"Cultist and Chosen","floor":22,"turns":5},{"damage":44,"enemies":"Gremlin Leader","floor":24,"turns":7},{"damage":35,"enemies":"Shelled Parasite and Fungi","floor":25,"turns":4},{"damage":1,"enemies":"Centurion and Healer","floor":27,"turns":7},{"damage":26,"enemies":"Cultist and Chosen","floor":28,"turns":4}],"seed_played":"-1539401143481026609","potions_obtained":[{"floor":1,"key":"SteroidPotion"},{"floor":5,"key":"Energy Potion"},{"floor":8,"key":"SkillPotion"},{"floor":10,"key":"FearPotion"},{"floor":13,"key":"StancePotion"},{"floor":13,"key":"FairyPotion"},{"floor":18,"key":"SkillPotion"},{"floor":20,"key":"Fire Potion"}],"is_trial":false,"path_per_floor":["M","M","M","$","M","R","?","M","T","E","?","M","?","E","R","B",null,"M","?","M","M","M","R","E","M","T","M","M"],"character_chosen":"WATCHER","items_purchased":["TheAbacus"],"campfire_rested":1,"item_purchase_floors":[4],"current_hp_per_floor":[71,71,71,71,34,34,34,32,32,28,28,28,28,19,40,28,72,71,71,71,64,63,63,19,21,21,20,0,0],"gold":323,"neow_bonus":"HUNDRED_GOLD","is_daily":false,"chose_seed":false,"campfire_upgraded":2,"win_rate":0.0,"timestamp":1610953244,"path_taken":["M","M","M","$","M","R","?","M","T","E","?","M","?","E","R","BOSS","M","?","M","M","M","R","E","M","T","?","M"],"items_purchased_type":["Relic"],"build_version":"2020-12-22","purchased_purges":1,"victory":false,"max_hp_per_floor":[72,72,72,72,72,72,72,72,72,72,72,72,72,72,72,72,72,72,72,72,72,72,72,72,72,72,72,72,72],"card_choices":[{"not_picked":["FollowUp","Protect"],"picked":"TalkToTheHand","floor":1},{"not_picked":["LikeWater","FollowUp"],"picked":"PathToVictory","floor":2},{"not_picked":["FlyingSleeves","FollowUp","BowlingBash"],"picked":"SKIP","floor":3},{"not_picked":["Halt","FollowUp"],"picked":"CutThroughFate","floor":5},{"not_picked":["SandsOfTime","Tantrum"],"picked":"TalkToTheHand","floor":8},{"not_picked":["BattleHymn","Crescendo"],"picked":"Consecrate","floor":10},{"not_picked":["Sanctity","LikeWater"],"picked":"JustLucky","floor":12},{"not_picked":["Protect","Brilliance"],"picked":"Consecrate","floor":14},{"not_picked":["Judgement","LessonLearned"],"picked":"ConjureBlade","floor":16},{"not_picked":["WindmillStrike","CutThroughFate"],"picked":"SandsOfTime","floor":18},{"not_picked":["MentalFortress","FlyingSleeves"],"picked":"FlurryOfBlows","floor":20},{"not_picked":["Pray+1","JustLucky"],"picked":"WaveOfTheHand","floor":21},{"not_picked":["Worship+1","EmptyBody+1"],"picked":"Wallop","floor":22},{"not_picked":["ClearTheMind","WheelKick","Consecrate"],"picked":"SKIP","floor":24},{"not_picked":["Perseverance+1","Protect"],"picked":"InnerPeace+1","floor":25},{"not_picked":["WaveOfTheHand+1","Indignation"],"picked":"CrushJoints","floor":27}],"player_experience":305183,"relics_obtained":[{"floor":9,"key":"Pen Nib"},{"floor":10,"key":"Oddly Smooth Stone"},{"floor":14,"key":"Mercury Hourglass"},{"floor":24,"key":"Frozen Egg 2"},{"floor":26,"key":"CeramicFish"}],"event_choices":[{"damage_healed":0,"gold_gain":0,"player_choice":"Left Gold","damage_taken":0,"max_hp_gain":0,"max_hp_loss":0,"event_name":"World of Goop","floor":7,"gold_loss":36},{"damage_healed":0,"gold_gain":0,"player_choice":"Ignored","damage_taken":0,"max_hp_gain":0,"max_hp_loss":0,"event_name":"Liars Game","floor":11,"gold_loss":0},{"damage_healed":0,"gold_gain":0,"player_choice":"Got Potions","damage_taken":0,"max_hp_gain":0,"max_hp_loss":0,"event_name":"Lab","floor":13,"gold_loss":0},{"damage_healed":0,"gold_gain":0,"player_choice":"Bet on Murderer","damage_taken":0,"max_hp_gain":0,"max_hp_loss":0,"event_name":"The Joust","floor":19,"gold_loss":50}],"is_beta":false,"boss_relics":[{"not_picked":["Fusion Hammer","Coffee Dripper"],"picked":"Empty Cage"}],"items_purged_floors":[4],"is_endless":false,"potions_floor_spawned":[1,5,8,10,18,20],"killed_by":"Cultist and Chosen","ascension_level":0}}