{"host":"ishme5wb80o83upk","time":1610971656,"event":{"mods":["BaseMod","HololiveMod","Minty Spire (QoL Compilation)","StSLib"],"gold_per_floor":[79,102,126,162,181,181,225,237,260,301,318,338,355,403,403,508,508,534,550,649,493,517,517,549,549,549,588,606,647,680,720,720,829,829,870,889,914,971,1028,1069,1102,1102,1128,1128,1162,1194,946,970,970,985,985,985,351,401,415],"floor_reached":56,"language":"KOR","playtime":3020,"items_purged":["Hololive_Strike","Hololive_Strike","Hololive_Defend"],"score":2527,"play_id":"7eead2fc-f757-4769-98e6-bcbfc7ed3f88","local_time":"20210118210736","is_ascension_mode":true,"campfire_choices":[{"data":"Hololive_CallHoshimachiSuisei","floor":6.0,"key":"SMITH"},{"data":"Hololive_CallDoris","floor":15.0,"key":"SMITH"},{"data":"Hololive_Nanodesu","floor":23,"key":"SMITH"},{"data":"Hololive_CallAkiRosenthal","floor":32,"key":"SMITH"},{"data":"Hololive_DDD","floor":42,"key":"SMITH"},{"floor":44,"key":"RECALL"},{"data":"Hololive_CallArtia","floor":49,"key":"SMITH"},{"data":"Hololive_CallOkamiMio","floor":52,"key":"SMITH"}],"circlet_count":0,"master_deck":["AscendersBane","Hololive_Defend","Hololive_RevenueBasedLive","Hololive_CallHoushouMarine","Hololive_CallOzoraSubaru","Hololive_CallArtia+1","Hololive_CallTokoyamiTowa","Hololive_CallAZKi","Hololive_DDD+1","Hololive_RevenueBasedLive","Hololive_CallShiranuiFlare","Hololive_CallOmaruPolka","Hololive_CallKiryuuCoco","Hololive_CallHoshimachiSuisei+1","Hololive_CallRosalyn","Hololive_CallDoris+1","Hololive_CallUsadaPekora","Hololive_CallAkaiHaato","Hololive_AWSL","Hololive_Nanodesu+1","Hololive_CallYozoraMel","Hololive_CallAkiRosenthal+1","Hololive_CallHimemoriLuna","Hololive_CallShirakamiFubuki","Hololive_CallAmaneKanata","Hololive_CallInugamiKorone+1","Hololive_CallTsunomakiWatame","Hololive_StarCraft","Hololive_CallOkamiMio+1","Hololive_Rebirth","Hololive_CallMomosuzuNene+5","Hololive_CallManoAloe+1","Hololive_CallShishiroBotan","Hololive_ScarfAndHalo"],"relics":["Hololive_TheStar","Bag of Preparation","Lantern","Hololive_FriedShrimpLion","Philosopher\u0027s Stone","Strawberry","Pocketwatch","Art of War","Bronze Scales","Snecko Eye","Turnip","Toxic Egg 2","Orichalcum","Medical Kit","Ginger","Ornamental Fan"],"acts_visited":["Exordium","TheCity","TheBeyond","TheEnding"],"potions_floor_usage":[46],"damage_taken":[{"damage":0.0,"enemies":"Jaw Worm","floor":1.0,"turns":3.0},{"damage":0.0,"enemies":"2 Louse","floor":2.0,"turns":3.0},{"damage":0.0,"enemies":"Cultist","floor":3.0,"turns":3.0},{"damage":0.0,"enemies":"2 Fungi Beasts","floor":4.0,"turns":3.0},{"damage":0.0,"enemies":"Exordium Wildlife","floor":5.0,"turns":4.0},{"damage":0.0,"enemies":"3 Sentries","floor":7.0,"turns":3.0},{"damage":0.0,"enemies":"Gremlin Gang","floor":8.0,"turns":2.0},{"damage":0.0,"enemies":"Lagavulin","floor":10.0,"turns":5.0},{"damage":0.0,"enemies":"2 Fungi Beasts","floor":11.0,"turns":3.0},{"damage":0.0,"enemies":"Blue Slaver","floor":12.0,"turns":2.0},{"damage":0.0,"enemies":"Red Slaver","floor":13.0,"turns":3.0},{"damage":0.0,"enemies":"3 Sentries","floor":14.0,"turns":5.0},{"damage":0.0,"enemies":"Slime Boss","floor":16.0,"turns":5.0},{"damage":0,"enemies":"Chosen","floor":18,"turns":4},{"damage":0,"enemies":"Spheric Guardian","floor":19,"turns":2},{"damage":0,"enemies":"Snake Plant","floor":22,"turns":4},{"damage":0,"enemies":"Book of Stabbing","floor":24,"turns":5},{"damage":0,"enemies":"Gremlin Leader","floor":27,"turns":6},{"damage":0,"enemies":"Chosen and Byrds","floor":28,"turns":3},{"damage":0,"enemies":"Book of Stabbing","floor":29,"turns":4},{"damage":0,"enemies":"Sentry and Sphere","floor":30,"turns":4},{"damage":0,"enemies":"Centurion and Healer","floor":31,"turns":4},{"damage":0,"enemies":"Champ","floor":33,"turns":5},{"damage":0,"enemies":"3 Shapes","floor":35,"turns":4},{"damage":0,"enemies":"Orb Walker","floor":36,"turns":2},{"damage":0,"enemies":"Transient","floor":37,"turns":5},{"damage":0,"enemies":"3 Darklings","floor":38,"turns":3},{"damage":0,"enemies":"4 Shapes","floor":39,"turns":3},{"damage":0,"enemies":"Giant Head","floor":40,"turns":6},{"damage":0,"enemies":"Transient","floor":41,"turns":5},{"damage":0,"enemies":"Spire Growth","floor":45,"turns":4},{"damage":14,"enemies":"Reptomancer","floor":46,"turns":8},{"damage":0,"enemies":"Writhing Mass","floor":48,"turns":4},{"damage":0,"enemies":"Time Eater","floor":50,"turns":11},{"damage":0,"enemies":"Shield and Spear","floor":54,"turns":4},{"damage":0,"enemies":"The Heart","floor":55,"turns":9}],"seed_played":"5001594569473070154","potions_obtained":[{"floor":2.0,"key":"BlessingOfTheForge"},{"floor":3.0,"key":"Block Potion"},{"floor":48,"key":"LiquidBronze"}],"is_trial":false,"path_per_floor":["M","M","M","M","M","R","E","M","T","E","M","M","M","E","R","B",null,"M","M","?","$","M","R","E","?","T","E","M","E","M","M","R","B",null,"M","M","M","M","M","E","M","R","T","R","M","E","$","M","R","B",null,"R","$","E","B",null],"character_chosen":"Hololive_HololiveCharacter","items_purchased":["Hololive_CallHimemoriLuna","Orichalcum","Medical Kit","Ginger","DuplicationPotion"],"campfire_rested":0,"item_purchase_floors":[21,47,53,53,53],"current_hp_per_floor":[32,32,32,32,32,32,32,32,32,32,32,32,32,32,32,33,33,34,35,35,35,36,36,44,44,44,45,46,47,48,49,49,50,50,51,52,53,54,55,56,57,57,57,57,58,45,45,46,46,47,58,58,58,59,60],"gold":415,"neow_bonus":"THREE_RARE_CARDS","is_daily":false,"chose_seed":false,"campfire_upgraded":7,"win_rate":0.0,"timestamp":1610971656,"path_taken":["M","M","M","M","M","R","E","M","T","E","M","M","M","E","R","BOSS","M","M","?","$","M","R","E","?","T","E","M","E","M","M","R","BOSS","M","M","M","M","M","E","M","R","T","R","M","E","$","M","R","BOSS","R","$","E","BOSS"],"items_purchased_type":["Card","Relic","Relic","Relic","Potion"],"build_version":"2020-12-22","purchased_purges":3,"victory":true,"max_hp_per_floor":[32,32,32,32,32,32,32,32,32,32,32,32,32,32,32,33,33,34,35,35,35,36,36,44,44,44,45,46,47,48,49,49,50,50,51,52,53,54,55,56,57,57,57,57,58,59,59,60,60,61,61,61,61,62,63],"card_choices":[{"not_picked":["Hololive_BeCareful","Hololive_OpenUp"],"picked":"Hololive_DDD","floor":0.0},{"not_picked":["Hololive_StrengthChampion","Hololive_CocoNews","Hololive_ILoveYou"],"picked":"Hololive_RevenueBasedLive","floor":1.0},{"not_picked":["Hololive_Sequa","Hololive_RevenueBasedLive","Hololive_Rebound"],"picked":"Hololive_CallShiranuiFlare","floor":2.0},{"not_picked":["Hololive_CallSpadeEcho","Hololive_ManjiGathering","Hololive_Psychosis"],"picked":"Hololive_CallOmaruPolka","floor":3.0},{"not_picked":["Hololive_Drill","Hololive_CocoNews","Hololive_RevenueBasedLive"],"picked":"Hololive_CallKiryuuCoco","floor":4.0},{"not_picked":["Hololive_StrengthChampion","Hololive_CallAkiRosenthal","Hololive_DevilCharm"],"picked":"Hololive_CallHoshimachiSuisei","floor":5.0},{"not_picked":["Hololive_Psychosis","Hololive_Breathe","Hololive_CallOzoraSubaru"],"picked":"Hololive_CallRosalyn","floor":7.0},{"not_picked":["Hololive_SummonFox","Hololive_Psychosis","Hololive_HighAtkLowDef","Hololive_OvertimeWork"],"picked":"SKIP","floor":8.0},{"not_picked":["Hololive_StrengthChampion","Hololive_LuckPotion","Hololive_CallOzoraSubaru"],"picked":"Hololive_CallDoris","floor":10.0},{"not_picked":["Hololive_CallRosalyn","Hololive_Drill","Hololive_Rebound","Hololive_Sequa"],"picked":"SKIP","floor":11.0},{"not_picked":["Hololive_RevenueBasedLive","Hololive_FlyingPonyTail","Hololive_CallInugamiKorone"],"picked":"Hololive_CallUsadaPekora","floor":12.0},{"not_picked":["Hololive_CocoNews","Hololive_Rebound","Hololive_Watashimo"],"picked":"Hololive_CallAkaiHaato","floor":13.0},{"not_picked":["Hololive_OvertimeWork","Hololive_CallAZKi","Hololive_ASMR"],"picked":"Hololive_AWSL","floor":14.0},{"not_picked":["Hololive_HighAtkLowDef","Hololive_DiamondStrike","Hololive_FlareMind"],"picked":"Hololive_Nanodesu","floor":16.0},{"not_picked":["Hololive_SummonFox","Hololive_CallHoshimachiSuisei","Hololive_StrengthChampion"],"picked":"Hololive_CallYozoraMel","floor":18},{"not_picked":["Hololive_CallMoonaHoshinova+1","Hololive_OvertimeWork","Hololive_RevenueBasedLive"],"picked":"Hololive_CallAkiRosenthal","floor":19},{"not_picked":["Hololive_Rebound","Hololive_CandyCastle","Hololive_CocoNews"],"picked":"Hololive_CallShirakamiFubuki","floor":22},{"not_picked":["Hololive_CallShiranuiFlare","Hololive_CocoNews","Hololive_OvertimeWork"],"picked":"Hololive_CallAmaneKanata","floor":24},{"not_picked":["Hololive_Rebound","Hololive_CallHoshimachiSuisei","Hololive_OvertimeWork+1","Hololive_ScarfAndHalo"],"picked":"SKIP","floor":27},{"not_picked":["Hololive_HuntDinosaur","Hololive_Rebound","Hololive_CallHoushouMarine","Hololive_CallUsadaPekora"],"picked":"SKIP","floor":28},{"not_picked":["Hololive_HuntDinosaur","Hololive_CallHoushouMarine","Hololive_CallHimemoriLuna","Hololive_Rebound"],"picked":"SKIP","floor":29},{"not_picked":["Hololive_OvertimeWork","Hololive_Psychosis","Hololive_Breathe"],"picked":"Hololive_CallInugamiKorone+1","floor":30},{"not_picked":["Hololive_CallAkaiHaato","Hololive_RevenueBasedLive+1","Hololive_CallArtia"],"picked":"Hololive_CallTsunomakiWatame","floor":31},{"not_picked":["Hololive_BeCareful","Hololive_Thief","Hololive_AWSL"],"picked":"Hololive_StarCraft","floor":33},{"not_picked":["Hololive_Breathe","Hololive_Sequa+1","Hololive_Drill+1"],"picked":"Hololive_CallOkamiMio","floor":35},{"not_picked":["Hololive_Yoholoon","Hololive_CallAkiRosenthal+1","Hololive_Trident+1","Hololive_LuckPotion+1"],"picked":"SKIP","floor":36},{"not_picked":["Hololive_CallTokoyamiTowa","Hololive_Psychosis","Hololive_CallShirakamiFubuki","Hololive_CocoNews"],"picked":"SKIP","floor":37},{"not_picked":["Hololive_CallYozoraMel+1","Hololive_Rebound+1","Hololive_HuntDinosaur"],"picked":"Hololive_Rebirth","floor":38},{"not_picked":["Hololive_CallInugamiKorone","Hololive_Sequa","Hololive_Rebound","Hololive_FlyingPonyTail"],"picked":"SKIP","floor":39},{"not_picked":["Hololive_OvertimeWork+1","Hololive_CallMomosuzuNene","Hololive_Trident","Hololive_Spy"],"picked":"SKIP","floor":40},{"not_picked":["Hololive_OvertimeWork+1","Hololive_Trident","Hololive_Spy"],"picked":"Hololive_CallMomosuzuNene","floor":40},{"not_picked":["Hololive_CallOmaruPolka","Hololive_LuckPotion+1","Hololive_HuntDinosaur","Hololive_Teleport"],"picked":"SKIP","floor":41},{"not_picked":["Hololive_CallHimemoriLuna","Hololive_Psychosis+1","Hololive_DDD"],"picked":"Hololive_CallManoAloe+1","floor":45},{"not_picked":["Hololive_Rebound+1","Hololive_Breathe+1","Hololive_Psychosis"],"picked":"Hololive_CallShishiroBotan","floor":46},{"not_picked":["Hololive_CallMomosuzuNene","Hololive_FlyingPonyTail+1","Hololive_CallRosalyn+1","Hololive_CallOmaruPolka"],"picked":"SKIP","floor":48},{"not_picked":["Hololive_RevenueBasedLive+1","Hololive_CallHimemoriLuna","Hololive_Thief+1"],"picked":"Hololive_ScarfAndHalo","floor":54}],"player_experience":1100078,"relics_obtained":[{"floor":7.0,"key":"Bag of Preparation"},{"floor":9.0,"key":"Lantern"},{"floor":14.0,"key":"Hololive_FriedShrimpLion"},{"floor":24,"key":"Strawberry"},{"floor":26,"key":"Pocketwatch"},{"floor":27,"key":"Art of War"},{"floor":29,"key":"Bronze Scales"},{"floor":40,"key":"Turnip"},{"floor":46,"key":"Toxic Egg 2"},{"floor":54,"key":"Ornamental Fan"}],"event_choices":[{"damage_healed":0,"gold_gain":99,"player_choice":"Stole From Cult","damage_taken":0,"max_hp_gain":0,"max_hp_loss":0,"event_name":"Nest","floor":20,"gold_loss":0},{"damage_healed":0,"gold_gain":0,"player_choice":"Ignored","damage_taken":0,"max_hp_gain":0,"max_hp_loss":0,"event_name":"Vampires","floor":25,"gold_loss":0}],"is_beta":false,"boss_relics":[{"not_picked":["SacredBark","Astrolabe"],"picked":"Philosopher\u0027s Stone"},{"not_picked":["Hololive_ChaosS","Sozu"],"picked":"Snecko Eye"}],"items_purged_floors":[21,47,53],"is_endless":false,"potions_floor_spawned":[2,3,4,11,12,16,19,27,28,29,31,33,36,37,39,45,48],"ascension_level":12}}