{"host":"vpaavrwbmey593fx","time":1610936749,"event":{"mods":["AchievementEnabler","BaseMod","Bestiary","Colored Map","Colored Powertips","DeckTracker","Minty Spire (QoL Compilation)","Relic Sorter"],"gold_per_floor":[109,120,139,155,155,155,172,205,205,205,236,236,257,275,275,403,403,428,449,469,490,503,503,503,503,503,503,547,547,195,216,216,342,342,365,388,288,304,328,369,369,702,750,750,780,780,814,864,864,864,864,864,221,247,247],"floor_reached":56,"language":"ENG","playtime":8206,"items_purged":["MasterReality","Strike_P","Shame"],"score":1368,"play_id":"10c4d0ec-8cb2-4fc5-99aa-63fb19ee5807","local_time":"20210117182549","is_ascension_mode":true,"campfire_choices":[{"data":"Eruption","floor":6.0,"key":"SMITH"},{"data":"WaveOfTheHand","floor":12.0,"key":"SMITH"},{"data":"Wallop","floor":15.0,"key":"SMITH"},{"data":"Protect","floor":23.0,"key":"SMITH"},{"data":"Tantrum","floor":25.0,"key":"SMITH"},{"data":"Vigilance","floor":27.0,"key":"SMITH"},{"floor":32.0,"key":"REST"},{"floor":41,"key":"RECALL"},{"data":"SpiritShield","floor":44,"key":"SMITH"},{"data":"LessonLearned","floor":46,"key":"SMITH"},{"data":"Protect","floor":49,"key":"SMITH"},{"data":"Swivel","floor":52,"key":"SMITH"}],"circlet_count":0,"master_deck":["Strike_P+1","Defend_P+1","Defend_P","Defend_P+1","Defend_P+1","Eruption+1","Vigilance+1","Tantrum+1","WaveOfTheHand+1","FearNoEvil+1","CutThroughFate+1","Swivel+1","Wallop+1","InnerPeace","LessonLearned+1","Protect+1","Consecrate+1","Adaptation","Protect+1","SpiritShield+1","WheelKick+1","CrushJoints+1","ReachHeaven+1"],"relics":["Philosopher\u0027s Stone","Pen Nib","InkBottle","StoneCalendar","Shuriken","Pear","Pantograph","Centennial Puzzle","Snecko Eye","Meat on the Bone","Dead Branch","Enchiridion","ClockworkSouvenir","Cursed Key","Art of War","Molten Egg 2","Melange"],"acts_visited":["Exordium","TheCity","TheBeyond","TheEnding"],"potions_floor_usage":[50,50,55,55],"damage_taken":[{"damage":0.0,"enemies":"Small Slimes","floor":1.0,"turns":3.0},{"damage":0.0,"enemies":"2 Louse","floor":2.0,"turns":2.0},{"damage":3.0,"enemies":"Jaw Worm","floor":3.0,"turns":2.0},{"damage":0.0,"enemies":"3 Louse","floor":4.0,"turns":2.0},{"damage":0.0,"enemies":"2 Fungi Beasts","floor":7.0,"turns":1.0},{"damage":0.0,"enemies":"Gremlin Nob","floor":8.0,"turns":2.0},{"damage":14.0,"enemies":"3 Sentries","floor":11.0,"turns":6.0},{"damage":3.0,"enemies":"Exordium Thugs","floor":13.0,"turns":3.0},{"damage":0.0,"enemies":"Exordium Wildlife","floor":14.0,"turns":3.0},{"damage":37.0,"enemies":"Hexaghost","floor":16.0,"turns":7.0},{"damage":0.0,"enemies":"Spheric Guardian","floor":18.0,"turns":3.0},{"damage":0.0,"enemies":"Chosen","floor":19.0,"turns":3.0},{"damage":19.0,"enemies":"Snake Plant","floor":20.0,"turns":4.0},{"damage":13.0,"enemies":"Centurion and Healer","floor":21.0,"turns":5.0},{"damage":7.0,"enemies":"3 Cultists","floor":22.0,"turns":4.0},{"damage":19.0,"enemies":"Slavers","floor":28.0,"turns":4.0},{"damage":3.0,"enemies":"Snake Plant","floor":31.0,"turns":4.0},{"damage":62.0,"enemies":"Collector","floor":33.0,"turns":11.0},{"damage":2,"enemies":"Orb Walker","floor":35,"turns":2},{"damage":1,"enemies":"3 Shapes","floor":36,"turns":4},{"damage":0,"enemies":"Spire Growth","floor":38,"turns":3},{"damage":14,"enemies":"Sphere and 2 Shapes","floor":39,"turns":4},{"damage":2,"enemies":"Giant Head","floor":40,"turns":7},{"damage":12,"enemies":"Nemesis","floor":45,"turns":5},{"damage":1,"enemies":"Giant Head","floor":47,"turns":4},{"damage":0,"enemies":"Mind Bloom Boss Battle","floor":48,"turns":4},{"damage":47,"enemies":"Time Eater","floor":50,"turns":8},{"damage":0,"enemies":"Shield and Spear","floor":54,"turns":3},{"damage":55,"enemies":"The Heart","floor":55,"turns":9}],"seed_played":"-3397388996349214975","potions_obtained":[{"floor":1.0,"key":"Swift Potion"},{"floor":7.0,"key":"EntropicBrew"},{"floor":14.0,"key":"Fire Potion"},{"floor":16.0,"key":"SteroidPotion"},{"floor":35,"key":"DuplicationPotion"}],"is_trial":false,"path_per_floor":["M","M","M","M","?","R","M","E","T","?","E","R","M","M","R","B",null,"M","M","M","M","M","R","?","R","T","R","E","?","$","M","R","B",null,"M","M","$","M","M","E","R","?","T","R","E","R","E","?","R","B",null,"R","$","E","B",null],"character_chosen":"WATCHER","items_purchased":["Protect","ClockworkSouvenir","Dexterity Potion","SteroidPotion","Block Potion","Regen Potion","InkBottle","Melange"],"campfire_rested":1,"item_purchase_floors":[30,30,30,30,53,53,53,53],"current_hp_per_floor":[72,72,69,69,62,62,62,72,72,72,58,58,55,55,55,39,76,76,76,57,44,37,37,37,37,37,37,30,14,14,23,45,20,76,74,73,73,73,59,57,57,57,57,57,45,45,44,69,69,41,76,76,76,76,47],"gold":247,"neow_bonus":"BOSS_RELIC","is_daily":false,"chose_seed":false,"campfire_upgraded":10,"win_rate":0.0,"timestamp":1610936749,"path_taken":["M","M","M","M","?","R","M","E","T","?","E","R","M","M","R","BOSS","M","M","M","M","M","R","?","R","T","R","E","?","$","M","R","BOSS","M","M","$","M","M","E","R","?","T","R","E","R","E","?","R","BOSS","R","$","E","BOSS"],"items_purchased_type":["Card","Relic","Potion","Potion","Potion","Potion","Relic","Relic"],"build_version":"2020-12-22","purchased_purges":3,"victory":true,"max_hp_per_floor":[72,72,72,72,72,72,72,82,82,76,76,76,76,76,76,76,76,76,76,76,76,76,76,76,76,76,76,76,76,76,76,76,76,76,76,76,76,76,76,76,76,76,76,76,76,76,76,76,76,76,76,76,76,76,76],"card_choices":[{"not_picked":["DeceiveReality","PathToVictory"],"picked":"FlurryOfBlows","floor":1.0},{"not_picked":["JustLucky","Evaluate"],"picked":"Tantrum","floor":2.0},{"not_picked":["Protect","CutThroughFate"],"picked":"WaveOfTheHand","floor":3.0},{"not_picked":["EmptyBody","FlyingSleeves"],"picked":"FearNoEvil","floor":4.0},{"not_picked":["SignatureMove","BowlingBash"],"picked":"CutThroughFate","floor":7.0},{"not_picked":["EmptyBody","Weave","Prostrate"],"picked":"SKIP","floor":8.0},{"not_picked":["Crescendo","CrushJoints"],"picked":"Swivel","floor":11.0},{"not_picked":["Ragnarok","BattleHymn"],"picked":"Wallop","floor":13.0},{"not_picked":["FollowUp","ClearTheMind"],"picked":"InnerPeace","floor":14.0},{"not_picked":["Scrawl","Wish"],"picked":"LessonLearned","floor":16.0},{"not_picked":["BowlingBash","SandsOfTime","Collect"],"picked":"SKIP","floor":18.0},{"not_picked":["SashWhip+1","BowlingBash+1","FollowUp+1"],"picked":"SKIP","floor":19.0},{"not_picked":["FollowUp","EmptyBody"],"picked":"Protect","floor":20.0},{"not_picked":["LikeWater","PathToVictory"],"picked":"Consecrate","floor":21.0},{"not_picked":["EmptyBody","FlurryOfBlows+1","WaveOfTheHand"],"picked":"SKIP","floor":22.0},{"not_picked":["DeceiveReality+1","CrushJoints","ConjureBlade"],"picked":"SKIP","floor":28.0},{"not_picked":["DeceiveReality+1","CrushJoints","ConjureBlade"],"picked":"SKIP","floor":28.0},{"not_picked":["Evaluate","Tantrum","FollowUp"],"picked":"SKIP","floor":31.0},{"not_picked":["DeusExMachina","Blasphemy"],"picked":"SpiritShield","floor":33.0},{"not_picked":["Wallop","Fasting2+1","JustLucky"],"picked":"SKIP","floor":35},{"not_picked":["Prostrate+1","Evaluate","ThirdEye"],"picked":"SKIP","floor":36},{"not_picked":["WaveOfTheHand+1","FlyingSleeves","Meditate"],"picked":"SKIP","floor":38},{"not_picked":["BowlingBash+1","BattleHymn","PathToVictory+1"],"picked":"SKIP","floor":39},{"not_picked":["Evaluate+1","ReachHeaven+1"],"picked":"WheelKick+1","floor":40},{"not_picked":["EmptyFist","FlurryOfBlows","Evaluate"],"picked":"SKIP","floor":45},{"not_picked":["DeceiveReality+1","EmptyFist+1"],"picked":"CrushJoints+1","floor":47},{"not_picked":["MentalFortress","Halt+1"],"picked":"ReachHeaven+1","floor":54}],"player_experience":202445,"relics_obtained":[{"floor":8.0,"key":"Pear"},{"floor":9.0,"key":"Pantograph"},{"floor":11.0,"key":"Centennial Puzzle"},{"floor":26.0,"key":"Meat on the Bone"},{"floor":28.0,"key":"Dead Branch"},{"floor":29.0,"key":"Enchiridion"},{"floor":40,"key":"Art of War"},{"floor":45,"key":"Shuriken"},{"floor":47,"key":"Molten Egg 2"},{"floor":48,"key":"StoneCalendar"},{"floor":54,"key":"Pen Nib"}],"event_choices":[{"cards_removed":["Strike_P"],"damage_healed":0.0,"max_hp_gain":0.0,"max_hp_loss":0.0,"gold_gain":0.0,"event_name":"Golden Wing","player_choice":"Card Removal","floor":5.0,"gold_loss":0.0,"damage_taken":7.0},{"damage_healed":0.0,"max_hp_gain":0.0,"max_hp_loss":6.0,"gold_gain":0.0,"event_name":"Golden Idol","player_choice":"Lose Max HP","floor":10.0,"gold_loss":0.0,"damage_taken":0.0,"relics_obtained":["Golden Idol"]},{"damage_healed":0.0,"max_hp_gain":0.0,"max_hp_loss":0.0,"gold_gain":0.0,"cards_transformed":["FlurryOfBlows","Strike_P"],"event_name":"Drug Dealer","player_choice":"Became Test Subject","floor":24.0,"gold_loss":0.0,"damage_taken":0.0,"cards_obtained":["MasterReality","Adaptation"]},{"damage_healed":0.0,"max_hp_gain":0.0,"max_hp_loss":0.0,"gold_gain":0.0,"event_name":"Cursed Tome","player_choice":"Obtained Book","floor":29.0,"gold_loss":0.0,"damage_taken":16.0},{"damage_healed":0,"gold_gain":333,"player_choice":"Gave Idol","damage_taken":0,"max_hp_gain":0,"max_hp_loss":0,"event_name":"The Moai Head","floor":42,"relics_lost":["Golden Idol"],"gold_loss":0},{"damage_healed":0,"gold_gain":0,"player_choice":"Fight","damage_taken":0,"max_hp_gain":0,"max_hp_loss":0,"event_name":"MindBloom","floor":48,"gold_loss":0}],"is_beta":false,"boss_relics":[{"not_picked":["Velvet Choker","Busted Crown"],"picked":"Snecko Eye"},{"not_picked":["Astrolabe","Black Star"],"picked":"Cursed Key"}],"items_purged_floors":[30,37,53],"is_endless":false,"potions_floor_spawned":[1,7,14,16,19,22,31,35,36,40],"ascension_level":2}}