{"host":"yyl3r9ibd7qwlswm","time":1610976730,"event":{"mods":["BaseMod","Minty Spire (QoL Compilation)","Quick Restart","StSLib","The Servant 0.9.4"],"gold_per_floor":[117,18,38,58,68,96,96,130,130,130,142,155,166,208,208,291,291,309,359,377,397,411,411,249,249,249,268,303,319,153,196,196,284,284,302,302,340,178,191,191,226,91,91,104,119,133,133,163,163,246,317,367,379,399,429,446,464,494,506,538,538,96,96,115,144,159,159,238,238,254,188,207,225,225,254,254,283,313,313,331,350,364,399,399,484,484,498,529,546,576,595,595,629,629,670,688,718,355,388,398,398,474,546,546,563,601,611,611,626,626,661,661,694,714,741,75,87,398,398,480,480,497,497,517,551,68,82,98,130,160,160,176,176,187,212,212,298,298,316,302,302,319,339,369,369,400,429,429,440,460,460,486,486,565,642,642,660,692,724,736,758,801,823,873,923,954,986,998,1010,1039,1051,1150,1162,1184,1196,1196],"floor_reached":175,"language":"ZHS","playtime":5419,"items_purged":[],"score":16304,"play_id":"f9cc7f5e-0d3c-4b81-9412-37ee41c9875a","local_time":"20210118213210","daily_mods":["SealedDeck","Vintage","Red Cards","Green Cards","Heirloom","DeadlyEvents","Uncertain Future"],"is_ascension_mode":true,"campfire_choices":[{"data":"Trip","floor":7,"key":"SMITH"},{"data":"Dagger Spray","floor":10,"key":"SMITH"},{"data":"Rampage","floor":15,"key":"SMITH"},{"data":"Flying Knee","floor":23,"key":"SMITH"},{"data":"Finisher","floor":25,"key":"SMITH"},{"data":"Bouncing Flask","floor":32,"key":"SMITH"},{"floor":40,"key":"REST"},{"floor":47,"key":"REST"},{"floor":49,"key":"REST"},{"floor":63,"key":"REST"},{"floor":67,"key":"REST"},{"floor":76,"key":"REST"},{"floor":79,"key":"REST"},{"floor":84,"key":"REST"},{"floor":92,"key":"REST"},{"floor":94,"key":"REST"},{"floor":101,"key":"REST"},{"floor":110,"key":"REST"},{"floor":112,"key":"REST"},{"floor":119,"key":"REST"},{"floor":131,"key":"REST"},{"floor":133,"key":"REST"},{"floor":136,"key":"REST"},{"floor":145,"key":"REST"},{"floor":148,"key":"REST"},{"floor":153,"key":"REST"},{"data":"1","floor":168,"key":"LIFT"},{"data":"2","floor":171,"key":"LIFT"}],"circlet_count":11,"master_deck":["AscendersBane","Headbutt","Shrug It Off+1","Pummel","Sword Boomerang+1","Bouncing Flask+1","Twin Strike","Skewer+1","Finisher+1","Dagger Spray+1","Flying Knee+1","Trip+1","Hemokinesis+1","Rampage+1","Corpse Explosion+1","Limit Break","Uppercut","Sadistic Nature+1","Phantasmal Killer","Apotheosis","Demon Form+1","Tools of the Trade+1","Dropkick","Sucker Punch","Adrenaline","Double Tap+1","Whirlwind+1","Juggernaut+1","Poisoned Stab+1","Dash+1","Barricade+1","Demon Form+1"],"relics":["Ring of the Serpent","Pocketwatch","Matryoshka","Ancient Tea Set","Gambling Chip","HornCleat","Dream Catcher","Gremlin Horn","CeramicFish","Ornamental Fan","Blood Vial","PreservedInsect","Nunchaku","Black Star","Tiny Chest","Mercury Hourglass","Frozen Egg 2","Regal Pillow","Sling","Vajra","Question Card","Boot","Ninja Scroll","Ginger","Ice Cream","Chemical X","Kunai","The Specimen","Runic Pyramid","War Paint","Turnip","Singing Bowl","StrikeDummy","Strawberry","Happy Flower","Sundial","The Courier","Darkstone Periapt","Lantern","InkBottle","Toy Ornithopter","White Beast Statue","Calipers","Tiny House","Orichalcum","Odd Mushroom","Snake Skull","MealTicket","Bag of Preparation","Pen Nib","Membership Card","Pear","Du-Vu Doll","Art of War","Pantograph","Letter Opener","Akabeko","Oddly Smooth Stone","Bronze Scales","Whetstone","Incense Burner","Thread and Needle","SlaversCollar","Smiling Mask","Potion Belt","Bird Faced Urn","Bag of Marbles","Centennial Puzzle","Shuriken","Eternal Feather","Mango","WristBlade","Blue Candle","Unceasing Top","Paper Crane","Omamori","Toxic Egg 2","Anchor","Molten Egg 2","Torii","Mummified Hand","HandDrill","Meat on the Bone","Shovel","StoneCalendar","Old Coin","FossilizedHelix","CaptainsWheel","ClockworkSouvenir","TungstenRod","Girya","Tingsha","Circlet","Cursed Key","MawBank","Bottled Lightning","Lizard Tail","Prayer Wheel","Tough Bandages","Philosopher\u0027s Stone"],"acts_visited":["Exordium","TheCity","TheBeyond","Exordium","TheCity","TheBeyond","Exordium","TheCity","TheBeyond","Exordium","TheCity"],"potions_floor_usage":[5,6,16,16,16,16,21,28,33,44,50,51,51,51,60,68,75,85,85,88,88,90,90,95,96,102,103,103,126,155,172],"damage_taken":[{"damage":0,"enemies":"Cultist","floor":1,"turns":2},{"damage":4,"enemies":"Jaw Worm","floor":3,"turns":2},{"damage":10,"enemies":"Small Slimes","floor":4,"turns":2},{"damage":0,"enemies":"Exordium Thugs","floor":5,"turns":2},{"damage":20,"enemies":"3 Sentries","floor":6,"turns":5},{"damage":8,"enemies":"Lagavulin","floor":8,"turns":3},{"damage":0,"enemies":"Looter","floor":11,"turns":2},{"damage":8,"enemies":"Large Slime","floor":12,"turns":2},{"damage":10,"enemies":"Red Slaver","floor":13,"turns":2},{"damage":0,"enemies":"3 Sentries","floor":14,"turns":3},{"damage":0,"enemies":"Slime Boss","floor":16,"turns":2},{"damage":11,"enemies":"Shell Parasite","floor":18,"turns":2},{"damage":0,"enemies":"Spheric Guardian","floor":20,"turns":3},{"damage":0,"enemies":"Centurion and Healer","floor":21,"turns":2},{"damage":0,"enemies":"3 Cultists","floor":22,"turns":2},{"damage":0,"enemies":"Snake Plant","floor":27,"turns":3},{"damage":2,"enemies":"Slavers","floor":28,"turns":1},{"damage":0,"enemies":"Snecko","floor":29,"turns":2},{"damage":0,"enemies":"Book of Stabbing","floor":31,"turns":1},{"damage":19,"enemies":"Champ","floor":33,"turns":5},{"damage":0,"enemies":"Orb Walker","floor":35,"turns":1},{"damage":0,"enemies":"Reptomancer","floor":37,"turns":1},{"damage":2,"enemies":"3 Shapes","floor":39,"turns":1},{"damage":0,"enemies":"Nemesis","floor":41,"turns":1},{"damage":6,"enemies":"Maw","floor":44,"turns":4},{"damage":0,"enemies":"Jaw Worm Horde","floor":45,"turns":1},{"damage":2,"enemies":"Transient","floor":46,"turns":6},{"damage":0,"enemies":"Reptomancer","floor":48,"turns":1},{"damage":27,"enemies":"Time Eater","floor":50,"turns":5},{"damage":28,"enemies":"Donu and Deca","floor":51,"turns":3},{"damage":0,"enemies":"Jaw Worm","floor":53,"turns":1},{"damage":0,"enemies":"The Mushroom Lair","floor":54,"turns":1},{"damage":2,"enemies":"Gremlin Nob","floor":55,"turns":1},{"damage":0,"enemies":"Cultist","floor":56,"turns":1},{"damage":0,"enemies":"2 Louse","floor":57,"turns":1},{"damage":0,"enemies":"3 Sentries","floor":58,"turns":2},{"damage":0,"enemies":"Blue Slaver","floor":59,"turns":1},{"damage":2,"enemies":"Lagavulin","floor":60,"turns":1},{"damage":0,"enemies":"Looter","floor":64,"turns":1},{"damage":2,"enemies":"3 Sentries","floor":65,"turns":1},{"damage":0,"enemies":"Exordium Wildlife","floor":66,"turns":1},{"damage":2,"enemies":"Hexaghost","floor":68,"turns":2},{"damage":0,"enemies":"Chosen","floor":70,"turns":1},{"damage":0,"enemies":"3 Byrds","floor":72,"turns":1},{"damage":2,"enemies":"Sentry and Sphere","floor":73,"turns":1},{"damage":0,"enemies":"Book of Stabbing","floor":75,"turns":1},{"damage":0,"enemies":"Slavers","floor":77,"turns":1},{"damage":2,"enemies":"Gremlin Leader","floor":78,"turns":2},{"damage":0,"enemies":"Shelled Parasite and Fungi","floor":80,"turns":1},{"damage":0,"enemies":"3 Cultists","floor":81,"turns":2},{"damage":8,"enemies":"Chosen and Byrds","floor":82,"turns":3},{"damage":2,"enemies":"Slavers","floor":83,"turns":1},{"damage":2,"enemies":"Automaton","floor":85,"turns":2},{"damage":12,"enemies":"Orb Walker","floor":87,"turns":2},{"damage":0,"enemies":"Nemesis","floor":88,"turns":1},{"damage":8,"enemies":"3 Shapes","floor":89,"turns":2},{"damage":0,"enemies":"Giant Head","floor":90,"turns":3},{"damage":45,"enemies":"Sphere and 2 Shapes","floor":91,"turns":1},{"damage":0,"enemies":"Reptomancer","floor":93,"turns":1},{"damage":5,"enemies":"Giant Head","floor":95,"turns":2},{"damage":25,"enemies":"Maw","floor":96,"turns":4},{"damage":0,"enemies":"Nemesis","floor":97,"turns":3},{"damage":0,"enemies":"Reptomancer","floor":99,"turns":1},{"damage":25,"enemies":"Transient","floor":100,"turns":6},{"damage":50,"enemies":"Time Eater","floor":102,"turns":3},{"damage":11,"enemies":"Awakened One","floor":103,"turns":4},{"damage":2,"enemies":"Jaw Worm","floor":105,"turns":1},{"damage":0,"enemies":"Lagavulin","floor":106,"turns":1},{"damage":1,"enemies":"Cultist","floor":107,"turns":1},{"damage":0,"enemies":"2 Louse","floor":109,"turns":1},{"damage":0,"enemies":"Gremlin Nob","floor":111,"turns":1},{"damage":2,"enemies":"3 Sentries","floor":113,"turns":1},{"damage":0,"enemies":"Gremlin Gang","floor":114,"turns":1},{"damage":0,"enemies":"Gremlin Nob","floor":115,"turns":1},{"damage":0,"enemies":"Exordium Wildlife","floor":117,"turns":1},{"damage":0,"enemies":"2 Fungi Beasts","floor":118,"turns":1},{"damage":0,"enemies":"Slime Boss","floor":120,"turns":2},{"damage":0,"enemies":"Spheric Guardian","floor":122,"turns":1},{"damage":0,"enemies":"Chosen","floor":124,"turns":1},{"damage":0,"enemies":"Book of Stabbing","floor":125,"turns":1},{"damage":0,"enemies":"Centurion and Healer","floor":127,"turns":2},{"damage":0,"enemies":"Chosen and Byrds","floor":128,"turns":1},{"damage":0,"enemies":"Gremlin Leader","floor":129,"turns":1},{"damage":0,"enemies":"Book of Stabbing","floor":130,"turns":1},{"damage":0,"enemies":"Snake Plant","floor":132,"turns":1},{"damage":0,"enemies":"Snecko","floor":134,"turns":1},{"damage":0,"enemies":"Gremlin Leader","floor":135,"turns":1},{"damage":0,"enemies":"Collector","floor":137,"turns":2},{"damage":0,"enemies":"Orb Walker","floor":139,"turns":1},{"damage":0,"enemies":"3 Shapes","floor":142,"turns":1},{"damage":0,"enemies":"Jaw Worm Horde","floor":143,"turns":1},{"damage":0,"enemies":"Reptomancer","floor":144,"turns":1},{"damage":0,"enemies":"Nemesis","floor":146,"turns":2},{"damage":0,"enemies":"Reptomancer","floor":147,"turns":1},{"damage":0,"enemies":"Spire Growth","floor":149,"turns":1},{"damage":0,"enemies":"Writhing Mass","floor":150,"turns":2},{"damage":0,"enemies":"Giant Head","floor":152,"turns":2},{"damage":32,"enemies":"Donu and Deca","floor":154,"turns":3},{"damage":2,"enemies":"Awakened One","floor":155,"turns":4},{"damage":0,"enemies":"Cultist","floor":157,"turns":1},{"damage":0,"enemies":"Small Slimes","floor":158,"turns":1},{"damage":0,"enemies":"2 Louse","floor":159,"turns":1},{"damage":0,"enemies":"2 Fungi Beasts","floor":161,"turns":1},{"damage":0,"enemies":"3 Sentries","floor":162,"turns":1},{"damage":0,"enemies":"Exordium Thugs","floor":163,"turns":1},{"damage":0,"enemies":"Gremlin Nob","floor":164,"turns":1},{"damage":0,"enemies":"Lagavulin","floor":165,"turns":1},{"damage":0,"enemies":"Blue Slaver","floor":166,"turns":1},{"damage":0,"enemies":"3 Louse","floor":167,"turns":1},{"damage":0,"enemies":"Lots of Slimes","floor":170,"turns":1},{"damage":0,"enemies":"Hexaghost","floor":172,"turns":3},{"damage":0,"enemies":"Shell Parasite","floor":174,"turns":2},{"damage":0,"enemies":"Chosen","floor":175,"turns":1}],"seed_played":"-3759582346513985717","potions_obtained":[{"floor":1,"key":"DistilledChaos"},{"floor":5,"key":"Regen Potion"},{"floor":11,"key":"EntropicBrew"},{"floor":14,"key":"Dexterity Potion"},{"floor":16,"key":"Explosive Potion"},{"floor":20,"key":"Dexterity Potion"},{"floor":21,"key":"Swift Potion"},{"floor":33,"key":"FearPotion"},{"floor":41,"key":"Weak Potion"},{"floor":44,"key":"DuplicationPotion"},{"floor":50,"key":"EntropicBrew"},{"floor":51,"key":"Weak Potion"},{"floor":55,"key":"CultistPotion"},{"floor":60,"key":"SteroidPotion"},{"floor":68,"key":"AttackPotion"},{"floor":75,"key":"Dexterity Potion"},{"floor":83,"key":"AttackPotion"},{"floor":85,"key":"ColorlessPotion"},{"floor":87,"key":"Weak Potion"},{"floor":88,"key":"Poison Potion"},{"floor":89,"key":"Energy Potion"},{"floor":90,"key":"FairyPotion"},{"floor":91,"key":"FearPotion"},{"floor":93,"key":"FearPotion"},{"floor":95,"key":"Weak Potion"},{"floor":96,"key":"Dexterity Potion"},{"floor":97,"key":"Swift Potion"},{"floor":100,"key":"PowerPotion"},{"floor":102,"key":"Energy Potion"},{"floor":105,"key":"LiquidBronze"},{"floor":106,"key":"Energy Potion"},{"floor":109,"key":"GhostInAJar"},{"floor":120,"key":"EntropicBrew"},{"floor":129,"key":"Regen Potion"},{"floor":146,"key":"PowerPotion"},{"floor":155,"key":"Strength Potion"},{"floor":172,"key":"Poison Potion"}],"is_trial":true,"path_per_floor":["M","$","M","M","M","E","R","E","T","R","M","M","M","E","R","B",null,"M","?","M","M","M","R","$","R","T","M","E","M","$","E","R","B",null,"M","T","E","$","M","R","E","$","T","M","M","M","R","E","R","B","B",null,"M","?","E","M","M","E","M","E","T","$","R","M","E","M","R","B",null,"M","$","M","M","?","E","R","E","E","R","M","M","M","E","R","B",null,"M","E","M","E","M","R","E","R","E","M","E","$","E","M","R","B","B",null,"M","E","M","?","M","R","E","R","E","M","E","$","M","M","R","B",null,"M","?","M","E","$","M","M","E","E","R","M","R","M","E","R","B",null,"M","$","?","M","M","E","R","E","E","R","M","M","$","E","R","B","B",null,"M","M","M","?","M","E","M","E","E","M","M","R","$","M","R","B",null,"M","M"],"character_chosen":"THE_SILENT","items_purchased":["Trip","Sling","Chemical X","Strawberry","Sadistic Nature+1","Membership Card","Pear","Du-Vu Doll","Apotheosis","Akabeko","Dropkick","Sucker Punch","Bag of Marbles","Centennial Puzzle","Shuriken","Eternal Feather","Anchor","Molten Egg 2","Torii","Mummified Hand","HandDrill","Meat on the Bone","Shovel","Fruit Juice","ClockworkSouvenir","TungstenRod","Girya","Tingsha","Poisoned Stab+1"],"campfire_rested":20,"item_purchase_floors":[2,24,30,38,42,62,62,62,62,71,98,98,98,98,98,98,116,116,116,116,116,116,116,126,126,126,126,126,140],"current_hp_per_floor":[59,59,55,45,45,39,39,31,31,31,31,25,17,19,19,21,55,46,46,48,50,52,52,52,52,52,54,54,56,56,58,58,41,60,62,62,64,71,71,75,77,77,77,71,73,73,79,81,83,56,47,83,85,89,91,93,95,98,98,98,98,110,112,112,112,114,116,116,118,118,118,118,116,116,120,122,124,124,128,128,128,120,122,132,132,132,120,134,126,136,91,138,140,142,137,117,127,142,146,137,162,121,157,164,164,166,165,130,132,168,170,172,172,174,176,176,176,176,178,178,178,178,121,127,131,156,162,166,172,180,194,194,196,196,198,200,200,200,200,200,200,200,200,202,204,206,208,210,210,210,210,212,214,186,217,218,218,218,218,218,218,218,218,218,218,218,218,218,218,218,218,218,218,218,218,218],"gold":1196,"neow_bonus":"","is_daily":false,"chose_seed":false,"campfire_upgraded":6,"win_rate":0.0,"timestamp":1610976730,"path_taken":["M","$","?","?","M","E","R","E","T","R","M","M","M","?","R","BOSS","M","?","M","M","?","R","$","R","T","M","E","M","?","E","R","BOSS","M","?","?","?","M","R","E","$","T","M","M","M","R","E","R","BOSS","BOSS","M","?","?","M","M","E","M","E","T","$","R","M","?","M","R","BOSS","M","$","M","M","?","E","R","E","E","R","?","M","M","?","R","BOSS","M","?","M","?","M","R","?","R","E","M","E","$","E","M","R","BOSS","BOSS","M","?","M","?","M","R","E","R","E","?","E","$","M","M","R","BOSS","M","?","M","?","$","M","M","E","E","R","M","R","?","E","R","BOSS","M","$","?","M","M","E","R","E","E","R","M","M","?","?","R","BOSS","BOSS","M","M","M","?","M","E","M","E","E","?","?","R","$","M","R","BOSS","M","M"],"items_purchased_type":["Card","Relic","Relic","Relic","Card","Relic","Relic","Relic","Card","Relic","Card","Card","Relic","Relic","Relic","Relic","Relic","Relic","Relic","Relic","Relic","Relic","Relic","Potion","Relic","Relic","Relic","Relic","Card"],"build_version":"2020-12-22","purchased_purges":0,"victory":false,"max_hp_per_floor":[66,66,66,66,66,66,66,66,66,66,66,66,66,66,66,66,66,66,66,66,66,66,66,66,66,66,66,66,66,66,66,66,66,66,66,66,66,73,73,75,77,77,77,77,77,77,79,81,83,83,85,92,92,94,96,96,96,98,98,100,100,110,112,112,114,114,116,118,118,118,118,118,118,118,120,122,124,126,128,128,128,128,130,132,132,132,132,134,134,136,136,138,140,142,142,142,144,144,146,160,162,164,166,166,166,166,166,166,166,168,170,172,174,174,176,176,176,176,178,178,178,178,183,183,183,188,188,188,190,192,194,194,196,196,198,200,200,200,200,200,200,200,200,202,204,206,208,210,210,210,210,212,214,216,218,218,218,218,218,218,218,218,218,218,218,218,218,218,218,218,218,218,218,218,218,218],"card_choices":[{"not_picked":["Quick Slash","Pommel Strike"],"picked":"Hemokinesis","floor":6},{"not_picked":["Skewer","Wild Strike","Caltrops"],"picked":"SKIP","floor":8},{"not_picked":["Headbutt","Clash"],"picked":"Rampage","floor":14},{"not_picked":["Reaper","Offering"],"picked":"Corpse Explosion","floor":16},{"not_picked":["Ghostly Armor+1","Perfected Strike","Anger","Flying Knee"],"picked":"SKIP","floor":28},{"not_picked":["Footwork+1","Riddle With Holes","Expertise+1"],"picked":"Slice","floor":31},{"not_picked":["After Image+1","Immolate","Corruption+1"],"picked":"Limit Break","floor":33},{"not_picked":["Combust+1","Armaments+1","Thunderclap"],"picked":"Uppercut","floor":37},{"not_picked":["Thunderclap","Wraith Form v2+1","Heavy Blade","Body Slam"],"picked":"Singing Bowl","floor":40},{"not_picked":["Well Laid Plans+1","Burning Pact+1","Underhanded Strike","Skewer"],"picked":"Singing Bowl","floor":41},{"not_picked":["Anger","Flex","True Grit","PiercingWail"],"picked":"Singing Bowl","floor":47},{"not_picked":["Shrug It Off","Cloak And Dagger","Bloodletting","Twin Strike"],"picked":"Singing Bowl","floor":48},{"not_picked":["Dropkick","Flying Knee+1","Body Slam","Fire Breathing+1"],"picked":"Singing Bowl","floor":49},{"not_picked":["Corpse Explosion","Corruption+1","Impervious"],"picked":"Phantasmal Killer","floor":50},{"not_picked":["Bullet Time","Bludgeon","Berserk+1","Burst"],"picked":"Singing Bowl","floor":51},{"not_picked":["Backflip","True Grit","Slice","Perfected Strike+1"],"picked":"Singing Bowl","floor":52},{"not_picked":["Flex","Reckless Charge","Caltrops+1","Wild Strike"],"picked":"Singing Bowl","floor":54},{"not_picked":["Poisoned Stab","Acrobatics","Thunderclap","Unload"],"picked":"Singing Bowl","floor":55},{"not_picked":["Bouncing Flask","Dagger Spray","Sentinel","Uppercut"],"picked":"Singing Bowl","floor":58},{"not_picked":["Riddle With Holes","Anger","Dual Wield","Iron Wave"],"picked":"Singing Bowl","floor":60},{"not_picked":["Setup","Wild Strike","Sucker Punch","Calculated Gamble"],"picked":"Singing Bowl","floor":63},{"not_picked":["Concentrate","Bane","Venomology","Intimidate"],"picked":"Singing Bowl","floor":65},{"not_picked":["Body Slam","Pommel Strike","Cleave","Heavy Blade"],"picked":"Singing Bowl","floor":67},{"not_picked":["Storm of Steel","Glass Knife","Reaper","Die Die Die"],"picked":"Singing Bowl","floor":68},{"not_picked":["Storm of Steel","Sword Boomerang","Feed","Dual Wield"],"picked":"Singing Bowl","floor":75},{"not_picked":["Iron Wave","Thunderclap","Outmaneuver","Bane"],"picked":"Singing Bowl","floor":76},{"not_picked":["Storm of Steel","Sucker Punch","Shrug It Off","PiercingWail"],"picked":"Singing Bowl","floor":77},{"not_picked":["True Grit","Iron Wave","Ghostly Armor","Immolate"],"picked":"Singing Bowl","floor":78},{"not_picked":["Anger","Clash","Power Through","Carnage"],"picked":"Singing Bowl","floor":79},{"not_picked":["Backflip","Body Slam","Poisoned Stab","Pommel Strike"],"picked":"Singing Bowl","floor":83},{"not_picked":["Outmaneuver","Whirlwind","Poisoned Stab","Bloodletting"],"picked":"Singing Bowl","floor":84},{"not_picked":["Glass Knife","Double Tap","Berserk+1"],"picked":"Demon Form+1","floor":85},{"not_picked":["Underhanded Strike","Distraction","Heavy Blade+1","Twin Strike"],"picked":"Singing Bowl","floor":88},{"not_picked":["Clothesline","Bane+1","Concentrate","Expertise"],"picked":"Singing Bowl","floor":90},{"not_picked":["Metallicize+1","Skewer","Dagger Spray","Outmaneuver"],"picked":"Singing Bowl","floor":92},{"not_picked":["Body Slam+1","Underhanded Strike","Venomology","Unload"],"picked":"Singing Bowl","floor":93},{"not_picked":["Battle Trance","Blade Dance","Wild Strike","Combust+1"],"picked":"Singing Bowl","floor":94},{"not_picked":["Anger+1","Bouncing Flask","Prepared"],"picked":"Tools of the Trade+1","floor":95},{"not_picked":["Clash+1","Pommel Strike","Sentinel+1","Flechettes+1"],"picked":"Singing Bowl","floor":97},{"not_picked":["Underhanded Strike","Bane","Concentrate","Outmaneuver"],"picked":"Singing Bowl","floor":99},{"not_picked":["Impervious","Pommel Strike","Rage+1","Bloodletting"],"picked":"Singing Bowl","floor":101},{"not_picked":["Bludgeon","Fiend Fire","Burst","Glass Knife"],"picked":"Singing Bowl","floor":102},{"not_picked":["Grand Finale","Corpse Explosion","Glass Knife","Bullet Time"],"picked":"Singing Bowl","floor":103},{"not_picked":["Dagger Throw","Anger","Headbutt"],"picked":"Adrenaline","floor":106},{"not_picked":["Dodge and Roll","Dagger Throw","Wild Strike","Sword Boomerang"],"picked":"Singing Bowl","floor":110},{"not_picked":["Body Slam","Tools of the Trade+1","Clothesline","PiercingWail"],"picked":"Singing Bowl","floor":111},{"not_picked":["Wild Strike","Blur","Cleave","Shrug It Off"],"picked":"Singing Bowl","floor":112},{"not_picked":["Iron Wave","Slice","A Thousand Cuts+1","Disarm"],"picked":"Singing Bowl","floor":113},{"not_picked":["Poisoned Stab","Cloak And Dagger+1","Sword Boomerang","Prepared+1"],"picked":"Singing Bowl","floor":115},{"not_picked":["Flex+1","Riddle With Holes+1","Warcry+1","Wild Strike+1"],"picked":"Singing Bowl","floor":119},{"not_picked":["Bullet Time+1","Reaper+1","Storm of Steel+1"],"picked":"Double Tap+1","floor":120},{"not_picked":["Shockwave+1","Bullet Time+1","Quick Slash+1"],"picked":"Whirlwind+1","floor":125},{"not_picked":["PiercingWail+1","Poisoned Stab+1","True Grit+1","Shrug It Off+1"],"picked":"Singing Bowl","floor":129},{"not_picked":["Quick Slash+1","Metallicize+1","Predator+1","Rupture+1"],"picked":"Singing Bowl","floor":130},{"not_picked":["Thunderclap+1","Prepared+1","Clothesline+1","Shockwave+1"],"picked":"Singing Bowl","floor":131},{"not_picked":["Seeing Red+1","Cloak And Dagger+1","Entrench+1","Double Tap+1"],"picked":"Singing Bowl","floor":133},{"not_picked":["Flying Knee+1","Reflex+1","Escape Plan+1","Slice+1"],"picked":"Singing Bowl","floor":135},{"not_picked":["Carnage+1","Thunderclap+1","Sword Boomerang+1","PiercingWail+1"],"picked":"Singing Bowl","floor":136},{"not_picked":["Storm of Steel+1","Glass Knife+1","Immolate+1"],"picked":"Juggernaut+1","floor":137},{"not_picked":["Backflip+1","Pommel Strike+1","PiercingWail+1","Tactician+1"],"picked":"Singing Bowl","floor":144},{"not_picked":["Quick Slash+1","Seeing Red+1","Clothesline+1","Flying Knee+1"],"picked":"Singing Bowl","floor":145},{"not_picked":["Endless Agony+1","Bane+1","Twin Strike+1","Blade Dance+1"],"picked":"Singing Bowl","floor":146},{"not_picked":["Brutality+1","Metallicize+1","Infinite Blades+1","Flex+1"],"picked":"Singing Bowl","floor":147},{"not_picked":["Shrug It Off+1","Perfected Strike+1","Dagger Throw+1","Cloak And Dagger+1"],"picked":"Singing Bowl","floor":148},{"not_picked":["Heavy Blade+1","Exhume+1","Endless Agony+1","Sword Boomerang+1"],"picked":"Singing Bowl","floor":152},{"not_picked":["Heel Hook+1","Iron Wave+1","Infernal Blade+1","Bane+1"],"picked":"Singing Bowl","floor":153},{"not_picked":["Exhume+1","Malaise+1","A Thousand Cuts+1","Berserk+1"],"picked":"Singing Bowl","floor":154},{"not_picked":["Phantasmal Killer+1","Bullet Time+1","Adrenaline+1","Limit Break+1"],"picked":"Singing Bowl","floor":155},{"not_picked":["Disarm+1","Cleave+1","Reflex+1","Dodge and Roll+1"],"picked":"Singing Bowl","floor":162},{"not_picked":["Rampage+1","Spot Weakness+1","Headbutt+1"],"picked":"Dash+1","floor":164},{"not_picked":["Havoc+1","Heavy Blade+1","Reckless Charge+1"],"picked":"Barricade+1","floor":165},{"not_picked":["Tools of the Trade+1","Unload+1","Corpse Explosion+1"],"picked":"Demon Form+1","floor":172}],"player_experience":204593,"relics_obtained":[{"floor":1,"key":"Matryoshka"},{"floor":3,"key":"Ancient Tea Set"},{"floor":4,"key":"Gambling Chip"},{"floor":5,"key":"HornCleat"},{"floor":6,"key":"Dream Catcher"},{"floor":8,"key":"Gremlin Horn"},{"floor":9,"key":"CeramicFish"},{"floor":9,"key":"Ornamental Fan"},{"floor":11,"key":"Blood Vial"},{"floor":12,"key":"PreservedInsect"},{"floor":14,"key":"Nunchaku"},{"floor":18,"key":"Tiny Chest"},{"floor":20,"key":"Mercury Hourglass"},{"floor":21,"key":"Frozen Egg 2"},{"floor":22,"key":"Regal Pillow"},{"floor":26,"key":"Vajra"},{"floor":26,"key":"Question Card"},{"floor":27,"key":"Boot"},{"floor":28,"key":"Ninja Scroll"},{"floor":28,"key":"Ginger"},{"floor":29,"key":"Ice Cream"},{"floor":31,"key":"Kunai"},{"floor":31,"key":"The Specimen"},{"floor":35,"key":"War Paint"},{"floor":36,"key":"Turnip"},{"floor":37,"key":"Singing Bowl"},{"floor":37,"key":"StrikeDummy"},{"floor":39,"key":"Happy Flower"},{"floor":41,"key":"Sundial"},{"floor":41,"key":"The Courier"},{"floor":43,"key":"Darkstone Periapt"},{"floor":44,"key":"Lantern"},{"floor":45,"key":"InkBottle"},{"floor":46,"key":"Toy Ornithopter"},{"floor":48,"key":"White Beast Statue"},{"floor":48,"key":"Calipers"},{"floor":53,"key":"Orichalcum"},{"floor":54,"key":"Odd Mushroom"},{"floor":56,"key":"Snake Skull"},{"floor":57,"key":"MealTicket"},{"floor":59,"key":"Bag of Preparation"},{"floor":61,"key":"Pen Nib"},{"floor":64,"key":"Art of War"},{"floor":66,"key":"Pantograph"},{"floor":70,"key":"Letter Opener"},{"floor":72,"key":"Oddly Smooth Stone"},{"floor":73,"key":"Bronze Scales"},{"floor":80,"key":"Whetstone"},{"floor":81,"key":"Incense Burner"},{"floor":82,"key":"Thread and Needle"},{"floor":89,"key":"Smiling Mask"},{"floor":91,"key":"Potion Belt"},{"floor":96,"key":"Bird Faced Urn"},{"floor":100,"key":"Mango"},{"floor":105,"key":"Blue Candle"},{"floor":107,"key":"Unceasing Top"},{"floor":109,"key":"Omamori"},{"floor":114,"key":"Toxic Egg 2"},{"floor":117,"key":"StoneCalendar"},{"floor":118,"key":"Old Coin"},{"floor":122,"key":"FossilizedHelix"},{"floor":124,"key":"CaptainsWheel"},{"floor":127,"key":"Circlet"},{"floor":128,"key":"Circlet"},{"floor":132,"key":"Circlet"},{"floor":134,"key":"Circlet"},{"floor":139,"key":"Circlet"},{"floor":142,"key":"Circlet"},{"floor":143,"key":"Circlet"},{"floor":149,"key":"Circlet"},{"floor":150,"key":"Circlet"},{"floor":157,"key":"MawBank"},{"floor":161,"key":"Bottled Lightning"},{"floor":163,"key":"Lizard Tail"},{"floor":166,"key":"Prayer Wheel"},{"floor":167,"key":"Tough Bandages"},{"floor":170,"key":"Circlet"},{"floor":174,"key":"Circlet"}],"event_choices":[{"damage_healed":0,"gold_gain":50,"player_choice":"Pray","damage_taken":0,"max_hp_gain":0,"max_hp_loss":0,"event_name":"Golden Shrine","floor":19,"gold_loss":0},{"damage_healed":0,"gold_gain":0,"player_choice":"Fought Mushrooms","damage_taken":0,"max_hp_gain":0,"max_hp_loss":0,"event_name":"Mushrooms","floor":54,"gold_loss":0},{"damage_healed":0,"gold_gain":0,"player_choice":"Ignored","damage_taken":0,"max_hp_gain":0,"max_hp_loss":0,"event_name":"Beggar","floor":74,"gold_loss":0},{"damage_healed":0,"gold_gain":0,"player_choice":"Success","damage_taken":35,"relics_obtained":["Paper Crane"],"max_hp_gain":0,"max_hp_loss":0,"event_name":"Scrap Ooze","floor":108,"gold_loss":0},{"damage_healed":0,"gold_gain":0,"player_choice":"Shed Blood","damage_taken":62,"max_hp_gain":5,"max_hp_loss":0,"event_name":"Forgotten Altar","floor":123,"gold_loss":0},{"cards_removed":["Slice"],"damage_healed":0,"gold_gain":0,"player_choice":"Removed Attack","damage_taken":0,"max_hp_gain":0,"max_hp_loss":0,"event_name":"Falling","floor":141,"gold_loss":0},{"damage_healed":0,"gold_gain":0,"player_choice":"Leave","damage_taken":0,"max_hp_gain":0,"max_hp_loss":0,"event_name":"The Cleric","floor":160,"gold_loss":0}],"is_beta":false,"boss_relics":[{"not_picked":["Ring of the Serpent","Calling Bell"],"picked":"Black Star"},{"not_picked":["Philosopher\u0027s Stone","Snecko Eye"],"picked":"Runic Pyramid"},{"not_picked":["Sozu","Runic Dome"],"picked":"Tiny House"},{"not_picked":["Velvet Choker","Runic Dome","Astrolabe"]},{"not_picked":["Philosopher\u0027s Stone","Calling Bell"],"picked":"SlaversCollar"},{"not_picked":["Busted Crown","Fusion Hammer"],"picked":"WristBlade"},{"not_picked":["Snecko Eye","HoveringKite"],"picked":"Ring of the Serpent"},{"not_picked":["Astrolabe","Velvet Choker","Coffee Dripper"]},{"not_picked":["Sozu","Runic Dome"],"picked":"Cursed Key"},{"not_picked":["Calling Bell","Busted Crown"],"picked":"Philosopher\u0027s Stone"}],"items_purged_floors":[],"is_endless":true,"potions_floor_spawned":[1,5,11,14,16,20,21,33,41,44,46,50,51,53,54,55,56,57,58,59,60,64,65,66,68,70,72,73,75,77,78,80,81,82,83,85,87,88,89,90,91,93,95,96,97,99,100,102,103,105,106,107,109,111,113,114,115,117,118,120,122,124,125,127,128,129,130,132,134,135,137,139,142,143,144,146,147,149,150,152,154,155,157,158,159,161,162,163,164,165,166,167,170,172,174],"killed_by":"Chosen","ascension_level":20}}