{"host":"at8674jmuidj9jgx","time":1610972749,"event":{"mods":["AchievementEnabler","BaseMod","Colored Map","Colored Powertips","Minty Spire (QoL Compilation)","SuperFastMode"],"gold_per_floor":[112,112,136,159,174,174,209,239,239,264,308,5,26,49,49,49,49],"floor_reached":16,"language":"ENG","playtime":2902,"items_purged":[],"score":114,"play_id":"eeb436b2-d47c-4c75-95dc-9b04769e8828","local_time":"20210118152549","is_ascension_mode":false,"campfire_choices":[{"floor":6,"key":"REST"},{"floor":15,"key":"REST"}],"circlet_count":0,"master_deck":["Strike_G","Strike_G","Strike_G","Strike_G","Strike_G","Defend_G","Defend_G","Defend_G","Defend_G","Defend_G","Survivor","Neutralize","Underhanded Strike","Eviscerate","Expertise","Finisher","Underhanded Strike","Unload","Slice"],"relics":["Ring of the Snake","Golden Idol","Mummified Hand","Dream Catcher","Matryoshka","HornCleat","Gambling Chip"],"acts_visited":["Exordium"],"potions_floor_usage":[4,7,11,11],"damage_taken":[{"damage":10,"enemies":"Small Slimes","floor":1,"turns":4},{"damage":0,"enemies":"2 Louse","floor":3,"turns":5},{"damage":0,"enemies":"Jaw Worm","floor":4,"turns":1},{"damage":4,"enemies":"3 Louse","floor":5,"turns":5},{"damage":28,"enemies":"Lagavulin","floor":7,"turns":8},{"damage":5,"enemies":"Blue Slaver","floor":10,"turns":4},{"damage":23,"enemies":"3 Sentries","floor":11,"turns":9},{"damage":0,"enemies":"Looter","floor":13,"turns":1},{"damage":0,"enemies":"2 Fungi Beasts","floor":14,"turns":2},{"damage":37,"enemies":"Hexaghost","floor":16,"turns":9}],"seed_played":"-5588992217398651673","potions_obtained":[{"floor":3,"key":"DuplicationPotion"},{"floor":4,"key":"DistilledChaos"},{"floor":7,"key":"FearPotion"},{"floor":10,"key":"FearPotion"}],"is_trial":false,"path_per_floor":["M","?","M","M","M","R","E","?","T","M","E","$","M","M","R","B"],"character_chosen":"THE_SILENT","items_purchased":["Gambling Chip"],"campfire_rested":2,"item_purchase_floors":[12],"current_hp_per_floor":[67,48,48,48,44,67,39,39,39,34,11,11,11,11,34,0,0],"gold":49,"neow_bonus":"TEN_PERCENT_HP_BONUS","is_daily":false,"chose_seed":false,"campfire_upgraded":0,"win_rate":0.0,"timestamp":1610972749,"path_taken":["M","?","M","M","M","R","E","?","T","M","E","$","M","M","R","BOSS"],"items_purchased_type":["Relic"],"build_version":"2020-12-22","purchased_purges":0,"victory":false,"max_hp_per_floor":[77,77,77,77,77,77,77,77,77,77,77,77,77,77,77,77,77],"card_choices":[{"not_picked":["Dagger Throw","Masterful Stab"],"picked":"Underhanded Strike","floor":1},{"not_picked":["PiercingWail","Prepared"],"picked":"Eviscerate","floor":3},{"not_picked":["Blur","Flying Knee"],"picked":"Expertise","floor":4},{"not_picked":["PiercingWail","Dagger Spray"],"picked":"Finisher","floor":5},{"not_picked":["PiercingWail","Expertise","Well Laid Plans"],"picked":"SKIP","floor":7},{"not_picked":["Bane","Masterful Stab"],"picked":"Underhanded Strike","floor":10},{"not_picked":["Underhanded Strike","Infinite Blades"],"picked":"Unload","floor":11},{"not_picked":["Poisoned Stab","Quick Slash"],"picked":"Slice","floor":13},{"not_picked":["Doppelganger","Masterful Stab","Cloak And Dagger"],"picked":"SKIP","floor":14}],"player_experience":98179,"relics_obtained":[{"floor":7,"key":"Mummified Hand"},{"floor":9,"key":"Matryoshka"},{"floor":11,"key":"HornCleat"}],"event_choices":[{"damage_healed":0,"gold_gain":0,"player_choice":"Take Damage","damage_taken":19,"relics_obtained":["Golden Idol"],"max_hp_gain":0,"max_hp_loss":0,"event_name":"Golden Idol","floor":2,"gold_loss":0},{"damage_healed":0,"gold_gain":30,"player_choice":"Searched \u00273\u0027 times","damage_taken":0,"relics_obtained":["Dream Catcher"],"max_hp_gain":0,"max_hp_loss":0,"event_name":"Dead Adventurer","floor":8,"gold_loss":0}],"is_beta":false,"boss_relics":[],"items_purged_floors":[],"is_endless":false,"potions_floor_spawned":[3,4,7,10],"killed_by":"Hexaghost","ascension_level":0}}