{"host":"51fyd6gkml7xavq8","time":1610994505,"event":{"mods":["BaseMod","BetterRewards","Colored Map","Energized Spire","Infinite Spire","Minty Spire (QoL Compilation)","Replay The Spire","Shop Mod","Spicy Shops","StSLib","The Blue Laboratory","[IsaacMod]????"],"gold_per_floor":[118,4,17,31,31,31,31,43,43,43,43,43,56,6,6,6,6],"floor_reached":16,"language":"ENG","playtime":733,"items_purged":["Defend_G","Strike_G"],"score":200,"play_id":"8f9aa9be-c629-48d7-80eb-99de2fe340ed","local_time":"20210118152825","is_ascension_mode":true,"campfire_choices":[{"data":"Neutralize","floor":7,"key":"SMITH"},{"data":"Neutralize","floor":10,"key":"SMITH"},{"data":"Survivor","floor":12,"key":"SMITH"},{"data":"Cold Snap","floor":15,"key":"SMITH"}],"circlet_count":0,"master_deck":["Strike_G","Strike_G","Strike_G+1","Defend_G","Defend_G","Defend_G+1","Defend_G","Survivor+1","Neutralize+1","Neutralize+1","Cold Snap+1"],"relics":["Iron Core","HushsDoor","PillsDrop","TheBattery","Omamori","MerchantsRug","Singing Bowl","Gremlin Horn","TwistedFunnel","infinitespire:Cubic Diamond","Divine Protection"],"acts_visited":["Exordium"],"potions_floor_usage":[],"damage_taken":[{"damage":0,"enemies":"2 Louse","floor":1,"turns":5},{"damage":0,"enemies":"Small Slimes","floor":3,"turns":2},{"damage":0,"enemies":"Jaw Worm","floor":4,"turns":2},{"damage":0,"enemies":"Large Slime","floor":13,"turns":7},{"damage":38,"enemies":"Hexaghost","floor":16,"turns":16}],"seed_played":"-8071414484133521488","potions_obtained":[{"floor":1,"key":"blueLaboratory:PolymorphPotion"},{"floor":3,"key":"Elixir"}],"is_trial":false,"path_per_floor":["M","$","M","M","?","?","R","$","T","R","?","R","M","?","R","B"],"character_chosen":"THE_SILENT","items_purchased":["TheBattery","Omamori","MerchantsRug","Singing Bowl","Gremlin Horn","DollysMirror","TwistedFunnel"],"campfire_rested":0,"item_purchase_floors":[0,0,0,0,0,0,2],"current_hp_per_floor":[23,23,25,27,27,50,50,50,50,50,36,36,36,36,36,0,0],"gold":6,"neow_bonus":"","is_daily":false,"chose_seed":false,"campfire_upgraded":4,"win_rate":0.0,"timestamp":1610994505,"path_taken":["M","$","M","M","?","?","R","$","T","R","?","R","M","?","R","BOSS"],"items_purchased_type":["Relic","Relic","Relic","Relic","Relic","Relic","Relic"],"build_version":"2020-12-22","purchased_purges":2,"victory":false,"max_hp_per_floor":[72,72,74,71,71,71,71,71,71,71,71,71,71,71,71,71,71],"card_choices":[{"not_picked":[],"picked":"Bomb","floor":0},{"not_picked":["Quick Slash","ReplayTheSpireMod:Tripwire","ReplayTheSpireMod:Speed Training"],"picked":"Singing Bowl","floor":1},{"not_picked":["Flechettes","ReplayTheSpireMod:The Works","Well Laid Plans"],"picked":"Singing Bowl","floor":3},{"not_picked":["ReplayTheSpireMod:Necrosis","Eviscerate","Fluid Movement"],"picked":"Singing Bowl","floor":4},{"not_picked":["Heavy Blade","Hologram"],"picked":"Cold Snap","floor":13}],"player_experience":588356,"relics_obtained":[{"floor":9,"key":"Divine Protection"}],"event_choices":[{"damage_healed":23,"gold_gain":0,"player_choice":"Banana","damage_taken":0,"max_hp_gain":0,"max_hp_loss":0,"event_name":"Big Fish","floor":6,"gold_loss":0},{"damage_healed":0,"gold_gain":0,"player_choice":"Entered Light","damage_taken":14,"max_hp_gain":0,"max_hp_loss":0,"event_name":"Shining Light","floor":11,"gold_loss":0,"cards_upgraded":["Defend_G","Strike_G"]},{"cards_removed":["Strike_G"],"damage_healed":0,"gold_gain":0,"player_choice":"Card Removal","damage_taken":0,"max_hp_gain":0,"max_hp_loss":0,"event_name":"The Cleric","floor":14,"gold_loss":50}],"is_beta":false,"boss_relics":[],"items_purged_floors":[0,0],"is_endless":false,"potions_floor_spawned":[1,3],"killed_by":"Hexaghost","ascension_level":9}}