{"host":"r4r4helli6evr3pz","time":1610929593,"event":{"mods":["A Magickal Journey","AchievementEnabler","Act Like it!","Aspiration","BaseMod","Better Note","BetterRewards","Challenge The Spire","Conspire","Curses Come First","DeckTracker","Evolution","GifTheSpireLib","Gold Saver","GungeonMod","Hermit","Hubris","Hyrulean Relics","Infinite Spire","JesterMod","Lobotomy","Mimic Mod","Minty Spire (QoL Compilation)","Quick Restart","Random Character Button","Relic Sorter","Relic Stats","Replay The Spire","Reworked Bosses","Shop Mod","Somnambulant","StSLib","Stuff the Spire","The Blackbeard","The Bug Knight","The Clintock","The Construct","The Cursed","The Druid","The Forsaken","The Hierophant","The Necromancer","The Poker Player","The Problem Sleuth","The Runesmith","vexMod"],"gold_per_floor":[124,151,199,191,219,231,275,287,322,367,7,32,32,32,32,42,42],"floor_reached":16,"language":"RUS","playtime":2360,"items_purged":[],"score":108,"play_id":"34914c00-880d-4213-8dfa-81b8eabe28e2","local_time":"20210118042633","is_ascension_mode":false,"campfire_choices":[{"data":"construct:ForceCore","floor":6,"key":"SMITH"},{"data":"construct:AttackMode","floor":8,"key":"SMITH"}],"circlet_count":0,"master_deck":["construct:Strike_Gold","construct:Strike_Gold","construct:Strike_Gold","construct:Strike_Gold","construct:Strike_Gold","construct:Defend_Gold","construct:Defend_Gold+1","construct:Defend_Gold","construct:Defend_Gold","construct:Defend_Gold","construct:AttackMode+1","construct:DefenseMode","construct:ForceCore+1","construct:SweepLaser","construct:Stasis","construct:PointDefense","construct:Forcefield","construct:ForceCore+1","construct:MetalShell","Injury","Writhe","Shame","hubris:Fate+1"],"relics":["construct:Cogwheel","EVO:Axolotl","theForsaken:Lifeblossom","infinitespire:PuzzleCube","Molten Egg 2","MerchantsRug","Replay:Bandana","DemoMod:GnawedKey","Toxic Egg 2"],"acts_visited":["Exordium"],"potions_floor_usage":[7,7],"damage_taken":[{"damage":0,"enemies":"Small Slimes","floor":1,"turns":4},{"damage":4,"enemies":"conspire:RoseBush","floor":2,"turns":3},{"damage":30,"enemies":"conspire:MimicChest","floor":3,"turns":6},{"damage":5,"enemies":"Cultist","floor":5,"turns":3},{"damage":58,"enemies":"Lagavulin","floor":7,"turns":9},{"damage":17,"enemies":"Replay:BlueRogue","floor":10,"turns":4},{"damage":2,"enemies":"Looter","floor":12,"turns":4},{"damage":18,"enemies":"Fading Forest","floor":16,"turns":4}],"seed_played":"6313428519395152663","potions_obtained":[{"floor":3,"key":"Regen Potion"},{"floor":4,"key":"Fire Potion"},{"floor":5,"key":"BlessingOfTheForge"},{"floor":7,"key":"BlessingOfTheForge"}],"is_trial":false,"path_per_floor":["M","M","?","?","M","R","E","R","T","E","$","M","?","?","R","B"],"character_chosen":"THE_CONSTRUCT_MOD","items_purchased":["MerchantsRug","Replay:Bandana","construct:MetalShell","DemoMod:GnawedKey"],"campfire_rested":0,"item_purchase_floors":[11,11,11,11],"current_hp_per_floor":[85,81,51,51,51,51,29,29,29,18,18,22,22,5,5,0,0],"gold":42,"neow_bonus":"RANDOM_COMMON_RELIC","is_daily":false,"chose_seed":false,"campfire_upgraded":2,"win_rate":0.0,"timestamp":1610929593,"path_taken":["M","M","?","?","?","R","E","R","T","E","$","M","?","?","R","BOSS"],"items_purchased_type":["Relic","Relic","Card","Relic"],"build_version":"2020-12-22","purchased_purges":0,"victory":false,"max_hp_per_floor":[85,85,85,85,85,85,85,85,85,85,85,85,85,85,85,85,85],"relic_stats":{"counters":[8,37],"obtain_stats":[{"MerchantsRug":11,"Replay:Baseball":9,"Replay:Bandana":11,"construct:Cogwheel":0,"theForsaken:Lifeblossom":3,"Molten Egg 2":10,"DemoMod:GlassGuonStoneRelic":2,"DemoMod:GnawedKey":11,"EVO:Axolotl":0,"Toxic Egg 2":13,"MawBank":0,"infinitespire:PuzzleCube":7},{"MerchantsRug":6,"Replay:Baseball":5,"Replay:Bandana":6,"construct:Cogwheel":0,"theForsaken:Lifeblossom":3,"Molten Egg 2":6,"DemoMod:GlassGuonStoneRelic":2,"DemoMod:GnawedKey":6,"EVO:Axolotl":0,"Toxic Egg 2":7,"MawBank":0,"infinitespire:PuzzleCube":5},{"MerchantsRug":29,"Replay:Baseball":25,"Replay:Bandana":29,"construct:Cogwheel":0,"theForsaken:Lifeblossom":13,"Molten Egg 2":29,"DemoMod:GlassGuonStoneRelic":7,"DemoMod:GnawedKey":29,"EVO:Axolotl":0,"Toxic Egg 2":33,"MawBank":0,"infinitespire:PuzzleCube":25}]},"card_choices":[{"not_picked":["construct:FierceBash","construct:SyphonStrike"],"picked":"construct:ForceCore","floor":1},{"not_picked":["construct:Hazardproof","construct:SaveState"],"picked":"construct:SweepLaser","floor":2},{"not_picked":["construct:FierceBash","construct:HyperBeam"],"picked":"construct:Stasis","floor":3},{"not_picked":["construct:ModeShift","construct:Stasis"],"picked":"construct:PointDefense","floor":5},{"not_picked":["construct:VentSteam","construct:Anticipate"],"picked":"construct:Forcefield","floor":7},{"not_picked":["construct:ModeShift","construct:FlakBarrage+1"],"picked":"construct:ForceCore","floor":10},{"not_picked":["construct:ScrapCannon+1","construct:HardReboot","construct:Reinforce"],"picked":"SKIP","floor":12},{"not_picked":["ReplayTheSpireMod:??????????????????????","hubris:Rewind"],"picked":"hubris:Fate","floor":15}],"player_experience":673718,"relics_obtained":[{"floor":3,"key":"theForsaken:Lifeblossom"},{"floor":7,"key":"infinitespire:PuzzleCube"},{"floor":9,"key":"Replay:Baseball"},{"floor":10,"key":"Molten Egg 2"}],"event_choices":[{"damage_healed":0,"gold_gain":0,"player_choice":"Bought 1 Potion","damage_taken":0,"max_hp_gain":0,"max_hp_loss":0,"event_name":"The Woman in Blue","floor":4,"gold_loss":0},{"damage_healed":0,"gold_gain":0,"player_choice":"Entered Light","damage_taken":17,"max_hp_gain":0,"max_hp_loss":0,"event_name":"Shining Light","floor":14,"gold_loss":0,"cards_upgraded":["construct:ForceCore","construct:Defend_Gold"]}],"is_beta":false,"boss_relics":[],"items_purged_floors":[],"is_endless":false,"potions_floor_spawned":[3,5,7],"killed_by":"Fading Forest","ascension_level":0}}