{"host":"0zwwzr7xjr1wfyy3","time":1610963892,"event":{"mods":["BaseMod","Downfall","Hermit","Marisa????????","Minty Spire (QoL Compilation)","StSLib","The Cursed","The Servant 0.9.4","Waifu the Spire"],"gold_per_floor":[111,126,145,63,28,28,28,28,28,28,28,68,68,83,83,213,213,232,255,269,184,36,80,99,117,194,119,144,144,144,243,243,366,366,385,385,398,67,91,91,91,91,91,9,28,28,63,88,88,88,88],"floor_reached":50,"language":"ENG","playtime":4076,"items_purged":["Strike_S"],"score":564,"play_id":"27f84dd5-2dd3-4a0e-96a7-d7065471d328","local_time":"20210118015812","is_ascension_mode":true,"campfire_choices":[{"data":"MurderousAura","floor":6,"key":"SMITH"},{"data":"FloweringNight","floor":8,"key":"SMITH"},{"data":"BestPractice","floor":10,"key":"SMITH"},{"floor":15,"key":"REST"},{"floor":29,"key":"REST"},{"floor":32,"key":"REST"},{"floor":40,"key":"REST"},{"data":"FlawlessForm","floor":42,"key":"SMITH"},{"floor":49,"key":"REST"}],"circlet_count":0,"master_deck":["Strike_S","Strike_S","Strike_S+1","Defend_S","Defend_S","Defend_S","Defend_S","KidneyShot+1","Exchange","FloweringNight+1","Rearm","MurderousAura+1","ShatteredReality","BestPractice+1","Starlight+1","Rearm","Dilation","Alleviate+1","Replace+1","FastForward+1","FlawlessForm+1","Moonlight","Spin+1","Reset","MurderousAura","Starlight+1","MurderousAura+1","InstantArmor","FanOfKnives","Dramatic Entrance","Secret Technique","Ricochet+1","Comet","Good Instincts"],"relics":["SplendidAttire","Matryoshka","Golden Idol","Question Card","bronze:MakeshiftBattery","Oddly Smooth Stone","Pen Nib","Potion Belt","Sundial","InkBottle","Nilry\u0027s Codex","Regal Pillow","Unceasing Top","Whetstone","Strawberry"],"acts_visited":["Exordium","TheCity","TheBeyond"],"potions_floor_usage":[40,41,50],"damage_taken":[{"damage":3,"enemies":"Jaw Worm","floor":1,"turns":6},{"damage":2,"enemies":"Small Slimes","floor":2,"turns":5},{"damage":7,"enemies":"2 Louse","floor":3,"turns":3},{"damage":9,"enemies":"3 Sentries","floor":12,"turns":7},{"damage":7,"enemies":"Looter","floor":14,"turns":3},{"damage":17,"enemies":"Hexaghost","floor":16,"turns":7},{"damage":0,"enemies":"3 Byrds","floor":18,"turns":4},{"damage":2,"enemies":"Chosen","floor":19,"turns":4},{"damage":3,"enemies":"Shelled Parasite and Fungi","floor":20,"turns":5},{"damage":0,"enemies":"Book of Stabbing","floor":23,"turns":6},{"damage":7,"enemies":"Centurion and Healer","floor":24,"turns":7},{"damage":8,"enemies":"Snake Plant","floor":25,"turns":6},{"damage":17,"enemies":"Shelled Parasite and Fungi","floor":28,"turns":7},{"damage":7,"enemies":"Collector","floor":33,"turns":8},{"damage":24,"enemies":"3 Darklings","floor":35,"turns":4},{"damage":9,"enemies":"Orb Walker","floor":37,"turns":3},{"damage":9,"enemies":"Spire Growth","floor":39,"turns":4},{"damage":7,"enemies":"4 Shapes","floor":45,"turns":2},{"damage":21,"enemies":"Nemesis","floor":47,"turns":7},{"damage":81,"enemies":"Time Eater","floor":50,"turns":8}],"seed_played":"-616684212322780227","potions_obtained":[{"floor":2,"key":"Regen Potion"},{"floor":16,"key":"SmokeBomb"},{"floor":23,"key":"Guardian:BlockOnCardUsePotion"},{"floor":24,"key":"Guardian:BlockOnCardUsePotion"},{"floor":25,"key":"SpeedPotion"},{"floor":28,"key":"AttackPotion"},{"floor":37,"key":"Slimebound:ThreeZeroPotion"},{"floor":39,"key":"Fruit Juice"},{"floor":41,"key":"Fruit Juice"},{"floor":41,"key":"Swift Potion"}],"is_trial":false,"path_per_floor":["M","M","M","$","?","R","$","R","T","R","?","E","?","M","R","B",null,"M","M","M","?","$","E","M","M","T","$","M","R","?","?","R","B",null,"M","?","M","$","M","R","?","R","T","$","M","?","E","T","R","B"],"character_chosen":"THE_SERVANT","items_purchased":["BestPractice","Pen Nib","FanOfKnives","Dramatic Entrance","Secret Technique","Comet"],"campfire_rested":5,"item_purchase_floors":[4,22,38,38,38,44],"current_hp_per_floor":[62,60,53,53,65,65,65,65,65,65,49,40,40,33,52,35,65,65,63,60,60,60,60,53,45,45,45,28,47,31,31,50,43,65,41,41,32,32,23,47,52,52,52,52,45,45,24,31,70,0,0],"gold":88,"neow_bonus":"ONE_RANDOM_RARE_CARD","is_daily":false,"chose_seed":false,"campfire_upgraded":4,"win_rate":0.0,"timestamp":1610963892,"path_taken":["M","M","M","$","?","R","$","R","T","R","?","E","?","M","R","BOSS","M","M","M","?","$","E","M","M","T","$","M","R","?","?","R","BOSS","M","?","?","$","M","R","?","R","T","?","M","?","E","?","R","BOSS"],"items_purchased_type":["Card","Relic","Card","Card","Card","Card"],"build_version":"2020-12-22","purchased_purges":1,"victory":false,"max_hp_per_floor":[65,65,65,65,65,65,65,65,65,65,65,65,65,65,65,65,65,65,65,65,65,65,65,65,65,65,65,65,65,65,65,65,65,65,65,65,65,65,65,70,75,75,75,75,75,75,75,82,82,82,82],"card_choices":[{"not_picked":["Alleviate","TimeWarp"],"picked":"Rearm","floor":1},{"not_picked":["Barrier","BottledTime"],"picked":"MurderousAura","floor":2},{"not_picked":["Shuttle","Potential"],"picked":"ShatteredReality","floor":3},{"not_picked":["Potential","TimeTheft"],"picked":"Starlight","floor":12},{"not_picked":["MoonPhase","Ricochet","Snipe"],"picked":"Rearm","floor":14},{"not_picked":["LightFlow","Sunlight","TrueSight"],"picked":"Dilation","floor":16},{"not_picked":["Defy","Spin","Read"],"picked":"Alleviate+1","floor":18},{"not_picked":["Spin","TimeWarp","Unruled"],"picked":"Replace+1","floor":19},{"not_picked":["SpecialFormula","Sabotage","DoubleEdge"],"picked":"FastForward+1","floor":20},{"not_picked":["BottledTime","Potential","TimeTheft"],"picked":"FlawlessForm","floor":23},{"not_picked":["Alleviate+1","Revamp","Potential"],"picked":"Moonlight","floor":24},{"not_picked":["Rearm","Potential","BottledTime"],"picked":"Spin+1","floor":25},{"not_picked":["ReturningBlade","Shuttle","Moondial+1"],"picked":"Reset","floor":28},{"not_picked":["FlawlessForm","ForgedInTime","Solidify"],"picked":"MurderousAura","floor":33},{"not_picked":["Defy","Replace+1","Rewind"],"picked":"Starlight+1","floor":35},{"not_picked":["DoubleEdge","Rewind+1","Read"],"picked":"InstantArmor","floor":37},{"not_picked":["TimeTheft+1","Rewind+1","Gouge+1"],"picked":"Ricochet+1","floor":39},{"not_picked":["Starlight+1","StarChef","Sunlight","Unruled+1"],"picked":"SKIP","floor":45},{"not_picked":["Deep Breath","Dark Shackles","Master of Strategy"],"picked":"Good Instincts","floor":46},{"not_picked":["DoubleEdge","Desolation+1","Luminosity","Misdirection"],"picked":"SKIP","floor":47}],"player_experience":38777,"relics_obtained":[{"floor":9,"key":"Matryoshka"},{"floor":12,"key":"Question Card"},{"floor":23,"key":"Potion Belt"},{"floor":26,"key":"Sundial"},{"floor":26,"key":"InkBottle"},{"floor":30,"key":"Nilry\u0027s Codex"},{"floor":43,"key":"Regal Pillow"},{"floor":43,"key":"Unceasing Top"},{"floor":47,"key":"Whetstone"},{"floor":48,"key":"Strawberry"}],"event_choices":[{"damage_healed":16,"gold_gain":0,"player_choice":"Healed","damage_taken":0,"max_hp_gain":0,"max_hp_loss":0,"event_name":"The Cleric","floor":5,"gold_loss":35},{"damage_healed":0,"gold_gain":0,"player_choice":"Take Damage","damage_taken":16,"relics_obtained":["Golden Idol"],"max_hp_gain":0,"max_hp_loss":0,"event_name":"Golden Idol","floor":11,"gold_loss":0},{"damage_healed":0,"gold_gain":0,"player_choice":"Grow","damage_taken":0,"max_hp_gain":0,"max_hp_loss":0,"event_name":"Living Wall","floor":13,"gold_loss":0,"cards_upgraded":["Starlight"]},{"damage_healed":0,"gold_gain":0,"player_choice":"Obtained Relic","damage_taken":0,"relics_obtained":["Oddly Smooth Stone"],"max_hp_gain":0,"max_hp_loss":0,"event_name":"Addict","floor":21,"gold_loss":85},{"damage_healed":0,"gold_gain":0,"player_choice":"Obtained Book","damage_taken":16,"max_hp_gain":0,"max_hp_loss":0,"event_name":"Cursed Tome","floor":30,"gold_loss":0},{"damage_healed":0,"gold_gain":99,"player_choice":"Stole From Cult","damage_taken":0,"max_hp_gain":0,"max_hp_loss":0,"event_name":"Nest","floor":31,"gold_loss":0},{"damage_healed":0,"gold_gain":0,"player_choice":"Copied","damage_taken":0,"max_hp_gain":0,"max_hp_loss":0,"event_name":"Duplicator","floor":36,"gold_loss":0,"cards_obtained":["MurderousAura"]},{"damage_healed":0,"gold_gain":0,"player_choice":"Got Potions","damage_taken":0,"max_hp_gain":0,"max_hp_loss":0,"event_name":"Lab","floor":41,"gold_loss":0},{"damage_healed":0,"gold_gain":0,"player_choice":"Memory 1","damage_taken":0,"max_hp_gain":0,"max_hp_loss":0,"event_name":"SensoryStone","floor":46,"gold_loss":0}],"is_beta":false,"boss_relics":[{"not_picked":["Black Star","Velvet Choker"],"picked":"bronze:MakeshiftBattery"},{"not_picked":["Philosopher\u0027s Stone","Fusion Hammer"],"picked":"SplendidAttire"}],"items_purged_floors":[27],"is_endless":false,"potions_floor_spawned":[2,16,23,24,25,28,33,37,39,47],"killed_by":"Time Eater","ascension_level":1}}