{"host":"w23c85yopnejbyem","time":1610975856,"event":{"mods":["100% Spire Juice","2.2 Compatiblity","AchievementEnabler","Act Like it!","Arknights The Spire","BaseMod","Beaked The Cultist","BetterRewards","CapriCore","ChefMod","Colored Map","Colored Powertips","Conspire","Downfall-Rebalance","Duelist Mod","Elementarium","Gensokyo","GifTheSpireLib","Halation","Hallownest","Hermit","Highlight Path","JesterMod","KinomotoSakuraMod(????)","Luminous","Menagerie","Mimic Mod","Minty Spire (QoL Compilation)","Permanent Neow","Quarter Circle Forward PUNCH!","Quick Restart","Replay The Spire","Robot Space Explorer","Shade Mod","Shedinja","Shop Mod","Spicy Shops","Spikes Relics","StS++","StSLib","Stuff the Spire","The Animator","The Blue Laboratory","The Bug Knight","The Dragon Tamer","The Fake Hero","The Immortal","The Marked","The Mystic","The Senshi","The Trickster","TheSwordswoman","TheVacant","TheVelvet","Useless Jewels Mod","Yakumo Yukari mod","??????REMEMod"],"gold_per_floor":[130,60,94,94,58,58,90,109,185,215,320,96,108,158,158,291,291,360,360,379,260,260,299,126,126,126,126,30,30,30],"floor_reached":29,"language":"ENG","playtime":1594,"items_purged":["AT_purpleEX","Pain"],"score":295,"play_id":"591893b2-bc64-4b95-9723-dc78eafaeb41","local_time":"20210118131736","is_ascension_mode":false,"campfire_choices":[{"data":"AdvanceAttack_purple","floor":6,"key":"SMITH"},{"floor":15,"key":"REST"},{"data":"beaked:WalkersFury","floor":25,"key":"SMITH"},{"floor":27,"key":"REST"}],"circlet_count":0,"master_deck":["AT_purpleEX","AT_purpleEX","AT_purpleEX+1","Defend_purpleEX+1","Defend_purpleEX","Defend_purpleEX","Defend_purpleEX","Observe_purple_1","Observe_purple_2","Mirror_FormAndEmptin_purple","AdvanceAttack_purple+1","RuleDissolution_purple+1","Mirror_FormAndEmptin_purple","RealityDreamConfluencek_purple","Mirror_FourBoundary_purple","MonsterNeedle_purple","StuffTheSpire:GnomedCurse","beaked:WalkersFury+1","StuffTheSpire:BrainWave","Charmbait_purple+1","Gensokyo:Shovel","Gensokyo:TarnishedGold","StSpp:Panic"],"relics":["Boundary_crack","Memoryfragments_purpleEX","REME_ComplimentaryCards","NeowsBlessing","StuffTheSpire:Gunfinga","StuffTheSpire:SapphireSignet","Molten Egg 2","conspire:Dentures","Sling","Ring of Greed","ReplayTheSpireMod:Ring of Challenge","Golden Idol","beaked:SacredDeck","Garlic","halation:LettersToHer","Oddly Smooth Stone","StuffTheSpire:HeavyRock"],"acts_visited":["Gensokyo:Gensokyo","Gensokyo:Gensokyoer"],"potions_floor_usage":[10,16],"damage_taken":[{"damage":0,"enemies":"Gensokyo:Gryphon","floor":1,"turns":1},{"damage":0,"enemies":"conspire:MimicChest","floor":3,"turns":1},{"damage":21,"enemies":"Gensokyo:Mamizou","floor":7,"turns":2},{"damage":0,"enemies":"Gensokyo:3_Fairies","floor":8,"turns":4},{"damage":42,"enemies":"Gensokyo:Cirno","floor":10,"turns":8},{"damage":0,"enemies":"Gensokyo:Python","floor":13,"turns":2},{"damage":5,"enemies":"Gensokyo:Kokoro","floor":16,"turns":10},{"damage":49,"enemies":"Gensokyo:3_Dogs","floor":18,"turns":8},{"damage":0,"enemies":"Gensokyo:CosmicMonolith","floor":20,"turns":6},{"damage":10,"enemies":"Gensokyo:Reisen","floor":23,"turns":6},{"damage":46,"enemies":"Gensokyo:3_Gloops","floor":29,"turns":4}],"seed_played":"5373462444359293622","potions_obtained":[{"floor":1,"key":"Reflective Coating"},{"floor":3,"key":"hexamod:EctoCoolerPotion"}],"is_trial":false,"path_per_floor":["M","?","?","?","$","R","E","M","T","E","?","$","M","?","R","B",null,"M","?","M","COS","?","E","$","R","T","R","$","M"],"character_chosen":"Youkari","items_purchased":["RuleDissolution_purple+1","Sling","Oddly Smooth Stone","StSpp:Panic"],"campfire_rested":2,"item_purchase_floors":[5,12,24,28],"current_hp_per_floor":[70,70,70,70,70,70,52,59,59,37,9,9,12,12,33,32,73,25,25,28,28,28,22,22,22,22,42,42,0,0],"gold":30,"neow_bonus":"THREE_ENEMY_KILL","is_daily":false,"chose_seed":false,"campfire_upgraded":2,"win_rate":0.0,"timestamp":1610975856,"path_taken":["M","?","?","?","$","R","E","?","T","E","?","?","M","?","R","BOSS","M","?","M","COS","?","E","$","R","T","R","?","M"],"items_purchased_type":["Card","Relic","Relic","Card"],"build_version":"2020-12-22","purchased_purges":2,"victory":false,"max_hp_per_floor":[70,70,70,70,70,70,70,70,70,70,70,70,73,73,73,73,73,73,73,73,73,68,68,68,68,68,68,68,68,68],"card_choices":[{"not_picked":["Boundary_ObjectiveBoundary_purple","ExternalForce_HighSpeedFlying_purple"],"picked":"Mirror_FormAndEmptin_purple","floor":1},{"not_picked":["Umbrella_purple","WingOfChimera_purple"],"picked":"AdvanceAttack_purple","floor":3},{"not_picked":["SfantasyHide_purple","Worldmountain_purple"],"picked":"Mirror_FormAndEmptin_purple","floor":7},{"not_picked":["WasteWire_Metro_purple","MeetDecomposer_purple"],"picked":"RealityDreamConfluencek_purple","floor":8},{"not_picked":["Anti_communist_purple","Mirror_FormAndEmptin_purple","WeekHit_purple+1"],"picked":"SKIP","floor":10},{"not_picked":["Erosivefilter_purple","RealityDreamConfluencek_purple"],"picked":"Mirror_FourBoundary_purple","floor":11},{"not_picked":["Line_surface_state_purple","Charmbait_purple+1"],"picked":"MonsterNeedle_purple","floor":11},{"not_picked":["ExistenceContinue_purple+1","Line_surface_state_purple","WingOfChimera_purple"],"picked":"SKIP","floor":13},{"not_picked":["SharpContractionReality_purple+1","StateErode_purple+1","Yakumo_Ran_purple"],"picked":"SKIP","floor":18},{"not_picked":["StuffTheSpire:Innocence","StuffTheSpire:Vigor"],"picked":"StuffTheSpire:BrainWave","floor":19},{"not_picked":["SfantasyHide_purple+1","Boundary_ObjectiveBoundary_purple"],"picked":"Charmbait_purple+1","floor":20},{"not_picked":["MeetDecomposer_purple","Mirror_FormAndEmptin_purple+1","MagicEyes_LaplaceDemon_purple"],"picked":"SKIP","floor":23}],"player_experience":495608,"relics_obtained":[{"floor":3,"key":"StuffTheSpire:Gunfinga"},{"floor":7,"key":"StuffTheSpire:SapphireSignet"},{"floor":9,"key":"Molten Egg 2"},{"floor":10,"key":"conspire:Dentures"},{"floor":14,"key":"Ring of Greed"},{"floor":14,"key":"ReplayTheSpireMod:Ring of Challenge"},{"floor":14,"key":"Golden Idol"},{"floor":14,"key":"Replay:Bandana"},{"floor":23,"key":"halation:LettersToHer"},{"floor":26,"key":"halation:LettersToHer"}],"event_choices":[],"is_beta":false,"boss_relics":[{"not_picked":["conspire:SlowCooker","StSpp:PileOfSugar"],"picked":"beaked:SacredDeck"}],"items_purged_floors":[12,24],"is_endless":false,"potions_floor_spawned":[1,3],"killed_by":"Gensokyo:3_Gloops","ascension_level":0}}