{"host":"m9b9nkcj1hzhp9h6","time":1610993478,"event":{"mods":["100% Spire Juice","AchievementEnabler","Act Like it!","AlwaysNeverKeys","Aspiration","BaseMod","Better Altar","Better Match","Better Note","Better Sensory Stone","Better Silent Start","Better Skull","Better Third Choice","Better Vampires","BetterRewards","Booster Modes","Colored Map","Colored Powertips","Colorless Booster Pack","Conspire","Custom Start","Dark Map","Defective Defect","Dio Mod","Displayed Cursed Tome","Dota2Spire","Elementarium","Emptier Cage","Energized Spire","Fox Events","Friendly Minions","Gensokyo","GifTheSpireLib","Halation","HexUI Lib","Hubris","Infinite Spire","Ironclad Rager","Jedi Mod","Mari Mod (Legacy)","Mari\u0027s V1 Patch","Marked Mod","Menagerie","Mimic Mod","Minty Spire (QoL Compilation)","Pale of the Ancients","Permanent Neow","Poor People Problems","Prisma Mod","RRrroohrrRGHHhhh!!","Random Character Button","Random Character Mod","Relic Sorter","Relic Stats","Remilia??????","Replay The Spire","Reworked Bosses","Robot Space Explorer","RumiaBox-????????","SCP261 Mod","SacredBarkPlus","Small Relic Pack","Spikes Relics","StSLib","Stuff the Spire","The Animator","The Blue Laboratory","The Factory","The IronCluck","The Jungle","Trackpad","Transform Curses","Useless Jewels Mod","Virulent Crown","Waifu the Spire","Wandering Minibosses","Yohane!","Yuri Mod","egg","slay the spire mod where everything is the same but ironclad has a cowboy hat","thorton","vexMod"],"gold_per_floor":[110,125,50,63,63,90,103,128,128,128,128,89,102,114,114,218,218,186,186,186,186,186,215,215,215,215,215,289,309,322,339,371,228,228,326,326,341,341,357,457,357,383,383,400,468,505,372,379,439,475,484,493],"floor_reached":53,"language":"ENG","playtime":3299,"items_purged":["Bash","Anger","Fire Breathing"],"score":1397,"play_id":"b827470c-c764-4a0f-bfca-08708a34ab46","local_time":"20210118201118","is_ascension_mode":true,"campfire_choices":[{"floor":11,"key":"REST"},{"floor":15,"key":"REST"},{"floor":25,"key":"REST"},{"floor":34,"key":"REST"},{"floor":43,"key":"RECALL"},{"floor":48,"key":"REST"},{"floor":51,"key":"REST"}],"circlet_count":0,"master_deck":["Defend_R","Defend_R","Defend_R","Perfected Strike","Armaments+1","Wild Strike","Menagerie:BeastSpirit","Spot Weakness","Pride","Perfected Strike+1","Evolve","jedi:strikingstrike","Elementarium:GildedStrike","Elementarium:GildedStrike","Elementarium:GildedStrike","Elementarium:GildedStrike","Elementarium:GildedStrike","True Grit","infinitespire:FinalStrike+1","Defy Death+1","Thunderclap+1","jedi:strikingstrike","Pommel Strike+1","ReplayTheSpireMod:Strike From Hell","Wild Strike+1"],"relics":["Replay:PocketPolymizer","Turnip","jedi:Pinwheel","vexMod:MysteryBossChallenge","Ooze Armor","Replay:Arrowhead","Dota2Spire:MonkeyKingBar","Dota2Spire:BlackKingBar","Lantern","Dota2Spire:Vanguard","Elementarium:ElementariumTrophy","vexMod:BigBerry","SecretRecord","wanderingMiniBosses:ThiefScarf","Burning Blood","Quantum Egg","thethorton:BankDeed","Whetstone","HandDrill","jedi:firstaidkit","SpikesRelics:DaevaFist"],"acts_visited":["Menagerie:Menagerie","Elementarium:Elementarium","TheBeyond","TheEnding"],"potions_floor_usage":[8,23,35,36,52],"damage_taken":[{"damage":7,"enemies":"Menagerie:MonstrousExperiment","floor":1,"turns":3},{"damage":1,"enemies":"Menagerie:WhisperingWraith","floor":2,"turns":4},{"damage":5,"enemies":"Menagerie:2_RABBITS","floor":4,"turns":3},{"damage":40,"enemies":"Menagerie:Hydra","floor":6,"turns":5},{"damage":15,"enemies":"Menagerie:BEAST_MAGE_AND_PROWLING_AMALGAM","floor":7,"turns":7},{"damage":27,"enemies":"Menagerie:MaskedSummoner","floor":8,"turns":7},{"damage":22,"enemies":"Menagerie:MeltingSalamander","floor":13,"turns":4},{"damage":12,"enemies":"Menagerie:STYGIAN_BOAR_AND_RABBIT","floor":14,"turns":5},{"damage":23,"enemies":"Menagerie:AVATARS","floor":16,"turns":6},{"damage":10,"enemies":"Elementarium:2_ELEMENTALS","floor":18,"turns":6},{"damage":23,"enemies":"Elementarium:FIRE_NOBILITY","floor":23,"turns":5},{"damage":3,"enemies":"Elementarium:MUD_AND_TAR_GOLEMS","floor":29,"turns":2},{"damage":0,"enemies":"Elementarium:RubyGolem","floor":30,"turns":1},{"damage":8,"enemies":"Elementarium:STONE_GOLEMS","floor":31,"turns":4},{"damage":22,"enemies":"Elementarium:ElementalPortal","floor":32,"turns":6},{"damage":9,"enemies":"Elementarium:GolemEmperor","floor":35,"turns":9},{"damage":0,"enemies":"Orb Walker","floor":37,"turns":1},{"damage":0,"enemies":"3 Shapes","floor":39,"turns":3},{"damage":23,"enemies":"Mind Bloom Boss Battle","floor":40,"turns":5},{"damage":0,"enemies":"Giant Head","floor":42,"turns":4},{"damage":4,"enemies":"Jaw Worm Horde","floor":44,"turns":3},{"damage":40,"enemies":"Nemesis","floor":46,"turns":3},{"damage":34,"enemies":"2 Orb Walkers","floor":49,"turns":4},{"damage":29,"enemies":"Giant Head","floor":50,"turns":6},{"damage":110,"enemies":"bossMod:newAwakened","floor":52,"turns":8}],"seed_played":"-2635266646058624155","potions_obtained":[{"floor":1,"key":"blueLaboratory:ExaltedPotion"},{"floor":8,"key":"blueLaboratory:HorrorPotion"},{"floor":13,"key":"GamblersBrew"},{"floor":14,"key":"blueLaboratory:Moonshine"},{"floor":18,"key":"Swift Potion"},{"floor":29,"key":"SCP261:AppleJuicePotion"},{"floor":32,"key":"jedi:holywater"},{"floor":39,"key":"SteroidPotion"},{"floor":49,"key":"blueLaboratory:RememoryPotion"}],"is_trial":false,"path_per_floor":["M","M","$","M","?","E","M","E","T","?","R","$","M","M","R","B",null,"M","?","?","T","?","E","AVR","R","PTL","PTL","T","M","M","M","E","$","R","B",null,"M","?","M","?","$","E","R","M","T","E","$","R","?","E","R","B",null],"character_chosen":"IRONCLAD","items_purchased":["Evolve","Dota2Spire:Vanguard","HandDrill"],"campfire_rested":6,"item_purchase_floors":[12,33,47],"current_hp_per_floor":[71,76,76,77,77,43,34,13,13,13,36,36,20,14,37,20,63,53,53,34,34,34,11,11,34,34,34,34,31,31,23,1,1,24,15,94,94,94,94,71,71,77,77,79,79,45,45,79,63,40,74,15],"gold":502,"neow_bonus":"THREE_CARDS","is_daily":false,"chose_seed":false,"campfire_upgraded":0,"win_rate":0.0,"timestamp":1610993478,"path_taken":["M","M","$","M","?","E","M","E","T","?","R","$","?","M","R","BOSS","M","?","?","?","?","E","AVR","R","PTL","PTL","T","M","?","M","E","$","R","BOSS","M","?","M","?","$","E","R","M","T","E","$","R","?","E","R","BOSS"],"items_purchased_type":["Card","Relic","Relic"],"build_version":"2020-12-22","purchased_purges":3,"victory":true,"max_hp_per_floor":[80,80,80,80,77,77,77,77,77,77,77,77,77,77,77,77,77,77,77,77,77,77,77,77,77,77,77,77,77,77,77,77,77,77,77,115,115,115,115,115,115,115,115,115,115,115,115,115,115,115,115,115],"relic_stats":{"counters":[25,114],"Turnip":[8],"HandDrill":[0],"Whetstone":["infinitespire:FinalStrike","Perfected Strike"],"obtain_stats":[{"Lantern":32,"Replay:PocketPolymizer":6,"Black Blood":49,"Dota2Spire:Vanguard":33,"SecretRecord":40,"Whetstone":46,"jedi:Pinwheel":9,"Burning Blood":0,"HailfireSword":44,"thethorton:BrokenCalculator":44,"Frozen Eye":50,"Dream Catcher":49,"jedi:firstaidkit":49,"hubris:DeckOfHolding":50,"HandDrill":47,"thethorton:BankDeed":45,"Dota2Spire:BlackKingBar":28,"wanderingMiniBosses:ThiefScarf":40,"GiantMaggot":46,"Quantum Egg":42,"vexMod:MysteryBossChallenge":17,"infinitespire:Joker Card":42,"Replay:Arrowhead":23,"Elementarium:ElementariumTrophy":35,"Ooze Armor":17,"Turnip":8,"StuffTheSpire:Kangaroo":42,"SpikesRelics:DaevaFist":50,"Dota2Spire:MonkeyKingBar":24,"Mirror":52,"vexMod:BigBerry":36,"conspire:Flyswatter":46},{"Lantern":15,"Replay:PocketPolymizer":4,"Black Blood":22,"Dota2Spire:Vanguard":15,"SecretRecord":19,"Whetstone":22,"jedi:Pinwheel":6,"Burning Blood":0,"HailfireSword":20,"thethorton:BrokenCalculator":20,"Frozen Eye":23,"Dream Catcher":22,"jedi:firstaidkit":23,"hubris:DeckOfHolding":23,"HandDrill":22,"thethorton:BankDeed":21,"Dota2Spire:BlackKingBar":11,"wanderingMiniBosses:ThiefScarf":19,"GiantMaggot":21,"Quantum Egg":20,"vexMod:MysteryBossChallenge":9,"infinitespire:Joker Card":19,"Replay:Arrowhead":11,"Elementarium:ElementariumTrophy":16,"Ooze Armor":9,"Turnip":6,"StuffTheSpire:Kangaroo":19,"SpikesRelics:DaevaFist":24,"Dota2Spire:MonkeyKingBar":11,"Mirror":24,"vexMod:BigBerry":16,"conspire:Flyswatter":21},{"Lantern":68,"Replay:PocketPolymizer":15,"Black Blood":96,"Dota2Spire:Vanguard":68,"SecretRecord":86,"Whetstone":96,"jedi:Pinwheel":29,"Burning Blood":0,"HailfireSword":90,"thethorton:BrokenCalculator":90,"Frozen Eye":100,"Dream Catcher":96,"jedi:firstaidkit":100,"hubris:DeckOfHolding":100,"HandDrill":96,"thethorton:BankDeed":93,"Dota2Spire:BlackKingBar":55,"wanderingMiniBosses:ThiefScarf":86,"GiantMaggot":93,"Quantum Egg":90,"vexMod:MysteryBossChallenge":44,"infinitespire:Joker Card":86,"Replay:Arrowhead":55,"Elementarium:ElementariumTrophy":77,"Ooze Armor":44,"Turnip":29,"StuffTheSpire:Kangaroo":86,"SpikesRelics:DaevaFist":106,"Dota2Spire:MonkeyKingBar":55,"Mirror":106,"vexMod:BigBerry":77,"conspire:Flyswatter":93}],"Burning Blood":102},"card_choices":[{"not_picked":["True Grit","Body Slam"],"picked":"Perfected Strike","floor":0},{"not_picked":["Heavy Blade","Dual Wield"],"picked":"Armaments","floor":1},{"not_picked":["Seeing Red","Armaments"],"picked":"Wild Strike","floor":2},{"not_picked":["jedi:fear","StuffTheSpire:Slingshot","Sword Boomerang"],"picked":"SKIP","floor":4},{"not_picked":["hubris:ReadiedAction","jedi:harder"],"picked":"Spot Weakness","floor":6},{"not_picked":["Hemokinesis","Armaments","Pommel Strike"],"picked":"SKIP","floor":7},{"not_picked":["Pommel Strike","Disarm"],"picked":"Perfected Strike","floor":8},{"not_picked":["StuffTheSpire:Pyroclast","Dual Wield"],"picked":"Fire Breathing","floor":13},{"not_picked":["Run Through","Clash","Corruption"],"picked":"SKIP","floor":14},{"not_picked":["Demon Form","conspire:HitWhereItHurts"],"picked":"jedi:strikingstrike","floor":16},{"not_picked":["Seeing Red","BarbarianYell+1","Shrug It Off"],"picked":"SKIP","floor":18},{"not_picked":["StuffTheSpire:Incineration","jedi:controlledanger"],"picked":"True Grit","floor":23},{"not_picked":["jedi:hate+1","Havoc"],"picked":"Defy Death+1","floor":29},{"not_picked":["Run Through+1","hubris:ReadiedAction+1","Inflame+1"],"picked":"SKIP","floor":30},{"not_picked":["hubris:CleavingFinish","Dark Embrace","StuffTheSpire:Incineration"],"picked":"SKIP","floor":31},{"not_picked":["Life Link","Headbutt+1"],"picked":"Thunderclap+1","floor":32},{"not_picked":["Double Tap","Reaper"],"picked":"jedi:strikingstrike","floor":35},{"not_picked":["Sword Boomerang+1","Flex+1","Clash+1"],"picked":"SKIP","floor":37},{"not_picked":["Heavy Blade","Headbutt","Body Slam"],"picked":"SKIP","floor":39},{"not_picked":["Armaments+1","Brutality","Replay:Undeath\u0027s Touch+1"],"picked":"SKIP","floor":42},{"not_picked":["ReplayTheSpireMod:Strike From Hell+1","Run Through+1"],"picked":"Pommel Strike+1","floor":44},{"not_picked":["Replay:Undeath\u0027s Touch","conspire:ExplosiveBarrier"],"picked":"ReplayTheSpireMod:Strike From Hell","floor":46},{"not_picked":["Clash","Dual Wield"],"picked":"Wild Strike+1","floor":50}],"player_experience":1410154,"relics_obtained":[{"floor":6,"key":"Replay:PocketPolymizer"},{"floor":8,"key":"Turnip"},{"floor":9,"key":"jedi:Pinwheel"},{"floor":23,"key":"Replay:Arrowhead"},{"floor":28,"key":"Dota2Spire:BlackKingBar"},{"floor":32,"key":"Lantern"},{"floor":40,"key":"SecretRecord"},{"floor":40,"key":"wanderingMiniBosses:ThiefScarf"},{"floor":40,"key":"Burning Blood"},{"floor":42,"key":"Quantum Egg"},{"floor":45,"key":"thethorton:BankDeed"},{"floor":46,"key":"Whetstone"},{"floor":49,"key":"jedi:firstaidkit"},{"floor":50,"key":"SpikesRelics:DaevaFist"}],"event_choices":[{"damage_healed":0,"gold_gain":0,"player_choice":"Knelt","damage_taken":0,"max_hp_gain":0,"max_hp_loss":3,"event_name":"Menagerie:BeastSpiritShrine","floor":5,"gold_loss":0,"cards_obtained":["Menagerie:BeastSpirit"]},{"damage_healed":0,"gold_gain":0,"player_choice":"Strike","damage_taken":19,"max_hp_gain":0,"max_hp_loss":0,"event_name":"Elementarium:OnrushingOffering","floor":20,"gold_loss":0,"cards_obtained":["Elementarium:GildedStrike","Elementarium:GildedStrike","Elementarium:GildedStrike","Elementarium:GildedStrike","Elementarium:GildedStrike"]},{"damage_healed":0,"gold_gain":0,"player_choice":"Fight","damage_taken":0,"max_hp_gain":0,"max_hp_loss":0,"event_name":"MindBloom","floor":40,"gold_loss":0},{"damage_healed":0,"gold_gain":0,"player_choice":"Fight","damage_taken":0,"max_hp_gain":0,"max_hp_loss":0,"event_name":"Mysterious Sphere","floor":49,"gold_loss":0}],"is_beta":false,"boss_relics":[{"not_picked":["Ring of Chaos","trackpad:StolenKidneys"],"picked":"vexMod:MysteryBossChallenge"},{"not_picked":["conspire:RunicOctahedron","SacredBark"],"picked":"vexMod:BigBerry"}],"items_purged_floors":[3,24,41],"is_endless":false,"potions_floor_spawned":[1,8,13,14,18,29,32,39,49,50],"ascension_level":7}}