{"host":"foq4mrde4mssg7vt","time":1610975762,"event":{"mods":["AchievementEnabler","BaseMod","Colored Map","Colored Powertips","Highlight Path","Minty Spire (QoL Compilation)","Relic Stats","everything is the same but u backflip on backflip"],"gold_per_floor":[116,132,7,18,30,55,55,80,80,110,1,1,36,49,49,121,121,135,153,78,78,96,96,108,108,108,126,126,126,153,153,153,228,228,246,62,82,98,112,112,112],"floor_reached":40,"language":"ENG","playtime":1668,"items_purged":["Shame","Strike_R"],"score":879,"play_id":"3d49819d-e708-4833-94d6-7656455cfa97","local_time":"20210118211602","is_ascension_mode":true,"campfire_choices":[{"data":"Immolate","floor":7.0,"key":"SMITH"},{"data":"Twin Strike","floor":12.0,"key":"SMITH"},{"data":"Iron Wave","floor":15.0,"key":"SMITH"},{"floor":23.0,"key":"REST"},{"data":"True Grit","floor":28.0,"key":"SMITH"},{"data":"Uppercut","floor":32.0,"key":"SMITH"}],"circlet_count":0,"master_deck":["AscendersBane","Strike_R","Strike_R","Defend_R","Defend_R","Defend_R","Defend_R","Bash","Cleave","Immolate+1","Thunderclap","Twin Strike+1","Iron Wave+1","Burning Pact","Feed","True Grit+1","Shrug It Off","Uppercut+1","Battle Trance","Feed","Disarm","Reaper"],"relics":["Burning Blood","Ginger","Mercury Hourglass","Smiling Mask","Shuriken","Incense Burner","Kunai","Velvet Choker","Magic Flower","Dream Catcher","Shovel","Empty Cage"],"acts_visited":["Exordium","TheCity","TheBeyond"],"potions_floor_usage":[38,40],"damage_taken":[{"damage":12.0,"enemies":"Cultist","floor":1.0,"turns":4.0},{"damage":13.0,"enemies":"Jaw Worm","floor":2.0,"turns":4.0},{"damage":0.0,"enemies":"Small Slimes","floor":4.0,"turns":2.0},{"damage":0.0,"enemies":"Gremlin Gang","floor":5.0,"turns":1.0},{"damage":8.0,"enemies":"Gremlin Nob","floor":6.0,"turns":3.0},{"damage":15.0,"enemies":"3 Sentries","floor":8.0,"turns":3.0},{"damage":29.0,"enemies":"Lagavulin","floor":10.0,"turns":5.0},{"damage":6.0,"enemies":"Gremlin Nob","floor":13.0,"turns":3.0},{"damage":17.0,"enemies":"Exordium Thugs","floor":14.0,"turns":3.0},{"damage":19.0,"enemies":"Hexaghost","floor":16.0,"turns":9.0},{"damage":37.0,"enemies":"Shell Parasite","floor":18.0,"turns":6.0},{"damage":9.0,"enemies":"3 Byrds","floor":19.0,"turns":4.0},{"damage":16.0,"enemies":"Centurion and Healer","floor":22.0,"turns":7.0},{"damage":18.0,"enemies":"Snake Plant","floor":24.0,"turns":2.0},{"damage":4.0,"enemies":"Chosen and Byrds","floor":27.0,"turns":4.0},{"damage":20.0,"enemies":"Slavers","floor":30.0,"turns":3.0},{"damage":66.0,"enemies":"Champ","floor":33.0,"turns":15.0},{"damage":31,"enemies":"3 Darklings","floor":35,"turns":11},{"damage":12,"enemies":"Orb Walker","floor":37,"turns":3},{"damage":12,"enemies":"3 Darklings","floor":38,"turns":7},{"damage":1,"enemies":"4 Shapes","floor":39,"turns":5},{"damage":98,"enemies":"Giant Head","floor":40,"turns":7}],"seed_played":"6366769300465466227","potions_obtained":[{"floor":2.0,"key":"LiquidMemories"},{"floor":4.0,"key":"DistilledChaos"},{"floor":10.0,"key":"AttackPotion"},{"floor":16.0,"key":"ColorlessPotion"},{"floor":27.0,"key":"GamblersBrew"},{"floor":30.0,"key":"Regen Potion"},{"floor":37,"key":"PowerPotion"},{"floor":38,"key":"Weak Potion"}],"is_trial":false,"path_per_floor":["M","M","$","M","M","E","R","E","T","E","$","R","E","M","R","B",null,"M","M","?","?","M","R","M","?","T","M","R","T","E","?","R","B",null,"M","$","M","M","M","E"],"character_chosen":"IRONCLAD","items_purchased":["Immolate","Thunderclap","Iron Wave","Block Potion","Disarm"],"campfire_rested":1,"item_purchase_floors":[3,3,11,36,36],"current_hp_per_floor":[62,55,55,61,67,65,65,56,56,33,33,33,33,22,22,9,59,31,31,31,31,24,49,40,40,40,50,50,50,44,44,44,11,73,56,56,58,60,78,0,0],"gold":112,"neow_bonus":"ONE_RARE_RELIC","is_daily":false,"chose_seed":false,"campfire_upgraded":5,"win_rate":0.0,"timestamp":1610975762,"path_taken":["M","M","$","?","M","E","R","E","T","E","$","R","E","?","R","BOSS","M","M","?","?","M","R","M","?","T","?","R","?","E","?","R","BOSS","M","$","M","M","M","E"],"items_purchased_type":["Card","Card","Card","Potion","Card"],"build_version":"2020-12-22","purchased_purges":2,"victory":false,"max_hp_per_floor":[75,75,75,75,75,75,75,75,75,75,75,75,75,75,75,75,75,78,81,81,81,84,84,87,87,87,90,90,90,93,93,93,93,93,96,96,99,102,108,108,108],"relic_stats":{"Dream Catcher":0,"Shovel":0,"counters":[22,111],"Shuriken":[29],"Magic Flower":[49],"Ginger":[12],"Kunai":[26],"Smiling Mask":75,"obtain_stats":[{"Dream Catcher":29,"Shovel":30,"Shuriken":9,"Velvet Choker":17,"Magic Flower":26,"Incense Burner":10,"Ginger":0,"Kunai":13,"Smiling Mask":8,"Empty Cage":34,"Burning Blood":0,"Mercury Hourglass":6},{"Dream Catcher":15,"Shovel":16,"Shuriken":6,"Velvet Choker":10,"Magic Flower":14,"Incense Burner":7,"Ginger":0,"Kunai":8,"Smiling Mask":6,"Empty Cage":17,"Burning Blood":0,"Mercury Hourglass":5},{"Dream Catcher":60,"Shovel":63,"Shuriken":17,"Velvet Choker":37,"Magic Flower":56,"Incense Burner":22,"Ginger":0,"Kunai":25,"Smiling Mask":17,"Empty Cage":78,"Burning Blood":0,"Mercury Hourglass":14}],"Burning Blood":147,"Mercury Hourglass":[369]},"card_choices":[{"not_picked":["Perfected Strike","Pommel Strike"],"picked":"Anger","floor":1.0},{"not_picked":["Burning Pact","Dropkick"],"picked":"Cleave","floor":2.0},{"not_picked":["Sword Boomerang","Sever Soul"],"picked":"Twin Strike","floor":4.0},{"not_picked":["Clash","Flex","Cleave"],"picked":"SKIP","floor":5.0},{"not_picked":["Evolve","Armaments","Bloodletting"],"picked":"SKIP","floor":6.0},{"not_picked":["Havoc","Warcry","Exhume"],"picked":"SKIP","floor":8.0},{"not_picked":["Rupture","Warcry","Havoc"],"picked":"SKIP","floor":10.0},{"not_picked":["Perfected Strike","Seeing Red"],"picked":"Burning Pact","floor":13.0},{"not_picked":["Clash","Anger","Iron Wave"],"picked":"SKIP","floor":14.0},{"not_picked":["Bludgeon","Barricade"],"picked":"Feed","floor":16.0},{"not_picked":["Havoc","Metallicize"],"picked":"True Grit","floor":18.0},{"not_picked":["Body Slam+1","Fire Breathing","Havoc"],"picked":"SKIP","floor":19.0},{"not_picked":["Body Slam","Iron Wave"],"picked":"Shrug It Off","floor":22.0},{"not_picked":["Fire Breathing","Havoc","Clash"],"picked":"SKIP","floor":24.0},{"not_picked":["Rage","Havoc"],"picked":"Battle Trance","floor":27.0},{"not_picked":["True Grit","Perfected Strike","Rampage"],"picked":"SKIP","floor":30.0},{"not_picked":["Impervious","Offering"],"picked":"Feed","floor":33.0},{"not_picked":["Warcry","Clothesline+1","Iron Wave"],"picked":"SKIP","floor":35},{"not_picked":["Armaments","Twin Strike","Headbutt"],"picked":"SKIP","floor":37},{"not_picked":["Flex","Rupture","Body Slam"],"picked":"SKIP","floor":38},{"not_picked":["True Grit","Hemokinesis"],"picked":"Reaper","floor":39}],"player_experience":489287,"relics_obtained":[{"floor":6.0,"key":"Mercury Hourglass"},{"floor":8.0,"key":"Smiling Mask"},{"floor":9.0,"key":"Shuriken"},{"floor":10.0,"key":"Incense Burner"},{"floor":13.0,"key":"Kunai"},{"floor":26.0,"key":"Magic Flower"},{"floor":29.0,"key":"Dream Catcher"},{"floor":30.0,"key":"Shovel"}],"event_choices":[{"cards_removed":["Strike_R"],"damage_healed":0.0,"max_hp_gain":0.0,"max_hp_loss":0.0,"gold_gain":0.0,"event_name":"Beggar","player_choice":"Gave Gold","floor":20.0,"gold_loss":75.0,"damage_taken":0.0},{"damage_healed":0.0,"max_hp_gain":0.0,"max_hp_loss":0.0,"gold_gain":0.0,"event_name":"Match and Keep!","player_choice":"1 cards matched","floor":25.0,"gold_loss":0.0,"damage_taken":0.0,"cards_obtained":["Uppercut"]},{"damage_healed":0.0,"max_hp_gain":0.0,"max_hp_loss":0.0,"gold_gain":0.0,"event_name":"N\u0027loth","player_choice":"Ignored","floor":31.0,"gold_loss":0.0,"damage_taken":0.0}],"is_beta":false,"boss_relics":[{"not_picked":["Fusion Hammer","Runic Dome"],"picked":"Velvet Choker"},{"not_picked":["Black Blood","Tiny House"],"picked":"Empty Cage"}],"items_purged_floors":[11,36],"is_endless":false,"potions_floor_spawned":[2,4,10,16,27,30,37,38],"killed_by":"Giant Head","ascension_level":19}}