{"host":"4bbalj7r5kimsnho","time":1610999085,"event":{"mods":["AchievementEnabler","BaseMod","Colored Powertips","Hermit","Minty Spire (QoL Compilation)","StSLib"],"gold_per_floor":[132,132,132,167,197,197,216,276,276,276,286,64,64,92,92,191,191,217,251,277,367,402,402,402],"floor_reached":23,"language":"ENG","playtime":1187,"items_purged":["hermit:Strike_Hermit"],"score":245,"play_id":"d3279f6f-4acb-4902-8bdb-a1bad857a50b","local_time":"20210118194445","is_ascension_mode":false,"campfire_choices":[{"data":"hermit:Roughhouse","floor":6,"key":"SMITH"},{"data":"hermit:Snapshot","floor":10,"key":"SMITH"},{"data":"hermit:DeadOrAlive","floor":13,"key":"SMITH"},{"data":"hermit:WideOpen","floor":15,"key":"SMITH"}],"circlet_count":0,"master_deck":["hermit:Strike_Hermit","hermit:Strike_Hermit","hermit:Strike_Hermit","hermit:Defend_Hermit","hermit:Defend_Hermit","hermit:Snapshot+1","hermit:Covet","Decay","hermit:Roughhouse+1","hermit:DeadOrAlive+1","hermit:FlashPowder","hermit:LowProfile","hermit:LowProfile","hermit:Cheat","hermit:Malice","hermit:WideOpen+1","hermit:DeadOrAlive","hermit:Midnight","hermit:Headshot+1"],"relics":["hermit:ClaspedLocket","Strawberry","Ancient Tea Set","StoneCalendar","Chemical X"],"acts_visited":["Exordium","TheCity"],"potions_floor_usage":[8,8,16,20],"damage_taken":[{"damage":0,"enemies":"Cultist","floor":1,"turns":2},{"damage":0,"enemies":"2 Louse","floor":4,"turns":3},{"damage":10,"enemies":"Small Slimes","floor":5,"turns":3},{"damage":8,"enemies":"Red Slaver","floor":7,"turns":3},{"damage":20,"enemies":"Lagavulin","floor":8,"turns":6},{"damage":3,"enemies":"Looter","floor":11,"turns":2},{"damage":0,"enemies":"Large Slime","floor":14,"turns":2},{"damage":0,"enemies":"Hexaghost","floor":16,"turns":7},{"damage":8,"enemies":"2 Thieves","floor":18,"turns":3},{"damage":0,"enemies":"Spheric Guardian","floor":19,"turns":1},{"damage":18,"enemies":"Snake Plant","floor":20,"turns":3},{"damage":2,"enemies":"Centurion and Healer","floor":22,"turns":6},{"damage":52,"enemies":"Book of Stabbing","floor":23,"turns":6}],"seed_played":"6259334006071272882","potions_obtained":[{"floor":1,"key":"EssenceOfSteel"},{"floor":7,"key":"SpeedPotion"},{"floor":11,"key":"Dexterity Potion"},{"floor":19,"key":"LiquidBronze"}],"is_trial":false,"path_per_floor":["M","T","?","M","M","R","M","E","T","R","M","$","R","M","R","B",null,"M","M","M","?","M","E"],"character_chosen":"HERMIT","items_purchased":["Chemical X"],"campfire_rested":0,"item_purchase_floors":[12],"current_hp_per_floor":[75,75,75,75,65,65,57,37,37,37,34,34,34,34,34,34,82,74,74,57,45,43,0,0],"gold":402,"neow_bonus":"TRANSFORM_TWO_CARDS","is_daily":false,"chose_seed":false,"campfire_upgraded":4,"win_rate":0.0,"timestamp":1610999085,"path_taken":["M","?","?","M","M","R","M","E","T","R","M","$","R","M","R","BOSS","M","M","M","?","?","E"],"items_purchased_type":["Relic"],"build_version":"2020-12-22","purchased_purges":1,"victory":false,"max_hp_per_floor":[75,75,82,82,82,82,82,82,82,82,82,82,82,82,82,82,82,82,82,82,82,82,82,82],"card_choices":[{"not_picked":["hermit:Roulette","hermit:Headshot"],"picked":"hermit:FlashPowder","floor":1},{"not_picked":["hermit:Desperado","hermit:SprayPray"],"picked":"hermit:LowProfile","floor":4},{"not_picked":["hermit:Headshot","hermit:BodyArmor"],"picked":"hermit:LowProfile","floor":5},{"not_picked":["hermit:HighCaliber","hermit:Snipe"],"picked":"hermit:Cheat","floor":7},{"not_picked":["hermit:HighCaliber","hermit:Showdown","hermit:Shortfuse"],"picked":"SKIP","floor":8},{"not_picked":["hermit:EyeOfTheStorm","hermit:Ricochet"],"picked":"hermit:Malice","floor":11},{"not_picked":["hermit:Malice","hermit:BigShot"],"picked":"hermit:WideOpen","floor":14},{"not_picked":["hermit:BlackWind","hermit:RoundhouseKick"],"picked":"hermit:DeadOrAlive","floor":16},{"not_picked":["hermit:Snipe","hermit:Ricochet"],"picked":"hermit:Midnight","floor":18},{"not_picked":["hermit:FullyLoaded+1","hermit:Combo","hermit:Coalescence"],"picked":"SKIP","floor":19},{"not_picked":["hermit:EternalForm","hermit:BodyArmor+1","hermit:FullyLoaded+1"],"picked":"SKIP","floor":20},{"not_picked":["hermit:Vantage","hermit:TrackingShot"],"picked":"hermit:Headshot+1","floor":22}],"player_experience":89695,"relics_obtained":[{"floor":8,"key":"Ancient Tea Set"},{"floor":9,"key":"StoneCalendar"}],"event_choices":[{"damage_healed":0,"gold_gain":0,"player_choice":"Success","damage_taken":7,"relics_obtained":["Strawberry"],"max_hp_gain":0,"max_hp_loss":0,"event_name":"Scrap Ooze","floor":3,"gold_loss":0},{"damage_healed":0,"gold_gain":90,"player_choice":"GOLD ","damage_taken":12,"max_hp_gain":0,"max_hp_loss":0,"event_name":"Knowing Skull","floor":21,"potions_obtained":[],"gold_loss":0,"cards_obtained":[]}],"is_beta":false,"boss_relics":[{"not_picked":["Astrolabe","Cursed Key"],"picked":"hermit:ClaspedLocket"}],"items_purged_floors":[12],"is_endless":false,"potions_floor_spawned":[1,7,11,19],"killed_by":"Book of Stabbing","ascension_level":0}}