{"host":"04hh9gplt9wkfmr1","time":1610976874,"event":{"mods":["AchievementEnabler","BaseMod","Colored Map","KOR Keyword Fix","Minty Spire (QoL Compilation)","Rare Cards Sparkle","SuperFastMode"],"gold_per_floor":[115,115,127,127,140,140,171,171,171,184,196,213,241,260,260,356,356,376,392,392,392,392,392,418,430,467,491,503,503],"floor_reached":28,"language":"KOR","playtime":742,"items_purged":[],"score":288,"play_id":"f129af3b-27ed-45c0-8028-5ccc6e4a3486","local_time":"20210118223434","is_ascension_mode":true,"campfire_choices":[{"data":"Double Tap","floor":6,"key":"SMITH"},{"data":"Perfected Strike","floor":8,"key":"SMITH"},{"floor":15,"key":"REST"},{"data":"Berserk","floor":23,"key":"SMITH"},{"floor":25,"key":"REST"}],"circlet_count":0,"master_deck":["Strike_R","Strike_R","Strike_R","Strike_R","Strike_R","Defend_R","Defend_R","Bash","Double Tap+1","Armaments","Ghostly Armor","Perfected Strike+1","Armaments+1","Evolve","Rage+1","Disarm+1","Berserk+1","Perfected Strike+1","Double Tap+1","Pommel Strike+1"],"relics":["Burning Blood","Toxic Egg 2","Centennial Puzzle","Black Star","Nilry\u0027s Codex","Nloth\u0027s Gift","MawBank","Ornamental Fan","Bag of Preparation"],"acts_visited":["Exordium","TheCity"],"potions_floor_usage":[5,7,13,16,24,24],"damage_taken":[{"damage":16,"enemies":"Jaw Worm","floor":1,"turns":4},{"damage":7,"enemies":"2 Louse","floor":3,"turns":3},{"damage":3,"enemies":"Cultist","floor":5,"turns":5},{"damage":45,"enemies":"3 Sentries","floor":7,"turns":11},{"damage":0,"enemies":"Large Slime","floor":10,"turns":4},{"damage":10,"enemies":"2 Fungi Beasts","floor":11,"turns":3},{"damage":17,"enemies":"Gremlin Gang","floor":12,"turns":4},{"damage":18,"enemies":"Gremlin Nob","floor":13,"turns":3},{"damage":4,"enemies":"Exordium Thugs","floor":14,"turns":4},{"damage":26,"enemies":"Slime Boss","floor":16,"turns":7},{"damage":1,"enemies":"3 Byrds","floor":18,"turns":6},{"damage":11,"enemies":"Shell Parasite","floor":19,"turns":4},{"damage":43,"enemies":"Book of Stabbing","floor":24,"turns":5},{"damage":31,"enemies":"Centurion and Healer","floor":27,"turns":6},{"damage":33,"enemies":"Shelled Parasite and Fungi","floor":28,"turns":2}],"seed_played":"8407557690076917692","potions_obtained":[{"floor":1,"key":"Block Potion"},{"floor":3,"key":"DistilledChaos"},{"floor":5,"key":"Weak Potion"},{"floor":11,"key":"FearPotion"},{"floor":16,"key":"SpeedPotion"},{"floor":19,"key":"PowerPotion"}],"is_trial":false,"path_per_floor":["M","?","M","?","M","R","E","R","T","M","M","M","E","M","R","B",null,"M","M","?","?","?","R","E","R","T","M","M"],"character_chosen":"IRONCLAD","items_purchased":[],"campfire_rested":2,"item_purchase_floors":[],"current_hp_per_floor":[78,78,77,77,80,80,41,41,41,47,43,32,20,22,48,28,88,88,83,83,67,67,67,30,56,56,31,0,0],"gold":503,"neow_bonus":"TEN_PERCENT_HP_BONUS","is_daily":false,"chose_seed":false,"campfire_upgraded":3,"win_rate":0.0,"timestamp":1610976874,"path_taken":["M","?","M","?","M","R","E","R","T","M","M","M","E","M","R","BOSS","M","?","?","?","?","R","E","R","T","?","M"],"items_purchased_type":[],"build_version":"2020-12-22","purchased_purges":0,"victory":false,"max_hp_per_floor":[88,88,88,88,88,88,88,88,88,88,88,88,88,88,88,88,88,88,88,88,88,88,88,88,88,88,88,88,88],"card_choices":[{"not_picked":["Blood for Blood","Thunderclap","Shrug It Off"],"picked":"SKIP","floor":1},{"not_picked":["Pummel","Anger"],"picked":"Armaments","floor":3},{"not_picked":["Burning Pact","Shrug It Off"],"picked":"Ghostly Armor","floor":5},{"not_picked":["Heavy Blade","Wild Strike"],"picked":"Perfected Strike","floor":7},{"not_picked":["Body Slam","Thunderclap","Havoc+1"],"picked":"SKIP","floor":10},{"not_picked":["Iron Wave","Warcry+1"],"picked":"Armaments+1","floor":11},{"not_picked":["Cleave","Metallicize"],"picked":"Evolve","floor":12},{"not_picked":["Juggernaut","Armaments+1"],"picked":"Rage+1","floor":13},{"not_picked":["Iron Wave","Twin Strike"],"picked":"Disarm+1","floor":14},{"not_picked":["Brutality","Immolate"],"picked":"Berserk","floor":16},{"not_picked":["Reckless Charge+1","Sentinel+1","Dark Embrace"],"picked":"SKIP","floor":18},{"not_picked":["Ghostly Armor+1","Shrug It Off+1"],"picked":"Perfected Strike+1","floor":19},{"not_picked":["Flex+1","Whirlwind"],"picked":"Double Tap+1","floor":24},{"not_picked":["Clash","Inflame"],"picked":"Pommel Strike+1","floor":27}],"player_experience":53526,"relics_obtained":[{"floor":7,"key":"Mercury Hourglass"},{"floor":9,"key":"Toxic Egg 2"},{"floor":13,"key":"Centennial Puzzle"},{"floor":21,"key":"Nilry\u0027s Codex"},{"floor":24,"key":"MawBank"},{"floor":24,"key":"Ornamental Fan"},{"floor":26,"key":"Bag of Preparation"}],"event_choices":[{"damage_healed":0,"gold_gain":0,"cards_transformed":["Defend_R"],"player_choice":"Change","damage_taken":0,"max_hp_gain":0,"max_hp_loss":0,"event_name":"Living Wall","floor":2,"gold_loss":0,"cards_obtained":["Double Tap"]},{"cards_removed":["Defend_R"],"damage_healed":0,"gold_gain":0,"player_choice":"Card Removal","damage_taken":0,"max_hp_gain":0,"max_hp_loss":0,"event_name":"Wheel of Change","floor":4,"gold_loss":0},{"damage_healed":0,"gold_gain":0,"player_choice":"Ignored","damage_taken":0,"max_hp_gain":0,"max_hp_loss":0,"event_name":"Vampires","floor":20,"gold_loss":0},{"damage_healed":0,"gold_gain":0,"player_choice":"Obtained Book","damage_taken":16,"max_hp_gain":0,"max_hp_loss":0,"event_name":"Cursed Tome","floor":21,"gold_loss":0},{"damage_healed":0,"gold_gain":0,"player_choice":"Traded Relic","damage_taken":0,"relics_obtained":["Nloth\u0027s Gift"],"max_hp_gain":0,"max_hp_loss":0,"event_name":"N\u0027loth","floor":22,"relics_lost":["Mercury Hourglass"],"gold_loss":0}],"is_beta":false,"boss_relics":[{"not_picked":["Runic Cube","Cursed Key"],"picked":"Black Star"}],"items_purged_floors":[],"is_endless":false,"potions_floor_spawned":[1,3,5,11,16,19],"killed_by":"Shelled Parasite and Fungi","ascension_level":3}}