{"host":"ds28d883r3sz42zs","time":1610937838,"event":{"mods":["2.2 Compatiblity","AchievementEnabler","Act Like it!","BaseMod","Bestiary","Better Match","Better Sensory Stone","Better Third Choice","Better-Laid Plans","BetterRewards","Block Reminder","Challenge The Spire","Colored Map","Colored Powertips","DeckTracker","Defuse TimeMaze Blight","Disable Question Mark Monsters","Displayed Cursed Tome","Emptier Cage","GifTheSpireLib","Gold Saver","Hallownest","Infinite Spire","Minty Spire (QoL Compilation)","Permanent Neow","Practice Mode","Quick Restart","Random Character Button","Rare Cards Sparkle","Relic Filter","Relic Sorter","Relic Stats","SacredBarkPlus","Shop Mod","StSLib","SuperFastMode","The Bug Knight","Uncapped","Unknown Chances"],"gold_per_floor":[630,644,719,719,737,737,753,753,753,786,736,736,752,780,780,885,885,902,922,922,942,942,968,968,998,998,1009,1024,1024,1054,1064,1064,1161,1161,1181,1191,1191,772,783,814,814,845,845,845,880,880,893,926,926,926,926,926,227,254,254],"floor_reached":56,"language":"ENG","playtime":2641,"items_purged":["Strike_R","Strike_R"],"score":2127,"play_id":"e754e0ab-a241-43cb-a152-af60e23bab13","local_time":"20210117214358","is_ascension_mode":true,"campfire_choices":[{"data":"Bash","floor":6,"key":"SMITH"},{"data":"Anger","floor":8,"key":"SMITH"},{"data":"Spot Weakness","floor":12,"key":"SMITH"},{"data":"True Grit","floor":15,"key":"SMITH"},{"data":"Feel No Pain","floor":24,"key":"SMITH"},{"data":"Feel No Pain","floor":29,"key":"SMITH"},{"data":"Dual Wield","floor":32,"key":"SMITH"},{"data":"Juggernaut","floor":41,"key":"SMITH"},{"floor":44,"key":"RECALL"},{"data":"Disarm","floor":46,"key":"SMITH"},{"floor":49,"key":"REST"},{"data":"Feel No Pain","floor":52,"key":"SMITH"}],"circlet_count":0,"master_deck":["Strike_R","Strike_R","Defend_R","Defend_R","Defend_R","Defend_R","Bash+1","Anger+1","Shrug It Off","Evolve+1","Cleave+1","Barricade","Power Through","Spot Weakness+1","True Grit+1","Second Wind","Corruption","Armaments","Feel No Pain+1","RitualDagger","Body Slam","Exhume","True Grit+1","Power Through+1","Feel No Pain+1","Dual Wield+1","Shrug It Off","Juggernaut+1","Dark Embrace","Disarm+1","Dark Embrace+1","Feel No Pain+1"],"relics":["Burning Blood","infinitespire:Lychee Nut","HornCleat","Nunchaku","Prayer Wheel","Snecko Eye","NlothsMask","infinitespire:Satchel","Dream Catcher","Vajra","Busted Crown","Oddly Smooth Stone","ClockworkSouvenir","Meat on the Bone","Singing Bowl","infinitespire:ShieldingShard","Strawberry","Champion Belt","Gambling Chip","Anchor"],"acts_visited":["Exordium","TheCity","TheBeyond","TheEnding"],"potions_floor_usage":[14,25,39,40,55,55],"damage_taken":[{"damage":6,"enemies":"Cultist","floor":1,"turns":3},{"damage":5,"enemies":"2 Louse","floor":2,"turns":3},{"damage":10,"enemies":"infinitespire:Voidling","floor":5,"turns":4},{"damage":1,"enemies":"3 Louse","floor":7,"turns":2},{"damage":0,"enemies":"Lagavulin","floor":10,"turns":6},{"damage":6,"enemies":"Exordium Wildlife","floor":13,"turns":3},{"damage":12,"enemies":"Gremlin Nob","floor":14,"turns":4},{"damage":0,"enemies":"Slime Boss","floor":16,"turns":9},{"damage":0,"enemies":"Shell Parasite","floor":18,"turns":5},{"damage":16,"enemies":"3 Byrds","floor":19,"turns":6},{"damage":30,"enemies":"Centurion and Healer","floor":21,"turns":10},{"damage":0,"enemies":"Book of Stabbing","floor":23,"turns":6},{"damage":31,"enemies":"Slavers","floor":25,"turns":6},{"damage":14,"enemies":"Snecko","floor":27,"turns":6},{"damage":0,"enemies":"Snake Plant","floor":28,"turns":3},{"damage":0,"enemies":"Book of Stabbing","floor":30,"turns":4},{"damage":23,"enemies":"Centurion and Healer","floor":31,"turns":5},{"damage":42,"enemies":"Automaton","floor":33,"turns":12},{"damage":2,"enemies":"3 Shapes","floor":35,"turns":4},{"damage":0,"enemies":"Orb Walker","floor":36,"turns":2},{"damage":0,"enemies":"4 Shapes","floor":39,"turns":2},{"damage":15,"enemies":"Reptomancer","floor":40,"turns":4},{"damage":0,"enemies":"Nemesis","floor":42,"turns":7},{"damage":0,"enemies":"Giant Head","floor":45,"turns":4},{"damage":9,"enemies":"3 Darklings","floor":47,"turns":4},{"damage":57,"enemies":"Reptomancer","floor":48,"turns":3},{"damage":29,"enemies":"Time Eater","floor":50,"turns":7},{"damage":0,"enemies":"Shield and Spear","floor":54,"turns":5},{"damage":13,"enemies":"The Heart","floor":55,"turns":8}],"seed_played":"-3495192053952395812","potions_obtained":[{"floor":2,"key":"Strength Potion"},{"floor":7,"key":"Dexterity Potion"},{"floor":14,"key":"Energy Potion"},{"floor":16,"key":"FairyPotion"},{"floor":25,"key":"ColorlessPotion"},{"floor":30,"key":"GamblersBrew"},{"floor":35,"key":"DistilledChaos"},{"floor":39,"key":"FairyPotion"},{"floor":40,"key":"AttackPotion"}],"is_trial":false,"path_per_floor":["M","M","?","?","M","R","M","R","T","E","?","R","M","E","R","B",null,"M","M","?","M","?","E","R","E","T","M","M","R","E","M","R","B",null,"M","M","?","$","M","E","R","E","T","R","E","R","M","E","R","B",null,"R","$","E","B",null],"character_chosen":"IRONCLAD","items_purchased":["Oddly Smooth Stone","ClockworkSouvenir","Dark Embrace","Champion Belt","Gambling Chip"],"campfire_rested":1,"item_purchase_floors":[38,38,38,53,53],"current_hp_per_floor":[54,54,43,43,45,45,53,53,53,54,54,54,54,48,48,54,54,54,44,38,20,20,32,32,13,13,11,22,22,34,23,23,22,46,54,54,45,45,56,53,53,61,61,61,63,63,67,39,61,56,71,71,71,78,72],"gold":254,"neow_bonus":"ONE_RARE_RELIC","is_daily":false,"chose_seed":false,"campfire_upgraded":10,"win_rate":0.0,"timestamp":1610937838,"path_taken":["M","M","?","?","M","R","M","R","T","E","?","R","M","E","R","BOSS","M","M","?","M","?","E","R","E","T","M","M","R","E","M","R","BOSS","M","?","?","?","M","E","R","E","T","R","E","R","?","E","R","BOSS","R","$","E","BOSS"],"items_purchased_type":["Relic","Relic","Card","Relic","Relic"],"build_version":"2020-12-22","purchased_purges":2,"victory":true,"max_hp_per_floor":[54,54,54,54,54,54,54,54,54,54,54,54,54,54,54,54,54,54,54,54,54,54,54,54,54,54,54,54,54,54,54,54,54,54,54,54,59,59,59,59,59,61,61,61,63,63,67,76,76,76,76,76,76,78,78],"relic_stats":{"Nunchaku":[18],"Dream Catcher":1,"Busted Crown":32,"Singing Bowl":12,"counters":[29,147],"Gambling Chip":[10],"Snecko Eye":[228,260,246,225],"Prayer Wheel":10,"Champion Belt":[3],"obtain_stats":[{"Singing Bowl":42,"Vajra":30,"Oddly Smooth Stone":38,"Burning Blood":0,"ClockworkSouvenir":38,"Nunchaku":10,"Dream Catcher":25,"Anchor":54,"HornCleat":9,"Busted Crown":34,"infinitespire:ShieldingShard":45,"infinitespire:Lychee Nut":0,"Strawberry":48,"Gambling Chip":53,"Snecko Eye":17,"infinitespire:Satchel":23,"Prayer Wheel":14,"Champion Belt":53,"NlothsMask":22,"Meat on the Bone":40},{"Singing Bowl":23,"Vajra":16,"Oddly Smooth Stone":20,"Burning Blood":0,"ClockworkSouvenir":20,"Nunchaku":5,"Dream Catcher":13,"Anchor":28,"HornCleat":4,"Busted Crown":18,"infinitespire:ShieldingShard":24,"infinitespire:Lychee Nut":0,"Strawberry":26,"Gambling Chip":27,"Snecko Eye":8,"infinitespire:Satchel":12,"Prayer Wheel":7,"Champion Belt":27,"NlothsMask":11,"Meat on the Bone":22},{"Singing Bowl":116,"Vajra":80,"Oddly Smooth Stone":103,"Burning Blood":0,"ClockworkSouvenir":103,"Nunchaku":18,"Dream Catcher":67,"Anchor":139,"HornCleat":12,"Busted Crown":97,"infinitespire:ShieldingShard":120,"infinitespire:Lychee Nut":0,"Strawberry":127,"Gambling Chip":134,"Snecko Eye":34,"infinitespire:Satchel":61,"Prayer Wheel":25,"Champion Belt":134,"NlothsMask":55,"Meat on the Bone":109}],"Burning Blood":125,"Meat on the Bone":24},"card_choices":[{"not_picked":["Second Wind","Body Slam"],"picked":"Anger","floor":1},{"not_picked":["Twin Strike","Sentinel"],"picked":"Shrug It Off","floor":2},{"not_picked":["Fire Breathing+1","Second Wind+1"],"picked":"Evolve+1","floor":4},{"not_picked":["Body Slam+1","Anger+1"],"picked":"Cleave+1","floor":4},{"not_picked":["Thunderclap","Wild Strike"],"picked":"Barricade","floor":5},{"not_picked":["Clash","Heavy Blade"],"picked":"Power Through","floor":7},{"not_picked":["Sword Boomerang","Shrug It Off"],"picked":"Spot Weakness","floor":10},{"not_picked":["Sword Boomerang","Power Through"],"picked":"True Grit","floor":13},{"not_picked":["Sentinel","Warcry"],"picked":"Second Wind","floor":14},{"not_picked":["Limit Break","Reaper"],"picked":"Corruption","floor":16},{"not_picked":["Headbutt","Rage"],"picked":"Armaments","floor":18},{"not_picked":["Flex+1","Thunderclap+1","Whirlwind"],"picked":"SKIP","floor":18},{"not_picked":["Armaments","Pummel"],"picked":"Feel No Pain","floor":19},{"not_picked":["Rage","Perfected Strike","Iron Wave"],"picked":"SKIP","floor":19},{"not_picked":["True Grit","Infernal Blade"],"picked":"Body Slam","floor":21},{"not_picked":["Havoc","Barricade","Sword Boomerang"],"picked":"SKIP","floor":21},{"not_picked":["True Grit","Second Wind"],"picked":"Exhume","floor":23},{"not_picked":["Iron Wave","True Grit","Armaments"],"picked":"SKIP","floor":25},{"not_picked":["Warcry","Anger"],"picked":"True Grit+1","floor":27},{"not_picked":["Immolate","Evolve"],"picked":"Power Through+1","floor":27},{"not_picked":["Wild Strike","Disarm"],"picked":"Feel No Pain","floor":28},{"not_picked":["Body Slam","Sword Boomerang","True Grit"],"picked":"SKIP","floor":28},{"not_picked":["Whirlwind+1","Combust+1"],"picked":"Dual Wield","floor":30},{"not_picked":["Burning Pact","Bloodletting+1"],"picked":"Shrug It Off","floor":31},{"not_picked":["Anger","Berserk","Cleave"],"picked":"SKIP","floor":31},{"not_picked":["Immolate","Double Tap"],"picked":"Juggernaut","floor":33},{"not_picked":["Headbutt+1"],"picked":"SKIP","floor":35},{"not_picked":["Iron Wave"],"picked":"SKIP","floor":35},{"not_picked":["Sword Boomerang"],"picked":"SKIP","floor":36},{"not_picked":["Infernal Blade"],"picked":"SKIP","floor":36},{"not_picked":[],"picked":"Disarm","floor":39},{"not_picked":["Havoc+1"],"picked":"SKIP","floor":39},{"not_picked":[],"picked":"Dark Embrace+1","floor":40},{"not_picked":["Perfected Strike"],"picked":"Singing Bowl","floor":42},{"not_picked":["Iron Wave"],"picked":"Singing Bowl","floor":45},{"not_picked":["Wild Strike"],"picked":"Singing Bowl","floor":47},{"not_picked":["Bloodletting+1"],"picked":"Singing Bowl","floor":47},{"not_picked":["Berserk"],"picked":"Singing Bowl","floor":48},{"not_picked":[],"picked":"Feel No Pain","floor":49},{"not_picked":["Dropkick"],"picked":"Singing Bowl","floor":54}],"player_experience":764271,"relics_obtained":[{"floor":9,"key":"HornCleat"},{"floor":10,"key":"Nunchaku"},{"floor":14,"key":"Prayer Wheel"},{"floor":23,"key":"infinitespire:Satchel"},{"floor":25,"key":"Dream Catcher"},{"floor":30,"key":"Vajra"},{"floor":40,"key":"Meat on the Bone"},{"floor":42,"key":"Singing Bowl"},{"floor":45,"key":"infinitespire:ShieldingShard"},{"floor":48,"key":"Strawberry"},{"floor":54,"key":"Anchor"}],"event_choices":[{"damage_healed":0,"gold_gain":75,"player_choice":"Gold","damage_taken":11,"max_hp_gain":0,"max_hp_loss":0,"event_name":"betterThird:BetterGoop","floor":3,"gold_loss":0},{"damage_healed":0,"gold_gain":0,"player_choice":"2","damage_taken":0,"max_hp_gain":0,"max_hp_loss":0,"event_name":"betterMatch:BetterMatch","floor":4,"gold_loss":0,"cards_obtained":["betterMatch:UncommonCard","betterMatch:CommonCard"]},{"cards_removed":["Strike_R"],"damage_healed":0,"gold_gain":0,"player_choice":"Card Removal","damage_taken":0,"max_hp_gain":0,"max_hp_loss":0,"event_name":"The Cleric","floor":11,"gold_loss":50},{"damage_healed":0,"gold_gain":0,"player_choice":"Dagger","damage_taken":6,"max_hp_gain":0,"max_hp_loss":0,"event_name":"betterThird:BetterNest","floor":20,"gold_loss":0,"cards_obtained":["RitualDagger"]},{"damage_healed":0,"gold_gain":0,"player_choice":"Trade","damage_taken":0,"relics_obtained":["NlothsMask"],"max_hp_gain":0,"max_hp_loss":0,"event_name":"FaceTrader","floor":22,"gold_loss":0},{"damage_healed":0,"gold_gain":0,"player_choice":"Random: Violet","damage_taken":0,"max_hp_gain":0,"max_hp_loss":0,"event_name":"betterThird:BetterPortal","floor":37,"gold_loss":0},{"damage_healed":0,"gold_gain":0,"player_choice":"Shed Blood","damage_taken":14,"max_hp_gain":5,"max_hp_loss":0,"event_name":"Forgotten Altar","floor":37,"gold_loss":0}],"is_beta":false,"boss_relics":[{"not_picked":["Tiny House","Coffee Dripper"],"picked":"Snecko Eye"},{"not_picked":["infinitespire:Cupcake","Calling Bell"],"picked":"Busted Crown"}],"items_purged_floors":[38,53],"is_endless":false,"potions_floor_spawned":[2,7,14,16,19,23,25,30,31,35,39,40,47],"ascension_level":9}}