{"host":"mai03x2ekbjy4059","time":1610969664,"event":{"mods":["2.2 Compatiblity","BaseMod","DeckTracker","Keyboard Shortcuts","Minty Spire (QoL Compilation)","Permanent Neow","Quick Restart","SuperFastMode","everything is the same but u backflip on backflip"],"gold_per_floor":[114,114,39,55,55,89,55,96,96,96,111,149,170,219,219,357,420,449,359,377,377,297,297,342,375,401,451,451,487,501,526,526,664,664,678,697,697,718,718,771,771,812,812,812,834,834,412,432,432,432,432,432,24,68,68],"floor_reached":56,"language":"KOR","playtime":2440,"items_purged":["Defend_G","Defend_G","Strike_G","Strike_G+1"],"score":1551,"play_id":"279d9509-1849-45a1-8a72-0054f9a4c896","local_time":"20210118203424","is_ascension_mode":true,"campfire_choices":[{"data":"Envenom","floor":10.0,"key":"SMITH"},{"data":"Cloak And Dagger","floor":15.0,"key":"SMITH"},{"data":"Terror","floor":23.0,"key":"SMITH"},{"data":"Blade Dance","floor":28.0,"key":"SMITH"},{"data":"Footwork","floor":32.0,"key":"SMITH"},{"data":"Finisher","floor":41.0,"key":"SMITH"},{"data":"Neutralize","floor":44.0,"key":"SMITH"},{"floor":49.0,"key":"RECALL"},{"data":"After Image","floor":52.0,"key":"SMITH"}],"circlet_count":0,"master_deck":["Strike_G+1","Defend_G","Defend_G","Defend_G","Survivor","Neutralize+1","Envenom+1","Blur","Terror+1","Footwork+1","Backflip","Deflect","Blade Dance+1","Cloak And Dagger+1","Die Die Die","Escape Plan","Escape Plan","Cloak And Dagger+1","Blur","After Image+1","Finisher+1","Blur+1","Infinite Blades","Footwork"],"relics":["Ring of the Snake","Golden Idol","Kunai","Orichalcum","Pantograph","The Courier","CeramicFish","Tiny House","Gambling Chip","Lantern","Omamori","Ginger","Coffee Dripper","Bottled Tornado","Thread and Needle","Ancient Tea Set","Paper Crane","TwistedFunnel","Strawberry","Nunchaku"],"acts_visited":["Exordium","TheCity","TheBeyond","TheEnding"],"potions_floor_usage":[55],"damage_taken":[{"damage":0.0,"enemies":"Cultist","floor":1.0,"turns":5.0},{"damage":0.0,"enemies":"2 Louse","floor":4.0,"turns":2.0},{"damage":16.0,"enemies":"Lagavulin","floor":6.0,"turns":7.0},{"damage":13.0,"enemies":"3 Sentries","floor":8.0,"turns":11.0},{"damage":0.0,"enemies":"Jaw Worm","floor":11.0,"turns":5.0},{"damage":1.0,"enemies":"Gremlin Nob","floor":12.0,"turns":4.0},{"damage":7.0,"enemies":"Lots of Slimes","floor":13.0,"turns":6.0},{"damage":0.0,"enemies":"3 Sentries","floor":14.0,"turns":12.0},{"damage":0.0,"enemies":"The Guardian","floor":16.0,"turns":10.0},{"damage":7.0,"enemies":"Chosen","floor":18.0,"turns":8.0},{"damage":0.0,"enemies":"Shell Parasite","floor":20.0,"turns":7.0},{"damage":16.0,"enemies":"Slavers","floor":24.0,"turns":6.0},{"damage":1.0,"enemies":"Shelled Parasite and Fungi","floor":25.0,"turns":7.0},{"damage":16.0,"enemies":"Gremlin Leader","floor":27.0,"turns":8.0},{"damage":0.0,"enemies":"Slavers","floor":29.0,"turns":5.0},{"damage":1.0,"enemies":"Sentry and Sphere","floor":30.0,"turns":8.0},{"damage":1.0,"enemies":"Centurion and Healer","floor":31.0,"turns":6.0},{"damage":15.0,"enemies":"Automaton","floor":33.0,"turns":13.0},{"damage":0.0,"enemies":"3 Shapes","floor":35.0,"turns":4.0},{"damage":0.0,"enemies":"Orb Walker","floor":36.0,"turns":4.0},{"damage":0.0,"enemies":"3 Darklings","floor":38.0,"turns":6.0},{"damage":0.0,"enemies":"Giant Head","floor":40.0,"turns":9.0},{"damage":14.0,"enemies":"Reptomancer","floor":42.0,"turns":7.0},{"damage":14.0,"enemies":"Sphere and 2 Shapes","floor":45.0,"turns":8.0},{"damage":0.0,"enemies":"Maw","floor":48.0,"turns":6.0},{"damage":0.0,"enemies":"Awakened One","floor":50.0,"turns":20.0},{"damage":0,"enemies":"Shield and Spear","floor":54,"turns":10},{"damage":14,"enemies":"The Heart","floor":55,"turns":13}],"seed_played":"7993303611845186338","potions_obtained":[{"floor":1.0,"key":"Strength Potion"},{"floor":5.0,"key":"Strength Potion"},{"floor":5.0,"key":"Strength Potion"},{"floor":11.0,"key":"PowerPotion"},{"floor":12.0,"key":"BlessingOfTheForge"},{"floor":13.0,"key":"EssenceOfSteel"},{"floor":16.0,"key":"Explosive Potion"},{"floor":17.0,"key":"SteroidPotion"},{"floor":29.0,"key":"GamblersBrew"},{"floor":30.0,"key":"Fire Potion"},{"floor":36.0,"key":"Block Potion"},{"floor":38.0,"key":"Energy Potion"},{"floor":45.0,"key":"EssenceOfSteel"}],"is_trial":false,"path_per_floor":["M","?","$","M","?","E","$","E","T","R","M","E","M","E","R","B",null,"M","?","M","?","$","R","E","M","T","E","R","E","M","M","R","B",null,"M","M","?","M","?","E","R","E","T","R","M","?","$","M","R","B",null,"R","$","E","B",null],"character_chosen":"THE_SILENT","items_purchased":["Footwork","Ancient Tea Set","Paper Crane","TwistedFunnel","Infinite Blades","Strawberry"],"campfire_rested":0,"item_purchase_floors":[7,47,47,53,53,53],"current_hp_per_floor":[49,49,49,49,49,33,33,20,20,20,20,19,12,12,12,37,70,63,63,63,63,63,63,47,46,46,30,30,30,29,28,28,38,70,70,70,70,70,66,66,66,52,52,52,38,38,38,38,38,63,66,66,73,73,59],"gold":68,"neow_bonus":"THREE_RARE_CARDS","is_daily":false,"chose_seed":false,"campfire_upgraded":8,"win_rate":0.0,"timestamp":1610969664,"path_taken":["M","?","$","M","?","E","$","E","T","R","?","E","M","E","R","BOSS","M","?","?","?","$","R","E","M","T","E","R","E","M","M","R","BOSS","M","M","?","M","?","E","R","E","T","R","M","?","$","M","R","BOSS","R","$","E","BOSS"],"items_purchased_type":["Card","Relic","Relic","Relic","Card","Relic"],"build_version":"2020-12-22","purchased_purges":4,"victory":true,"max_hp_per_floor":[70,65,65,65,65,65,65,65,65,65,65,65,65,65,65,65,70,70,70,70,70,70,70,70,70,70,70,70,70,70,70,70,70,70,70,70,70,70,66,66,66,66,66,66,66,66,66,66,66,66,66,66,73,73,73],"card_choices":[{"not_picked":["Corpse Explosion","Glass Knife"],"picked":"Envenom","floor":0.0},{"not_picked":["Tactician","Sucker Punch","Dodge and Roll"],"picked":"SKIP","floor":1.0},{"not_picked":["Infinite Blades","Distraction"],"picked":"Blur","floor":4.0},{"not_picked":["Prepared","Expertise"],"picked":"Terror","floor":6.0},{"not_picked":["Phantasmal Killer","Outmaneuver"],"picked":"Backflip","floor":8.0},{"not_picked":["Infinite Blades","Quick Slash"],"picked":"Deflect","floor":11.0},{"not_picked":["Backflip","Leg Sweep","Dodge and Roll"],"picked":"SKIP","floor":12.0},{"not_picked":["Deflect","Quick Slash"],"picked":"Blade Dance","floor":13.0},{"not_picked":["Noxious Fumes","PiercingWail"],"picked":"Cloak And Dagger","floor":14.0},{"not_picked":["A Thousand Cuts","Tools of the Trade"],"picked":"Die Die Die","floor":16.0},{"not_picked":["Outmaneuver","Bane"],"picked":"Escape Plan","floor":18.0},{"not_picked":["Bane","Corpse Explosion","Slice"],"picked":"SKIP","floor":20.0},{"not_picked":["PiercingWail","Flying Knee"],"picked":"Escape Plan","floor":24.0},{"not_picked":["Dagger Spray","Bane+1"],"picked":"Cloak And Dagger+1","floor":25.0},{"not_picked":["Outmaneuver+1","Caltrops+1"],"picked":"Blur","floor":27.0},{"not_picked":["Deadly Poison","Storm of Steel","Predator"],"picked":"SKIP","floor":29.0},{"not_picked":["Outmaneuver","PiercingWail","Backstab"],"picked":"SKIP","floor":30.0},{"not_picked":["Concentrate","Bane","Underhanded Strike"],"picked":"SKIP","floor":31.0},{"not_picked":["Adrenaline","Glass Knife"],"picked":"After Image","floor":33.0},{"not_picked":["Dagger Throw+1","Concentrate","Deflect"],"picked":"SKIP","floor":35.0},{"not_picked":["Quick Slash+1","Riddle With Holes+1","Acrobatics+1"],"picked":"SKIP","floor":36.0},{"not_picked":["Skewer+1","Underhanded Strike+1","Poisoned Stab+1"],"picked":"SKIP","floor":38.0},{"not_picked":["PiercingWail+1","Distraction"],"picked":"Finisher","floor":40.0},{"not_picked":["Choke","Terror+1","Caltrops+1"],"picked":"SKIP","floor":42.0},{"not_picked":["Crippling Poison+1","Deadly Poison"],"picked":"Blur+1","floor":45.0},{"not_picked":["Endless Agony","Sucker Punch","Acrobatics+1"],"picked":"SKIP","floor":48.0},{"not_picked":["Underhanded Strike+1","Deadly Poison"],"picked":"Footwork","floor":54}],"player_experience":1084353,"relics_obtained":[{"floor":6.0,"key":"Kunai"},{"floor":8.0,"key":"Orichalcum"},{"floor":9.0,"key":"Pantograph"},{"floor":12.0,"key":"The Courier"},{"floor":14.0,"key":"CeramicFish"},{"floor":24.0,"key":"Gambling Chip"},{"floor":26.0,"key":"Lantern"},{"floor":27.0,"key":"Omamori"},{"floor":29.0,"key":"Ginger"},{"floor":40.0,"key":"Bottled Tornado"},{"floor":42.0,"key":"Thread and Needle"},{"floor":54,"key":"Nunchaku"}],"event_choices":[{"damage_healed":0.0,"max_hp_gain":0.0,"max_hp_loss":5.0,"gold_gain":0.0,"event_name":"Golden Idol","player_choice":"Lose Max HP","floor":2.0,"gold_loss":0.0,"damage_taken":0.0,"relics_obtained":["Golden Idol"]},{"damage_healed":0.0,"max_hp_gain":0.0,"max_hp_loss":0.0,"gold_gain":0.0,"event_name":"Lab","player_choice":"Got Potions","floor":5.0,"gold_loss":0.0,"damage_taken":0.0},{"cards_removed":["Strike_G"],"damage_healed":0.0,"max_hp_gain":0.0,"max_hp_loss":0.0,"gold_gain":0.0,"event_name":"Designer","player_choice":"Upgrade and Remove","floor":19.0,"gold_loss":90.0,"damage_taken":0.0,"cards_upgraded":["Strike_G"]},{"cards_removed":["Strike_G"],"damage_healed":0.0,"max_hp_gain":0.0,"max_hp_loss":0.0,"gold_gain":0.0,"event_name":"Back to Basics","player_choice":"Elegance","floor":21.0,"gold_loss":0.0,"damage_taken":0.0},{"damage_healed":0.0,"max_hp_gain":0.0,"max_hp_loss":0.0,"gold_gain":0.0,"event_name":"Tomb of Lord Red Mask","player_choice":"Ignored","floor":37.0,"gold_loss":0.0,"damage_taken":0.0},{"damage_healed":0.0,"max_hp_gain":0.0,"max_hp_loss":4.0,"gold_gain":0.0,"event_name":"Winding Halls","player_choice":"Max HP","floor":39.0,"gold_loss":0.0,"damage_taken":0.0},{"damage_healed":0.0,"max_hp_gain":0.0,"max_hp_loss":0.0,"gold_gain":0.0,"event_name":"SecretPortal","player_choice":"Ignored","floor":46.0,"gold_loss":0.0,"damage_taken":0.0}],"is_beta":false,"boss_relics":[{"not_picked":["Calling Bell","Snecko Eye"],"picked":"Tiny House"},{"not_picked":["HoveringKite","Pandora\u0027s Box"],"picked":"Coffee Dripper"}],"items_purged_floors":[3,22,47,53],"is_endless":false,"potions_floor_spawned":[1,11,12,13,16,18,20,29,30,36,38,45],"ascension_level":1}}