{"host":"7sni158j623xchr2","time":1610954985,"event":{"mods":["BaseMod","Colored Map","Highlight Path","Minty Spire (QoL Compilation)","Permanent Neow","Potion Indicator Mod","Rare Cards Sparkle","Relic Sorter","Relic Stats","StSLib","everything is the same but u backflip on backflip"],"gold_per_floor":[119,119,42,217,237,237,270,270,296,327,340,340,39,69,69,170,170,180,80,80,80,97,97,126,126,126,1,1,31,42,56,56,158,158,177,177,196,196,212,244,254,269,269,279,279,309,13,13,13,13,13,13,13,39,39,39],"floor_reached":55,"language":"ENG","playtime":1643,"items_purged":["Doubt","Strike_P","Writhe","Strike_P"],"score":956,"play_id":"c5463e81-c486-42fd-a088-26ba6b5702fa","local_time":"20210118012945","is_ascension_mode":true,"campfire_choices":[{"data":"Scrawl","floor":6.0,"key":"SMITH"},{"data":"Eruption","floor":8.0,"key":"SMITH"},{"data":"Adaptation","floor":15.0,"key":"SMITH"},{"data":"CrushJoints","floor":23.0,"key":"SMITH"},{"data":"Fasting2","floor":32,"key":"SMITH"},{"data":"Wallop","floor":45,"key":"SMITH"},{"floor":49,"key":"RECALL"},{"data":"Tantrum","floor":52,"key":"SMITH"}],"circlet_count":0,"master_deck":["Strike_P","Defend_P","Defend_P","Eruption+1","Vigilance","SashWhip","Scrawl+1","BowlingBash+1","FlurryOfBlows","Fasting2+1","Tantrum+1","Adaptation+1","DeceiveReality","SpiritShield","CrushJoints+1","FlyingSleeves","ConjureBlade","Wallop+1","FearNoEvil","Halt","Omniscience","Swivel+1","ThirdEye+1","FearNoEvil+1","EmptyFist+1","Scrawl+1","Worship+1"],"relics":["PureWater","NeowsBlessing","Nunchaku","Eternal Feather","Vajra","Cursed Key","Nilry\u0027s Codex","Mango","Damaru","InkBottle","Boot","SlaversCollar","White Beast Statue","Kunai","DollysMirror","Anchor"],"acts_visited":["Exordium","TheCity","TheBeyond","TheEnding"],"potions_floor_usage":[46,50,55,55],"damage_taken":[{"damage":0.0,"enemies":"2 Louse","floor":1.0,"turns":1.0},{"damage":0.0,"enemies":"Cultist","floor":5.0,"turns":1.0},{"damage":0.0,"enemies":"Gremlin Nob","floor":7.0,"turns":1.0},{"damage":7.0,"enemies":"3 Sentries","floor":10.0,"turns":4.0},{"damage":0.0,"enemies":"Jaw Worm","floor":11.0,"turns":4.0},{"damage":7.0,"enemies":"Lagavulin","floor":14.0,"turns":3.0},{"damage":29.0,"enemies":"Hexaghost","floor":16.0,"turns":5.0},{"damage":9.0,"enemies":"Shell Parasite","floor":18.0,"turns":4.0},{"damage":2.0,"enemies":"2 Thieves","floor":22.0,"turns":2.0},{"damage":6.0,"enemies":"Book of Stabbing","floor":24.0,"turns":2.0},{"damage":12,"enemies":"Slavers","floor":29,"turns":2},{"damage":0,"enemies":"Snake Plant","floor":30,"turns":2},{"damage":0,"enemies":"Snecko","floor":31,"turns":3},{"damage":0,"enemies":"Automaton","floor":33,"turns":6},{"damage":3,"enemies":"Orb Walker","floor":35,"turns":3},{"damage":12,"enemies":"3 Darklings","floor":37,"turns":3},{"damage":13,"enemies":"Spire Growth","floor":39,"turns":3},{"damage":25,"enemies":"Nemesis","floor":40,"turns":3},{"damage":0,"enemies":"Maw","floor":41,"turns":5},{"damage":17,"enemies":"Transient","floor":42,"turns":5},{"damage":0,"enemies":"4 Shapes","floor":44,"turns":2},{"damage":0,"enemies":"Giant Head","floor":46,"turns":4},{"damage":20,"enemies":"Time Eater","floor":50,"turns":8},{"damage":40,"enemies":"Shield and Spear","floor":54,"turns":4},{"damage":48,"enemies":"The Heart","floor":55,"turns":5}],"seed_played":"-7389179339127415543","potions_obtained":[{"floor":7.0,"key":"Dexterity Potion"},{"floor":10.0,"key":"BlessingOfTheForge"},{"floor":16.0,"key":"LiquidBronze"},{"floor":22.0,"key":"Energy Potion"},{"floor":35,"key":"Ambrosia"},{"floor":40,"key":"LiquidMemories"},{"floor":41,"key":"BottledMiracle"},{"floor":42,"key":"Ambrosia"},{"floor":46,"key":"BottledMiracle"},{"floor":54,"key":"BottledMiracle"}],"is_trial":false,"path_per_floor":["M","?","$","?","M","R","E","R","T","E","M","?","$","E","R","B",null,"M","$","?","?","M","R","E","?","T","$","?","E","M","M","R","B",null,"M","?","M","?","M","E","M","M","T","M","R","E","$","?","R","B",null,"R","$","E","B"],"character_chosen":"WATCHER","items_purchased":["Scrawl","Tantrum","Adaptation","StancePotion","DollysMirror"],"campfire_rested":0,"item_purchase_floors":[3,13,13,13,47],"current_hp_per_floor":[72,72,72,72,72,72,72,72,72,65,65,65,65,58,67,38,72,63,63,63,47,45,54,62,62,62,62,62,50,50,50,62,62,86,83,83,71,71,58,33,33,16,16,16,31,31,31,31,46,26,86,86,86,46,0,0],"gold":39,"neow_bonus":"THREE_ENEMY_KILL","is_daily":false,"chose_seed":false,"campfire_upgraded":7,"win_rate":0.0,"timestamp":1610954985,"path_taken":["M","?","?","?","M","R","E","R","T","E","M","?","$","E","R","BOSS","M","$","?","?","M","R","E","?","T","$","?","E","M","M","R","BOSS","M","?","?","?","?","E","M","?","T","M","R","E","$","?","R","BOSS","R","$","E","BOSS"],"items_purchased_type":["Card","Card","Card","Potion","Relic"],"build_version":"2020-12-22","purchased_purges":4,"victory":false,"max_hp_per_floor":[72,72,72,72,72,72,72,72,72,72,72,72,72,72,72,72,72,72,72,72,72,72,72,86,86,86,86,86,86,86,86,86,86,86,86,86,86,86,86,86,86,86,86,86,86,86,86,86,86,86,86,86,86,86,86,86],"relic_stats":{"Nunchaku":[24],"counters":[25,85],"Eternal Feather":60,"Kunai":[12],"Cursed Key":1,"Boot":[19],"obtain_stats":[{"NeowsBlessing":0,"Nilry\u0027s Codex":21,"Vajra":14,"Damaru":25,"Eternal Feather":10,"Mango":24,"Cursed Key":17,"Boot":29,"White Beast Statue":40,"SlaversCollar":34,"Nunchaku":7,"Anchor":54,"DollysMirror":47,"Kunai":46,"PureWater":0,"InkBottle":26},{"NeowsBlessing":0,"Nilry\u0027s Codex":8,"Vajra":6,"Damaru":10,"Eternal Feather":4,"Mango":10,"Cursed Key":7,"Boot":11,"White Beast Statue":18,"SlaversCollar":14,"Nunchaku":3,"Anchor":24,"DollysMirror":22,"Kunai":22,"PureWater":0,"InkBottle":10},{"NeowsBlessing":0,"Nilry\u0027s Codex":23,"Vajra":14,"Damaru":27,"Eternal Feather":7,"Mango":27,"Cursed Key":19,"Boot":29,"White Beast Statue":52,"SlaversCollar":40,"Nunchaku":3,"Anchor":80,"DollysMirror":68,"Kunai":68,"PureWater":0,"InkBottle":27}],"InkBottle":[28]},"card_choices":[{"not_picked":["Crescendo","FlurryOfBlows"],"picked":"SashWhip","floor":1.0},{"not_picked":["Pray","FlyingSleeves"],"picked":"BowlingBash","floor":5.0},{"not_picked":["Halt","Prostrate"],"picked":"FlurryOfBlows","floor":7.0},{"not_picked":["Crescendo","FlyingSleeves"],"picked":"Fasting2","floor":10.0},{"not_picked":["ReachHeaven","FlurryOfBlows","Evaluate"],"picked":"SKIP","floor":11.0},{"not_picked":["Indignation","Prostrate"],"picked":"DeceiveReality","floor":14.0},{"not_picked":["Brilliance","Establishment"],"picked":"SpiritShield","floor":16.0},{"not_picked":["FlyingSleeves","SashWhip"],"picked":"CrushJoints","floor":18.0},{"not_picked":["CrushJoints","Evaluate","BattleHymn"],"picked":"SKIP","floor":22.0},{"not_picked":["Indignation","ReachHeaven","SashWhip"],"picked":"SKIP","floor":24.0},{"not_picked":["MentalFortress","Sanctity"],"picked":"Wallop","floor":29},{"not_picked":["Wireheading","Evaluate"],"picked":"FearNoEvil","floor":30},{"not_picked":["Collect","FlyingSleeves"],"picked":"Halt","floor":31},{"not_picked":["Wish","DevaForm"],"picked":"Omniscience","floor":33},{"not_picked":["Consecrate","SashWhip","JustLucky+1"],"picked":"SKIP","floor":35},{"not_picked":["Prostrate+1","Consecrate"],"picked":"Swivel+1","floor":37},{"not_picked":["DeceiveReality","ClearTheMind","MasterReality"],"picked":"SKIP","floor":39},{"not_picked":["FlyingSleeves","Consecrate+1"],"picked":"ThirdEye+1","floor":40},{"not_picked":["BowlingBash+1","CrushJoints+1"],"picked":"FearNoEvil+1","floor":41},{"not_picked":["SandsOfTime","JustLucky+1","WheelKick+1"],"picked":"SKIP","floor":42},{"not_picked":["Indignation","FlyingSleeves+1"],"picked":"EmptyFist+1","floor":44},{"not_picked":["WreathOfFlame","Protect","Nirvana+1"],"picked":"SKIP","floor":46},{"not_picked":["WaveOfTheHand+1","Crescendo"],"picked":"Worship+1","floor":54}],"player_experience":1640809,"relics_obtained":[{"floor":7.0,"key":"Nunchaku"},{"floor":10.0,"key":"Eternal Feather"},{"floor":14.0,"key":"Vajra"},{"floor":21.0,"key":"Nilry\u0027s Codex"},{"floor":24.0,"key":"Mango"},{"floor":26.0,"key":"InkBottle"},{"floor":29,"key":"Boot"},{"floor":40,"key":"White Beast Statue"},{"floor":46,"key":"Kunai"},{"floor":54,"key":"Anchor"}],"event_choices":[{"damage_healed":0.0,"max_hp_gain":0.0,"max_hp_loss":0.0,"gold_gain":0.0,"event_name":"Wheel of Change","player_choice":"Full Heal","floor":2.0,"gold_loss":0.0,"damage_taken":0.0},{"damage_healed":0.0,"max_hp_gain":0.0,"max_hp_loss":0.0,"gold_gain":175.0,"event_name":"Liars Game","player_choice":"AGREE","floor":4.0,"gold_loss":0.0,"damage_taken":0.0,"cards_obtained":["Doubt"]},{"damage_healed":0.0,"max_hp_gain":0.0,"max_hp_loss":0.0,"gold_gain":0.0,"event_name":"Living Wall","player_choice":"Grow","floor":12.0,"gold_loss":0.0,"damage_taken":0.0,"cards_upgraded":["BowlingBash"]},{"damage_healed":0.0,"max_hp_gain":0.0,"max_hp_loss":0.0,"gold_gain":0.0,"cards_transformed":["Defend_P","Strike_P"],"event_name":"Drug Dealer","player_choice":"Became Test Subject","floor":20.0,"gold_loss":0.0,"damage_taken":0.0,"cards_obtained":["FlyingSleeves","ConjureBlade"]},{"damage_healed":0.0,"max_hp_gain":0.0,"max_hp_loss":0.0,"gold_gain":0.0,"event_name":"Cursed Tome","player_choice":"Obtained Book","floor":21.0,"gold_loss":0.0,"damage_taken":16.0},{"damage_healed":0.0,"max_hp_gain":0.0,"max_hp_loss":0.0,"gold_gain":0.0,"event_name":"The Mausoleum","player_choice":"Opened","floor":25.0,"gold_loss":0.0,"damage_taken":0.0,"relics_obtained":["Damaru"],"cards_obtained":["Writhe"]},{"cards_removed":["Shame"],"damage_healed":0,"gold_gain":0,"player_choice":"Elegance","damage_taken":0,"max_hp_gain":0,"max_hp_loss":0,"event_name":"Back to Basics","floor":28,"gold_loss":0},{"cards_removed":["Defend_P"],"damage_healed":0,"gold_gain":0,"player_choice":"Offered Basic","damage_taken":0,"max_hp_gain":0,"max_hp_loss":0,"event_name":"Bonfire Elementals","floor":36,"gold_loss":0},{"damage_healed":0,"gold_gain":0,"player_choice":"Bought 0 Potions","damage_taken":0,"max_hp_gain":0,"max_hp_loss":0,"event_name":"The Woman in Blue","floor":38,"gold_loss":0},{"damage_healed":0,"gold_gain":0,"player_choice":"Ignored","damage_taken":0,"max_hp_gain":0,"max_hp_loss":0,"event_name":"Mysterious Sphere","floor":48,"gold_loss":0}],"is_beta":false,"boss_relics":[{"not_picked":["Empty Cage","Astrolabe"],"picked":"Cursed Key"},{"not_picked":["Runic Pyramid","Busted Crown"],"picked":"SlaversCollar"}],"items_purged_floors":[13,19,27,47],"is_endless":false,"potions_floor_spawned":[7,10,14,16,22,35,39,40,41,42,44,46,54],"killed_by":"The Heart","ascension_level":3}}