{"host":"rhakyh2m1vy6smuu","time":1610992174,"event":{"mods":["BaseMod","Downfall","Minty Spire (QoL Compilation)","StSLib","The Hierophant"],"gold_per_floor":[117,117,117,117,132,148,148,73,97,112,112,136,147,170,170,206,206],"floor_reached":16,"language":"ENG","playtime":748,"items_purged":["hierophant:Strike_Hierophant"],"score":102,"play_id":"e13db609-d3f5-4bed-b088-eb1503320487","local_time":"20210118104934","is_ascension_mode":false,"campfire_choices":[{"data":"hierophant:PassingBell","floor":7,"key":"SMITH"},{"data":"hierophant:HolyVerse","floor":11,"key":"SMITH"},{"data":"hierophant:ChurchCoffers","floor":15,"key":"SMITH"}],"circlet_count":0,"master_deck":["hierophant:Strike_Hierophant+1","hierophant:Strike_Hierophant+1","hierophant:Punish","hierophant:Defend_Hierophant","hierophant:Defend_Hierophant","hierophant:Defend_Hierophant","hierophant:Defend_Hierophant","hierophant:ChurchCoffers+1","hierophant:HolyVerse+1","hierophant:PassingBell+1","hierophant:Embezzle","hierophant:Prophecy","hierophant:ThreeLashes","hierophant:MorningPrayer","hierophant:Doubloon","hierophant:CoinFling"],"relics":["hierophant:PropheticMaskRelic","Golden Idol","StrikeDummy","Whetstone"],"acts_visited":["Exordium"],"potions_floor_usage":[],"damage_taken":[{"damage":5,"enemies":"2 Louse","floor":1,"turns":3},{"damage":1,"enemies":"Jaw Worm","floor":5,"turns":3},{"damage":44,"enemies":"Gremlin Nob","floor":6,"turns":5},{"damage":0,"enemies":"Small Slimes","floor":10,"turns":2},{"damage":9,"enemies":"Exordium Wildlife","floor":12,"turns":2},{"damage":0,"enemies":"Exordium Thugs","floor":13,"turns":2},{"damage":4,"enemies":"Gremlin Gang","floor":14,"turns":2},{"damage":19,"enemies":"The Guardian","floor":16,"turns":8}],"seed_played":"-3061638163977718392","potions_obtained":[{"floor":13,"key":"Swift Potion"},{"floor":14,"key":"hexamod:SoulburnPotion"}],"is_trial":false,"path_per_floor":["M","?","?","?","M","E","R","$","T","M","R","M","M","M","R","B"],"character_chosen":"HIEROPHANT","items_purchased":[],"campfire_rested":0,"item_purchase_floors":[],"current_hp_per_floor":[77,76,81,74,73,29,29,29,29,29,29,20,20,16,16,0,0],"gold":206,"neow_bonus":"TEN_PERCENT_HP_BONUS","is_daily":false,"chose_seed":false,"campfire_upgraded":3,"win_rate":0.0,"timestamp":1610992174,"path_taken":["M","?","?","?","M","E","R","$","T","?","R","M","M","M","R","BOSS"],"items_purchased_type":[],"build_version":"2020-12-22","purchased_purges":1,"victory":false,"max_hp_per_floor":[82,76,81,81,81,81,81,81,81,81,81,81,81,81,81,81,81],"card_choices":[{"not_picked":["hierophant:ThreeLashes","hierophant:AuricBeam"],"picked":"hierophant:HolyVerse","floor":1},{"not_picked":["hierophant:Martyrdom","hierophant:AuricBeam"],"picked":"hierophant:PassingBell","floor":5},{"not_picked":["hierophant:FlamingChariot","hierophant:OrnateBuckler"],"picked":"hierophant:Embezzle","floor":6},{"not_picked":["hierophant:RepressedViolence","hierophant:Encroach"],"picked":"hierophant:Prophecy","floor":10},{"not_picked":["hierophant:Purify","hierophant:SecretStash"],"picked":"hierophant:ThreeLashes","floor":12},{"not_picked":["hierophant:Prophecy","hierophant:PassingBell"],"picked":"hierophant:MorningPrayer","floor":13},{"not_picked":["hierophant:Racketeering","hierophant:Charity"],"picked":"hierophant:CoinFling","floor":14}],"player_experience":1606863,"relics_obtained":[{"floor":6,"key":"StrikeDummy"},{"floor":9,"key":"Whetstone"}],"event_choices":[{"damage_healed":0,"gold_gain":0,"player_choice":"Lose Max HP","damage_taken":0,"relics_obtained":["Golden Idol"],"max_hp_gain":0,"max_hp_loss":6,"event_name":"Golden Idol","floor":2,"gold_loss":0},{"damage_healed":0,"gold_gain":0,"player_choice":"Donut","damage_taken":0,"max_hp_gain":5,"max_hp_loss":0,"event_name":"Big Fish","floor":3,"gold_loss":0},{"cards_removed":["hierophant:Strike_Hierophant"],"damage_healed":0,"gold_gain":0,"player_choice":"Card Removal","damage_taken":7,"max_hp_gain":0,"max_hp_loss":0,"event_name":"Golden Wing","floor":4,"gold_loss":0}],"is_beta":false,"boss_relics":[],"items_purged_floors":[8],"is_endless":false,"potions_floor_spawned":[13,14],"killed_by":"The Guardian","ascension_level":0}}