{"host":"bf9sa99gaumonoeu","time":1610983335,"event":{"mods":["AchievementEnabler","Act Like it!","Aspiration","BaseMod","Bestiary","Better Note","Block Reminder","Colored Map","Colored Powertips","Fox Events","Friendly Minions","Gensokyo","GifTheSpireLib","Googly Eyes","Hallownest","Hermit","Highlight Path","Hubris","Jorbs\u0027s Wanderer Trilogy","KinomotoSakuraMod(????)","Koishi","Marisa????????","Minty Spire (QoL Compilation)","Rare Cards Sparkle","Reimu??????","Relic Stats","Remilia??????","Replay The Spire","StS++","StSLib","The Administrix","The Animator","The Blue Laboratory","The Bug Knight","The Construct","The Cursed","The Hierophant","The Mystic","The Necromancer","The Poker Player","The Runesmith","The Senshi","The Servant 0.9.4"],"gold_per_floor":[111,127,143,163,47,73,90,240,293,12,12,30,61,74,74,150,150,168,178,178,453,45,80,92,92,118,118,118],"floor_reached":27,"language":"ENG","playtime":2068,"items_purged":["Doubt","Regret"],"score":515,"play_id":"49a04de3-3f93-4778-827b-5ad9ec9cf452","local_time":"20210118132215","is_ascension_mode":true,"campfire_choices":[{"floor":11.0,"key":"REST"},{"floor":15,"key":"REST"},{"floor":25,"key":"REST"}],"circlet_count":0,"master_deck":["AscendersBane","Strike_G","Strike_G","Strike_G","Strike_G","Strike_G","Defend_G","Defend_G","Defend_G+1","Defend_G+1","Defend_G","Survivor","Neutralize","StSpp:Resilience","Skewer","Poison Darts","Sucker Punch","Dagger Spray","Predator","PiercingWail","PiercingWail","Prepared","Dodge and Roll","Dodge and Roll+1","Pot Of Greed","Pot Of Greed","Pot Of Greed","StSpp:CorrosivePoison","ReplayTheSpireMod:From All Sides","Night Terror","Prepared","Pride","Flying Knee+1","Crippling Poison","Corpse Explosion","Backflip"],"relics":["Ring of the Snake","hubris:TenFootPole","MealTicket","Grinning Jar","aspiration:ChemicalBlood","aspiration:RitualDagger","War Paint","Turnip","ReplayTheSpireMod:TigerMarble"],"acts_visited":["Exordium","TheCity"],"potions_floor_usage":[16,16,18,19,19,23,24,24,27,27],"damage_taken":[{"damage":1.0,"enemies":"Cultist","floor":1.0,"turns":4.0},{"damage":0.0,"enemies":"Small Slimes","floor":2.0,"turns":3.0},{"damage":0.0,"enemies":"2 Louse","floor":3.0,"turns":3.0},{"damage":0.0,"enemies":"Looter","floor":4.0,"turns":3.0},{"damage":36.0,"enemies":"Gremlin Nob","floor":6.0,"turns":4.0},{"damage":5.0,"enemies":"Large Slime","floor":7.0,"turns":7.0},{"damage":0.0,"enemies":"Blue Slaver","floor":12.0,"turns":6.0},{"damage":23.0,"enemies":"Lagavulin","floor":13.0,"turns":7.0},{"damage":0,"enemies":"3 Louse","floor":14,"turns":3},{"damage":43,"enemies":"Hexaghost","floor":16,"turns":16},{"damage":34,"enemies":"Chosen","floor":18,"turns":7},{"damage":15,"enemies":"2 Thieves","floor":19,"turns":4},{"damage":75,"enemies":"Replay:Snechameleon","floor":23,"turns":8},{"damage":21,"enemies":"Centurion and Healer","floor":24,"turns":7},{"damage":50,"enemies":"Chosen and Byrds","floor":27,"turns":10}],"seed_played":"6887408350859517358","potions_obtained":[{"floor":2.0,"key":"EntropicBrew"},{"floor":6.0,"key":"GamblersBrew"},{"floor":13.0,"key":"blueLaboratory:BubblePotion"},{"floor":14,"key":"blueLaboratory:ExaltedPotion"},{"floor":23,"key":"construct:ShiftPotion"},{"floor":23,"key":"blueLaboratory:FrostheartPotion"}],"is_trial":false,"path_per_floor":["M","M","M","M","$","E","M","?","T","$","R","M","E","M","R","B",null,"M","M","?","?","$","E","M","R","T","M"],"character_chosen":"THE_SILENT","items_purchased":["Predator","PiercingWail","Dodge and Roll+1","Grinning Jar","SteroidPotion","War Paint","Crippling Poison"],"campfire_rested":3,"item_purchase_floors":[5,5,10,10,22,22,22],"current_hp_per_floor":[58,58,58,58,58,22,17,17,17,32,51,51,28,28,47,16,54,20,5,5,5,20,24,20,39,39,0,0],"gold":118,"neow_bonus":"RANDOM_COLORLESS","is_daily":false,"chose_seed":false,"campfire_upgraded":0,"win_rate":0.0,"timestamp":1610983335,"path_taken":["M","M","?","M","$","E","M","?","T","$","R","M","E","M","R","BOSS","M","M","?","?","$","E","M","R","T","M"],"items_purchased_type":["Card","Card","Card","Relic","Potion","Relic","Card"],"build_version":"2020-12-22","purchased_purges":2,"victory":false,"max_hp_per_floor":[66,66,66,66,66,66,66,66,66,66,66,66,66,66,66,66,66,66,66,66,66,66,66,66,66,66,66,66],"relic_stats":{"counters":[15,91],"MealTicket":30,"Turnip":[4],"War Paint":["Defend_G","Defend_G"],"obtain_stats":[{"MealTicket":9,"Turnip":23,"hubris:TenFootPole":6,"ReplayTheSpireMod:TigerMarble":26,"aspiration:RitualDagger":17,"Grinning Jar":10,"War Paint":22,"Ring of the Snake":0,"aspiration:ChemicalBlood":13},{"MealTicket":6,"Turnip":13,"hubris:TenFootPole":5,"ReplayTheSpireMod:TigerMarble":14,"aspiration:RitualDagger":10,"Grinning Jar":6,"War Paint":12,"Ring of the Snake":0,"aspiration:ChemicalBlood":8},{"MealTicket":24,"Turnip":75,"hubris:TenFootPole":17,"ReplayTheSpireMod:TigerMarble":82,"aspiration:RitualDagger":56,"Grinning Jar":24,"War Paint":67,"Ring of the Snake":0,"aspiration:ChemicalBlood":37}],"Ring of the Snake":[30]},"card_choices":[{"not_picked":["Impatience","Panacea"],"picked":"StSpp:Resilience","floor":0.0},{"not_picked":["Masterful Stab","Outmaneuver"],"picked":"Skewer","floor":1.0},{"not_picked":["hubris:SlightOfHand","Deflect"],"picked":"Poison Darts","floor":2.0},{"not_picked":["Fluid Movement","Cloak And Dagger"],"picked":"Sucker Punch","floor":3.0},{"not_picked":["Riddle With Holes","Cloak And Dagger"],"picked":"Dagger Spray","floor":4.0},{"not_picked":["Quick Slash","Skewer"],"picked":"Prepared","floor":6.0},{"not_picked":["Storm of Steel","Skewer"],"picked":"Dodge and Roll","floor":7.0},{"not_picked":["Outmaneuver","Reflex"],"picked":"StSpp:CorrosivePoison","floor":12.0},{"not_picked":["StSpp:TimeParadox","Heel Hook"],"picked":"ReplayTheSpireMod:From All Sides","floor":13.0},{"not_picked":["StSpp:TimeParadox","hubris:SlightOfHand","StSpp:Throw"],"picked":"SKIP","floor":14},{"not_picked":["A Thousand Cuts","StSpp:NonchalentStrike"],"picked":"Night Terror","floor":16},{"not_picked":["Bouncing Flask","Deadly Poison"],"picked":"Prepared","floor":18},{"not_picked":["Bane","Underhanded Strike"],"picked":"Flying Knee+1","floor":19},{"not_picked":["Cloak And Dagger","Setup+1"],"picked":"Corpse Explosion","floor":23},{"not_picked":["Expertise","Poisoned Stab"],"picked":"Backflip","floor":24}],"player_experience":977492,"relics_obtained":[{"floor":6.0,"key":"hubris:TenFootPole"},{"floor":9.0,"key":"MealTicket"},{"floor":13.0,"key":"aspiration:ChemicalBlood"},{"floor":23,"key":"Turnip"},{"floor":26,"key":"ReplayTheSpireMod:TigerMarble"}],"event_choices":[{"damage_healed":0.0,"max_hp_gain":0.0,"max_hp_loss":0.0,"gold_gain":150.0,"event_name":"Liars Game","player_choice":"AGREE","floor":8.0,"gold_loss":0.0,"damage_taken":0.0,"cards_obtained":["Doubt"]},{"damage_healed":0,"gold_gain":0,"player_choice":"0 cards matched","damage_taken":0,"max_hp_gain":0,"max_hp_loss":0,"event_name":"Match and Keep!","floor":20,"gold_loss":0,"cards_obtained":[]},{"damage_healed":0,"gold_gain":275,"player_choice":"Desecrate","damage_taken":0,"max_hp_gain":0,"max_hp_loss":0,"event_name":"Golden Shrine","floor":21,"gold_loss":0,"cards_obtained":["Regret"]}],"is_beta":false,"boss_relics":[{"not_picked":["Kintsugi","Replay:Drink Me"],"picked":"aspiration:RitualDagger"}],"items_purged_floors":[10,22],"is_endless":false,"potions_floor_spawned":[2,6,13,14,18,24],"killed_by":"Chosen and Byrds","ascension_level":20}}