{"host":"qr4czw4lps0sljwa","time":1610952916,"event":{"mods":["BaseMod","Koishi","Minty Spire (QoL Compilation)","StSLib","The Bug Knight","The Cursed","The Servant 0.9.4"],"gold_per_floor":[118,136,148,167,180,180,237,254,305,305,305,305,326,350,350,471,471,496,509,522,537,537,537],"floor_reached":22,"language":"ENG","playtime":1100,"items_purged":[],"score":184,"play_id":"70507c05-85d2-4c1e-b4bb-15c569de8ed6","local_time":"20210117225516","is_ascension_mode":false,"campfire_choices":[{"floor":6,"key":"REST"},{"floor":11,"key":"REST"},{"floor":15,"key":"REST"}],"circlet_count":0,"master_deck":["TheCursedMod:Strike_TheCursed","TheCursedMod:Strike_TheCursed","TheCursedMod:Strike_TheCursed","TheCursedMod:Strike_TheCursed","TheCursedMod:Defend_TheCursed","TheCursedMod:Defend_TheCursed","TheCursedMod:Defend_TheCursed","TheCursedMod:Defend_TheCursed","TheCursedMod:CursedWand","TheCursedMod:CleanUpWorkshop","TheCursedMod:Dregs","TheCursedMod:SpreadPlague","TheCursedMod:CircleOfFocus","TheCursedMod:CursedBlade","TheCursedMod:AbyssShockwave","TheCursedMod:CircleOfFlame","TheCursedMod:CircleOfFlame","TheCursedMod:SurpriseAttack","Injury","TheCursedMod:Hemoplague+1","TheCursedMod:SaltUponWound","TheCursedMod:CollectTribute+1","TheCursedMod:Evocation","TheCursedMod:SurpriseAttack+1","TheCursedMod:DoubleShield","TheCursedMod:StingEye+1"],"relics":["TheCursedMod:BlackMagic101","NeowsBlessing","Nunchaku","Vajra","Frozen Egg 2","Golden Idol","TheCursedMod:OminousMark"],"acts_visited":["Exordium","TheCity"],"potions_floor_usage":[7,13,14,21,21],"damage_taken":[{"damage":0,"enemies":"Cultist","floor":1,"turns":1},{"damage":5,"enemies":"2 Louse","floor":2,"turns":1},{"damage":0,"enemies":"Jaw Worm","floor":3,"turns":1},{"damage":17,"enemies":"Exordium Thugs","floor":4,"turns":7},{"damage":0,"enemies":"2 Fungi Beasts","floor":5,"turns":1},{"damage":22,"enemies":"3 Sentries","floor":7,"turns":6},{"damage":9,"enemies":"Blue Slaver","floor":8,"turns":4},{"damage":1,"enemies":"3 Louse","floor":13,"turns":2},{"damage":0,"enemies":"Looter","floor":14,"turns":3},{"damage":45,"enemies":"The Guardian","floor":16,"turns":7},{"damage":22,"enemies":"Shell Parasite","floor":18,"turns":5},{"damage":0,"enemies":"3 Byrds","floor":19,"turns":3},{"damage":19,"enemies":"Cultist and Chosen","floor":20,"turns":4},{"damage":16,"enemies":"Chosen and Byrds","floor":21,"turns":6},{"damage":5,"enemies":"Shelled Parasite and Fungi","floor":22,"turns":2}],"seed_played":"-5088102382443468673","potions_obtained":[{"floor":1,"key":"Weak Potion"},{"floor":3,"key":"SteroidPotion"},{"floor":7,"key":"Block Potion"},{"floor":8,"key":"AttackPotion"},{"floor":20,"key":"Dexterity Potion"},{"floor":21,"key":"Energy Potion"}],"is_trial":false,"path_per_floor":["M","M","M","M","M","R","?","M","T","?","R","?","M","M","R","B",null,"M","M","M","M","M"],"character_chosen":"THE_CURSED","items_purchased":[],"campfire_rested":3,"item_purchase_floors":[],"current_hp_per_floor":[75,70,70,53,53,75,53,44,44,26,48,48,47,47,69,24,75,53,53,34,18,13,13],"gold":537,"neow_bonus":"THREE_ENEMY_KILL","is_daily":false,"chose_seed":false,"campfire_upgraded":0,"win_rate":0.0,"timestamp":1610952916,"path_taken":["M","M","M","M","M","R","?","M","T","?","R","?","M","?","R","BOSS","M","M","?","M","M"],"items_purchased_type":[],"build_version":"2020-12-22","purchased_purges":0,"victory":false,"max_hp_per_floor":[75,75,75,75,75,75,75,75,75,75,75,75,75,75,75,75,75,75,75,75,75,75,75],"card_choices":[{"not_picked":["TheCursedMod:CursedShiv","TheCursedMod:TroublousMinions"],"picked":"TheCursedMod:SpreadPlague","floor":1},{"not_picked":["TheCursedMod:Stretching","TheCursedMod:BlessingInDisguise"],"picked":"TheCursedMod:CircleOfFocus","floor":2},{"not_picked":["TheCursedMod:SpitefulPray","TheCursedMod:Grudge"],"picked":"TheCursedMod:CursedBlade","floor":3},{"not_picked":["TheCursedMod:BlessingInDisguise","TheCursedMod:Stigma"],"picked":"TheCursedMod:AbyssShockwave","floor":4},{"not_picked":["TheCursedMod:WearCloak","TheCursedMod:SoulCrush"],"picked":"TheCursedMod:CircleOfFlame","floor":5},{"not_picked":["TheCursedMod:Hemoplague","TheCursedMod:SoulCrush"],"picked":"TheCursedMod:CircleOfFlame","floor":7},{"not_picked":["TheCursedMod:CursedBlade","TheCursedMod:SmokeScreen"],"picked":"TheCursedMod:SurpriseAttack","floor":8},{"not_picked":["TheCursedMod:PrepareRite","TheCursedMod:CursedArmor"],"picked":"TheCursedMod:Hemoplague+1","floor":13},{"not_picked":["TheCursedMod:HellfireBreathing+1","TheCursedMod:BlessingInDisguise"],"picked":"TheCursedMod:SaltUponWound","floor":14},{"not_picked":["TheCursedMod:DemonSword","TheCursedMod:Neurasthenia"],"picked":"TheCursedMod:CollectTribute+1","floor":16},{"not_picked":["TheCursedMod:EmpowerCircles+1","TheCursedMod:CircleOfFlame"],"picked":"TheCursedMod:Evocation","floor":18},{"not_picked":["TheCursedMod:Wield","TheCursedMod:SpitefulStrike"],"picked":"TheCursedMod:SurpriseAttack+1","floor":19},{"not_picked":["TheCursedMod:TacticalStrike","TheCursedMod:CircleOfCorruption"],"picked":"TheCursedMod:DoubleShield","floor":20},{"not_picked":["TheCursedMod:FuryStrike","TheCursedMod:SurpriseAttack"],"picked":"TheCursedMod:StingEye+1","floor":21}],"player_experience":193167,"relics_obtained":[{"floor":7,"key":"Nunchaku"},{"floor":9,"key":"Vajra"}],"event_choices":[{"damage_healed":0,"gold_gain":30,"player_choice":"Searched \u00273\u0027 times","damage_taken":0,"max_hp_gain":0,"max_hp_loss":0,"event_name":"Dead Adventurer","floor":7,"gold_loss":0},{"damage_healed":0,"gold_gain":0,"player_choice":"Success","damage_taken":18,"relics_obtained":["Frozen Egg 2"],"max_hp_gain":0,"max_hp_loss":0,"event_name":"Scrap Ooze","floor":10,"gold_loss":0},{"damage_healed":0,"gold_gain":0,"player_choice":"Take Wound","damage_taken":0,"relics_obtained":["Golden Idol"],"max_hp_gain":0,"max_hp_loss":0,"event_name":"Golden Idol","floor":12,"gold_loss":0,"cards_obtained":["Injury"]}],"is_beta":false,"boss_relics":[{"not_picked":["SacredBark","Busted Crown"],"picked":"TheCursedMod:OminousMark"}],"items_purged_floors":[],"is_endless":false,"potions_floor_spawned":[1,3,7,8,20,21],"killed_by":"Shelled Parasite and Fungi","ascension_level":0}}