{"host":"2qv44oxt58ptq59r","time":1610999277,"event":{"mods":["AchievementEnabler","BaseMod","Colored Powertips","Highlight Path","Minty Spire (QoL Compilation)","Permanent Neow","StSLib"],"gold_per_floor":[118,118,128,1,1,1,28,40,64,64,91,91,114,139,139,139,139],"floor_reached":16,"language":"ENG","playtime":1364,"items_purged":["Decay"],"score":141,"play_id":"04a8243d-0777-4120-ab50-3a7c14a41a1c","local_time":"20210118194757","is_ascension_mode":true,"campfire_choices":[{"data":"Feed","floor":6.0,"key":"SMITH"},{"floor":15,"key":"REST"}],"circlet_count":0,"master_deck":["Strike_R","Strike_R","Strike_R","Strike_R","Defend_R","Defend_R","Defend_R","Defend_R","Bash+1","Feed+1","Whirlwind","Pommel Strike+1","Feel No Pain"],"relics":["Burning Blood","Happy Flower","Bronze Scales","Molten Egg 2","Golden Idol"],"acts_visited":["Exordium"],"potions_floor_usage":[11,14,16],"damage_taken":[{"damage":1.0,"enemies":"2 Louse","floor":1.0,"turns":3.0},{"damage":1.0,"enemies":"Cultist","floor":3.0,"turns":4.0},{"damage":29.0,"enemies":"3 Sentries","floor":7.0,"turns":11.0},{"damage":1.0,"enemies":"Small Slimes","floor":8.0,"turns":3.0},{"damage":35,"enemies":"Lagavulin","floor":11,"turns":7},{"damage":6,"enemies":"3 Louse","floor":13,"turns":2},{"damage":1,"enemies":"Exordium Wildlife","floor":14,"turns":4},{"damage":79,"enemies":"Hexaghost","floor":16,"turns":11}],"seed_played":"3137087316596888303","potions_obtained":[{"floor":7.0,"key":"DistilledChaos"},{"floor":13,"key":"ColorlessPotion"},{"floor":14,"key":"Regen Potion"}],"is_trial":false,"path_per_floor":["M","?","M","$","?","R","E","M","T","?","E","?","M","M","R","B"],"character_chosen":"IRONCLAD","items_purchased":["AttackPotion"],"campfire_rested":1,"item_purchase_floors":[4],"current_hp_per_floor":[80,80,80,80,80,80,61,70,70,70,41,19,23,32,60,0,0],"gold":139,"neow_bonus":"UPGRADE_CARD","is_daily":false,"chose_seed":false,"campfire_upgraded":1,"win_rate":0.0,"timestamp":1610999277,"path_taken":["M","?","?","$","?","R","E","M","T","?","E","?","M","M","R","BOSS"],"items_purchased_type":["Potion"],"build_version":"2020-12-22","purchased_purges":1,"victory":false,"max_hp_per_floor":[80,80,80,80,80,80,84,88,88,88,88,88,92,96,96,96,96],"card_choices":[{"not_picked":["Shrug It Off","True Grit","Thunderclap"],"picked":"SKIP","floor":1.0},{"not_picked":["Warcry","Body Slam","Headbutt"],"picked":"SKIP","floor":3.0},{"not_picked":["Headbutt","True Grit"],"picked":"Whirlwind","floor":7.0},{"not_picked":["Perfected Strike","Ghostly Armor","Sever Soul"],"picked":"SKIP","floor":8.0},{"not_picked":["Anger+1","Second Wind","Brutality"],"picked":"SKIP","floor":11},{"not_picked":["Ghostly Armor","Flex"],"picked":"Pommel Strike+1","floor":13},{"not_picked":["Flex","Iron Wave+1"],"picked":"Feel No Pain","floor":14}],"player_experience":5395852,"relics_obtained":[{"floor":7.0,"key":"Happy Flower"},{"floor":9.0,"key":"Bronze Scales"},{"floor":11,"key":"Molten Egg 2"}],"event_choices":[{"damage_healed":0.0,"max_hp_gain":0.0,"max_hp_loss":0.0,"gold_gain":0.0,"event_name":"Wheel of Change","player_choice":"Cursed","floor":2.0,"gold_loss":0.0,"damage_taken":0.0,"cards_obtained":["Decay"]},{"damage_healed":0.0,"max_hp_gain":0.0,"max_hp_loss":0.0,"gold_gain":0.0,"cards_transformed":["Strike_R"],"event_name":"Living Wall","player_choice":"Change","floor":5.0,"gold_loss":0.0,"damage_taken":0.0,"cards_obtained":["Feed"]},{"damage_healed":0,"gold_gain":0,"player_choice":"Ignored","damage_taken":0,"max_hp_gain":0,"max_hp_loss":0,"event_name":"Shining Light","floor":10,"gold_loss":0},{"damage_healed":0,"gold_gain":0,"player_choice":"Take Damage","damage_taken":22,"relics_obtained":["Golden Idol"],"max_hp_gain":0,"max_hp_loss":0,"event_name":"Golden Idol","floor":12,"gold_loss":0}],"is_beta":false,"boss_relics":[],"items_purged_floors":[4],"is_endless":false,"potions_floor_spawned":[7,13,14],"killed_by":"Hexaghost","ascension_level":1}}