{"host":"qrbkigq52dd42dk0","time":1610971549,"event":{"mods":["AchievementEnabler","BaseMod","Colored Map","Colored Powertips","Minty Spire (QoL Compilation)","Quick Restart","StSLib","SuperFastMode","The IronCluck"],"gold_per_floor":[117,42,42,42,42,73,73,112,139,173,20,20,35,53,53,174,174,189,212,302,302,302,341,341,362,388,84,104,145,60,60,60,60,60],"floor_reached":33,"language":"ENG","playtime":910,"items_purged":["Strike_R"],"score":604,"play_id":"26990cca-eb13-4872-bee1-87987dc64f4b","local_time":"20210118130549","is_ascension_mode":true,"campfire_choices":[{"data":"Entrench","floor":12.0,"key":"SMITH"},{"data":"Uppercut","floor":15.0,"key":"SMITH"},{"data":"Feed","floor":24.0,"key":"SMITH"},{"floor":32,"key":"REST"}],"circlet_count":0,"master_deck":["AscendersBane","Strike_R","Strike_R","Strike_R","Defend_R","Defend_R","Defend_R","Defend_R","Bash","Uppercut+1","Twin Strike","Entrench+1","Ghostly Armor","Offering","Pommel Strike","Feed+1","Headbutt","Body Slam"],"relics":["Burning Blood","NeowsBlessing","Eternal Feather","Golden Idol","Bag of Preparation","Vajra","Juzu Bracelet","MealTicket","Medical Kit","Mark of Pain","Singing Bowl","Oddly Smooth Stone","Charon\u0027s Ashes","StrikeDummy","Question Card","Spirit Poop"],"acts_visited":["Exordium","TheCity"],"potions_floor_usage":[25,28],"damage_taken":[{"damage":0.0,"enemies":"Small Slimes","floor":1.0,"turns":1.0},{"damage":0.0,"enemies":"3 Sentries","floor":6.0,"turns":2.0},{"damage":0.0,"enemies":"Gremlin Nob","floor":8.0,"turns":1.0},{"damage":56.0,"enemies":"Lagavulin","floor":10.0,"turns":6.0},{"damage":2.0,"enemies":"Jaw Worm","floor":13.0,"turns":4.0},{"damage":0.0,"enemies":"2 Louse","floor":14.0,"turns":2.0},{"damage":40.0,"enemies":"The Guardian","floor":16.0,"turns":14.0},{"damage":32.0,"enemies":"2 Thieves","floor":18.0,"turns":4.0},{"damage":10.0,"enemies":"Chosen","floor":19.0,"turns":3.0},{"damage":4.0,"enemies":"Gremlin Leader","floor":23.0,"turns":5.0},{"damage":41,"enemies":"Sentry and Sphere","floor":25,"turns":6},{"damage":27,"enemies":"Centurion and Healer","floor":28,"turns":5},{"damage":25,"enemies":"Slavers","floor":29,"turns":5},{"damage":52,"enemies":"Champ","floor":33,"turns":6}],"seed_played":"-584973638908261035","potions_obtained":[{"floor":1.0,"key":"Explosive Potion"},{"floor":13.0,"key":"Strength Potion"},{"floor":14.0,"key":"BlessingOfTheForge"},{"floor":22.0,"key":"Block Potion"},{"floor":22.0,"key":"EntropicBrew"},{"floor":23.0,"key":"BloodPotion"}],"is_trial":false,"path_per_floor":["M","$","?","$","?","E","?","E","T","E","$","R","M","M","R","B",null,"M","M","?","?","?","E","R","M","T","$","M","E","?","?","R","B"],"character_chosen":"IRONCLAD","items_purchased":["Medical Kit","Charon\u0027s Ashes"],"campfire_rested":1,"item_purchase_floors":[11,27],"current_hp_per_floor":[78,78,78,78,58,64,64,70,70,20,35,41,45,51,60,26,67,41,40,28,28,28,32,41,25,25,40,23,10,10,10,48,0,0],"gold":60,"neow_bonus":"THREE_ENEMY_KILL","is_daily":false,"chose_seed":false,"campfire_upgraded":3,"win_rate":0.0,"timestamp":1610971549,"path_taken":["M","$","?","$","?","E","?","E","T","E","$","R","M","M","R","BOSS","M","M","?","?","?","E","R","M","T","$","M","E","?","?","R","BOSS"],"items_purchased_type":["Relic","Relic"],"build_version":"2020-12-22","purchased_purges":1,"victory":false,"max_hp_per_floor":[80,80,80,80,80,80,80,80,80,80,80,80,80,80,80,80,80,80,83,83,83,83,85,85,87,87,87,91,97,97,97,97,97,97],"card_choices":[{"not_picked":["Clash","Cleave","Carnage"],"picked":"SKIP","floor":1.0},{"not_picked":["Disarm","Ghostly Armor"],"picked":"Uppercut","floor":6.0},{"not_picked":["Armaments","Thunderclap"],"picked":"Entrench","floor":8.0},{"not_picked":["Heavy Blade","Sword Boomerang"],"picked":"Ghostly Armor","floor":10.0},{"not_picked":["Shrug It Off","Power Through"],"picked":"Offering","floor":13.0},{"not_picked":["Second Wind","Havoc"],"picked":"Pommel Strike","floor":14.0},{"not_picked":["Corruption","Reaper"],"picked":"Feed","floor":16.0},{"not_picked":["Flex+1","Sword Boomerang+1","Iron Wave"],"picked":"SKIP","floor":18.0},{"not_picked":["Perfected Strike+1","Anger"],"picked":"Headbutt","floor":19.0},{"not_picked":["Exhume","Rage+1","Sword Boomerang"],"picked":"Singing Bowl","floor":23.0},{"not_picked":["Anger","Sever Soul","Dual Wield"],"picked":"Singing Bowl","floor":25},{"not_picked":["Headbutt","Sword Boomerang"],"picked":"Body Slam","floor":28},{"not_picked":["Perfected Strike","Armaments","Pummel"],"picked":"Singing Bowl","floor":29}],"player_experience":162689,"relics_obtained":[{"floor":6.0,"key":"Bag of Preparation"},{"floor":8.0,"key":"Vajra"},{"floor":9.0,"key":"Juzu Bracelet"},{"floor":10.0,"key":"MealTicket"},{"floor":23.0,"key":"Singing Bowl"},{"floor":26,"key":"Oddly Smooth Stone"},{"floor":29,"key":"StrikeDummy"}],"event_choices":[{"damage_healed":0.0,"max_hp_gain":0.0,"max_hp_loss":0.0,"gold_gain":0.0,"event_name":"Big Fish","player_choice":"Box","floor":3.0,"gold_loss":0.0,"damage_taken":0.0,"relics_obtained":["Eternal Feather"],"cards_obtained":["Regret"]},{"damage_healed":0.0,"max_hp_gain":0.0,"max_hp_loss":0.0,"gold_gain":0.0,"event_name":"Golden Idol","player_choice":"Take Damage","floor":5.0,"gold_loss":0.0,"damage_taken":20.0,"relics_obtained":["Golden Idol"]},{"damage_healed":0.0,"max_hp_gain":0.0,"max_hp_loss":0.0,"gold_gain":0.0,"cards_transformed":["Strike_R"],"event_name":"Living Wall","player_choice":"Change","floor":7.0,"gold_loss":0.0,"damage_taken":0.0,"cards_obtained":["Twin Strike"]},{"damage_healed":0.0,"max_hp_gain":0.0,"max_hp_loss":0.0,"gold_gain":90.0,"event_name":"Knowing Skull","player_choice":"GOLD ","floor":20.0,"potions_obtained":[],"gold_loss":0.0,"damage_taken":12.0,"cards_obtained":[]},{"damage_healed":0.0,"max_hp_gain":0.0,"max_hp_loss":0.0,"gold_gain":0.0,"event_name":"Vampires","player_choice":"Ignored","floor":21.0,"gold_loss":0.0,"damage_taken":0.0},{"damage_healed":0.0,"max_hp_gain":0.0,"max_hp_loss":0.0,"gold_gain":0.0,"event_name":"Lab","player_choice":"Got Potions","floor":22.0,"gold_loss":0.0,"damage_taken":0.0},{"damage_healed":0,"gold_gain":0,"player_choice":"Obtained Relic","damage_taken":0,"relics_obtained":["Question Card"],"max_hp_gain":0,"max_hp_loss":0,"event_name":"Addict","floor":30,"gold_loss":85},{"cards_removed":["Regret"],"damage_healed":0,"gold_gain":0,"player_choice":"Offered Curse","damage_taken":0,"relics_obtained":["Spirit Poop"],"max_hp_gain":0,"max_hp_loss":0,"event_name":"Bonfire Elementals","floor":31,"gold_loss":0}],"is_beta":false,"boss_relics":[{"not_picked":["SacredBark","Coffee Dripper"],"picked":"Mark of Pain"}],"items_purged_floors":[2],"is_endless":false,"potions_floor_spawned":[1,13,14,23],"killed_by":"Champ","ascension_level":11}}