{"host":"sy0sbf0rsk5t5kf4","time":1610979247,"event":{"mods":["BaseMod","Downfall","Minty Spire (QoL Compilation)","StSLib"],"gold_per_floor":[99,114,133,149,149,149,149,160,85,260,278,306,52,72,84,183,183,133,145,156,256,256,356,379,229,260,271,285,285,285,285],"floor_reached":29,"language":"ZHS","playtime":2072,"items_purged":[],"score":397,"play_id":"656fde56-6bb9-4f54-937c-f559c0bb8dc9","local_time":"20210118221407","is_ascension_mode":false,"campfire_choices":[{"data":"Slimebound:Split","floor":1,"key":"SMITH"},{"data":"Slimebound:SlimeSpikes","floor":6,"key":"SMITH"},{"data":"Slimebound:MassRepurpose","floor":18,"key":"SMITH"},{"data":"Slimebound:SelfFormingGoo","floor":25,"key":"SMITH"}],"circlet_count":0,"master_deck":["Slimebound:Strike_Slimebound","Slimebound:Tackle","Slimebound:Defend_Slimebound","Slimebound:Defend_Slimebound","Slimebound:Defend_Slimebound","Slimebound:Defend_Slimebound","Slimebound:Split+1","Slimebound:CorrosiveSpit","Slimebound:ItLooksTasty","Slimebound:GoopSpray","Slimebound:SlimeSpikes+1","Slimebound:SamplingLick","Doubt","Slimebound:Equalize","Slimebound:LeadByExample","Slimebound:SelfFormingGoo+1","expansioncontent:AwakenDeath","Slimebound:Schlurp","Slimebound:LivingWall","Slimebound:MassRepurpose+1","Slimebound:SplitLeeching","Slimebound:SlimeTap","Parasite","Writhe","downfall:Haunted","Slimebound:SelfFormingGoo","downfall:Aged","J.A.X.","Doubt","downfall:Bewildered","Slimebound:SplitAcid","Slimebound:MassRepurpose","Slimebound:GoopSpray","Slimebound:SlimeBarrage"],"relics":["Empty Cage","Calipers","Slimebound:GreedOozeRelic","Bottled Lightning","Lee\u0027s Waffle","Coffee Dripper","Darkstone Periapt","downfall:RedIOU","MutagenicStrength","downfall:HeartBlessingBlue","Ice Cream"],"acts_visited":["Exordium","TheCity"],"potions_floor_usage":[12,16,26,26],"damage_taken":[{"damage":4,"enemies":"Cultist","floor":2,"turns":4},{"damage":9,"enemies":"Jaw Worm","floor":3,"turns":3},{"damage":2,"enemies":"Small Slimes","floor":4,"turns":3},{"damage":7,"enemies":"Blue Slaver","floor":8,"turns":4},{"damage":16,"enemies":"Gremlin Gang","floor":11,"turns":6},{"damage":11,"enemies":"3 Sentries","floor":12,"turns":6},{"damage":0,"enemies":"downfall:FleeingMerchant","floor":13,"turns":4},{"damage":0,"enemies":"2 Fungi Beasts","floor":14,"turns":3},{"damage":13,"enemies":"3 Louse","floor":15,"turns":3},{"damage":58,"enemies":"DF_ARCHETYPE_STREAMLINE","floor":16,"turns":14},{"damage":0,"enemies":"Chosen","floor":19,"turns":5},{"damage":17,"enemies":"Spheric Guardian","floor":20,"turns":5},{"damage":64,"enemies":"downfall:Augmenter","floor":23,"turns":6},{"damage":74,"enemies":"Gremlin Leader","floor":26,"turns":8},{"damage":42,"enemies":"Shelled Parasite and Fungi","floor":27,"turns":6},{"damage":11,"enemies":"Chosen and Byrds","floor":28,"turns":4},{"damage":21,"enemies":"Centurion and Healer","floor":29,"turns":3}],"seed_played":"7638670044587685688","potions_obtained":[{"floor":11,"key":"EssenceOfSteel"},{"floor":14,"key":"LiquidMemories"},{"floor":15,"key":"Explosive Potion"},{"floor":16,"key":"DuplicationPotion"},{"floor":23,"key":"LiquidBronze"},{"floor":27,"key":"Explosive Potion"}],"is_trial":false,"path_per_floor":["R","M","M","M","?","R","T","M","?","?","M","E","$","M","M","B",null,"R","M","M","?","?","?","T","R","E","M","M","M"],"character_chosen":"SLIMEBOUND","items_purchased":["expansioncontent:AwakenDeath","Lee\u0027s Waffle"],"campfire_rested":0,"item_purchase_floors":[13,13],"current_hp_per_floor":[65,61,52,50,43,43,43,36,36,36,20,11,72,72,59,5,72,72,72,55,96,96,48,48,58,40,2,20,0,0,0],"gold":285,"neow_bonus":"BOSS_RELIC","is_daily":false,"chose_seed":false,"campfire_upgraded":4,"win_rate":0.0,"timestamp":1610979247,"path_taken":["R","M","M","?","?","R","T","M","?","?","M","E","?","?","M","BOSS","R","M","M","?","?","?","T","R","E","M","?","M"],"items_purchased_type":["Card","Relic"],"build_version":"2020-12-22","purchased_purges":0,"victory":false,"max_hp_per_floor":[65,65,65,65,65,65,65,65,65,65,65,65,72,72,72,72,72,72,72,72,113,113,125,125,135,135,135,135,135,135,135],"card_choices":[{"not_picked":["Slimebound:SplitAcid","Slimebound:Schlurp"],"picked":"Slimebound:ItLooksTasty","floor":2},{"not_picked":["Slimebound:GoopTackle","Slimebound:Equalize"],"picked":"Slimebound:GoopSpray","floor":3},{"not_picked":["Slimebound:SlimeTap","Slimebound:RollThrough"],"picked":"Slimebound:SlimeSpikes","floor":4},{"not_picked":["Slimebound:LeechEnergy","Slimebound:Chomp"],"picked":"Slimebound:SamplingLick","floor":8},{"not_picked":["Slimebound:SamplingLick","Slimebound:LeechEnergy"],"picked":"Slimebound:Equalize","floor":11},{"not_picked":["Slimebound:SplitMire","Slimebound:Schlurp"],"picked":"Slimebound:LeadByExample","floor":12},{"not_picked":["Slimebound:GoopSpray","Slimebound:PressTheAttack"],"picked":"Slimebound:SelfFormingGoo","floor":13},{"not_picked":["Slimebound:HauntingLick","Slimebound:SlimeBrawl"],"picked":"Slimebound:Schlurp","floor":14},{"not_picked":["Slimebound:SamplingLick","Slimebound:SlimeBarrage"],"picked":"Slimebound:LivingWall","floor":15},{"not_picked":["Slimebound:FirmFortitude","Slimebound:OneTwoCombo"],"picked":"Slimebound:MassRepurpose","floor":16},{"not_picked":["Slimebound:TongueLash+1","Slimebound:PressTheAttack"],"picked":"Slimebound:SplitLeeching","floor":19},{"not_picked":["Slimebound:Dissolve+1","Slimebound:SlimeBarrage"],"picked":"Slimebound:SlimeTap","floor":20},{"not_picked":[],"picked":"J.A.X.","floor":23},{"not_picked":["Slimebound:GoopTackle+1","Slimebound:Prepare"],"picked":"Slimebound:SplitAcid","floor":23},{"not_picked":["Slimebound:SplitAcid","Slimebound:RollThrough"],"picked":"Slimebound:MassRepurpose","floor":26},{"not_picked":["Slimebound:FinishingTackle+1","Slimebound:SplitMire"],"picked":"Slimebound:GoopSpray","floor":27},{"not_picked":["Slimebound:Gluttony","Slimebound:ComboTackle"],"picked":"Slimebound:SlimeBarrage","floor":28}],"player_experience":166859,"relics_obtained":[{"floor":7,"key":"Bottled Flame"},{"floor":12,"key":"Bottled Lightning"},{"floor":23,"key":"MutagenicStrength"},{"floor":26,"key":"Ice Cream"}],"event_choices":[{"damage_healed":0,"gold_gain":0,"player_choice":"Success","damage_taken":7,"relics_obtained":["Calipers"],"max_hp_gain":0,"max_hp_loss":0,"event_name":"Scrap Ooze","floor":5,"gold_loss":0}],"is_beta":false,"boss_relics":[{"not_picked":["Slimebound:TarBlob","SacredBark"],"picked":"Coffee Dripper"}],"items_purged_floors":[],"is_endless":false,"potions_floor_spawned":[11,14,15,16,23,27],"killed_by":"Centurion and Healer","ascension_level":0}}