{"host":"s41rn2jhghpwfrvz","time":1610950204,"event":{"mods":["BaseMod","Minty Spire (QoL Compilation)","Quick Restart","Relic Stats","SuperFastMode"],"gold_per_floor":[113,129,140,65,83,110,110,125,125,136,148,148,164,191,191,269,269,284,86,98,98,23,51,51,70,70,105,105,105,134,152,152,227,227,243,268,293,310,339,364,364,396,396,414,434,64,0,30,30,30,30,30,30,30,60,60],"floor_reached":57,"language":"ENG","playtime":1740,"items_purged":["Study","Masterful Stab"],"score":3584,"play_id":"c1ee96e9-9b83-4af7-ab92-5e3bcccd34f9","local_time":"20210118081004","daily_mods":["SealedDeck","Diverse","DeadlyEvents"],"is_ascension_mode":true,"campfire_choices":[{"data":"Flex","floor":7,"key":"SMITH"},{"data":"Skim","floor":12,"key":"SMITH"},{"data":"Prostrate","floor":15,"key":"SMITH"},{"data":"Barricade","floor":24,"key":"SMITH"},{"data":"Feel No Pain","floor":28,"key":"SMITH"},{"data":"Blade Dance","floor":32,"key":"SMITH"},{"data":"Dark Embrace","floor":41,"key":"SMITH"},{"floor":49,"key":"RECALL"},{"data":"Burning Pact","floor":53,"key":"SMITH"}],"circlet_count":0,"master_deck":["AscendersBane","Burning Pact+1","Cloak And Dagger","Endless Agony","Flex+1","Dagger Spray","Acrobatics","Skim+1","Beam Cell","Prostrate+1","Feel No Pain+1","Barricade+1","Blade Dance+1","Dark Embrace+1"],"relics":["Burning Blood","Ornamental Fan","Pocketwatch","Letter Opener","Runic Cube","Medical Kit","Bird Faced Urn","Mummified Hand","Toxic Egg 2","Runic Dome","Du-Vu Doll","Boot","Red Skull","Gremlin Horn","Regal Pillow","Dream Catcher","Shuriken","Red Mask","Orichalcum","Strawberry"],"acts_visited":["Exordium","TheCity","TheBeyond","TheEnding"],"potions_floor_usage":[56,56],"damage_taken":[{"damage":0,"enemies":"2 Louse","floor":1,"turns":1},{"damage":12,"enemies":"Jaw Worm","floor":2,"turns":2},{"damage":2,"enemies":"Small Slimes","floor":3,"turns":2},{"damage":7,"enemies":"Blue Slaver","floor":5,"turns":2},{"damage":38,"enemies":"Lagavulin","floor":6,"turns":6},{"damage":0,"enemies":"Large Slime","floor":8,"turns":3},{"damage":7,"enemies":"Looter","floor":10,"turns":2},{"damage":6,"enemies":"Exordium Wildlife","floor":11,"turns":2},{"damage":0,"enemies":"Large Slime","floor":13,"turns":2},{"damage":10,"enemies":"3 Sentries","floor":14,"turns":3},{"damage":0,"enemies":"Slime Boss","floor":16,"turns":4},{"damage":0,"enemies":"3 Byrds","floor":18,"turns":2},{"damage":0,"enemies":"Spheric Guardian","floor":20,"turns":3},{"damage":22,"enemies":"Slavers","floor":23,"turns":4},{"damage":4,"enemies":"Centurion and Healer","floor":25,"turns":4},{"damage":20,"enemies":"Gremlin Leader","floor":27,"turns":5},{"damage":43,"enemies":"Slavers","floor":30,"turns":5},{"damage":2,"enemies":"Cultist and Chosen","floor":31,"turns":6},{"damage":0,"enemies":"Automaton","floor":33,"turns":4},{"damage":2,"enemies":"Orb Walker","floor":35,"turns":2},{"damage":0,"enemies":"Mind Bloom Boss Battle","floor":36,"turns":3},{"damage":0,"enemies":"3 Darklings","floor":38,"turns":3},{"damage":0,"enemies":"Giant Head","floor":39,"turns":3},{"damage":0,"enemies":"Nemesis","floor":40,"turns":3},{"damage":0,"enemies":"Giant Head","floor":42,"turns":2},{"damage":4,"enemies":"4 Shapes","floor":44,"turns":2},{"damage":17,"enemies":"Spire Growth","floor":45,"turns":4},{"damage":3,"enemies":"Nemesis","floor":48,"turns":2},{"damage":0,"enemies":"Time Eater","floor":50,"turns":4},{"damage":0,"enemies":"Donu and Deca","floor":51,"turns":2},{"damage":17,"enemies":"Shield and Spear","floor":55,"turns":2},{"damage":10,"enemies":"The Heart","floor":56,"turns":4}],"seed_played":"6829573016379769937","potions_obtained":[{"floor":3,"key":"SteroidPotion"},{"floor":8,"key":"Explosive Potion"},{"floor":23,"key":"Dexterity Potion"},{"floor":36,"key":"PowerPotion"},{"floor":48,"key":"SteroidPotion"}],"is_trial":true,"path_per_floor":["M","M","M","?","M","E","R","M","T","M","M","R","M","E","R","B",null,"M","$","M","?","$","E","R","M","T","E","R","?","E","M","R","B",null,"M","?","T","M","E","E","R","E","T","M","M","$","?","E","R","B","B",null,"R","$","E","B",null],"character_chosen":"IRONCLAD","items_purchased":["Medical Kit","Feel No Pain","Shuriken"],"campfire_rested":0,"item_purchase_floors":[19,19,46],"current_hp_per_floor":[74,68,72,72,71,39,39,45,45,44,44,44,50,46,46,52,69,75,75,75,75,75,59,59,65,65,55,55,55,22,30,30,40,66,74,75,75,75,75,75,75,75,75,75,68,68,68,75,75,75,75,75,75,75,71,75],"gold":60,"neow_bonus":"","is_daily":false,"chose_seed":false,"campfire_upgraded":8,"win_rate":0.0,"timestamp":1610950204,"path_taken":["M","M","M","?","M","E","R","M","T","M","?","R","M","E","R","BOSS","M","$","M","?","$","E","R","M","T","E","R","?","E","?","R","BOSS","M","?","?","M","?","E","R","E","T","?","M","$","?","E","R","BOSS","BOSS","R","$","E","BOSS"],"items_purchased_type":["Relic","Card","Relic"],"build_version":"2020-12-22","purchased_purges":2,"victory":true,"max_hp_per_floor":[75,75,75,75,75,75,75,75,75,75,75,75,75,75,75,75,75,75,75,75,75,75,75,75,75,75,75,75,75,75,75,75,75,75,75,75,75,75,75,75,75,75,75,75,75,75,75,75,75,75,75,75,75,75,82,82],"relic_stats":{"Regal Pillow":0,"Gremlin Horn":[5,5],"counters":[32,98],"Letter Opener":[511],"Orichalcum":[0],"Medical Kit":[26],"Boot":[135],"Burning Blood":140,"Dream Catcher":0,"Ornamental Fan":[492],"Mummified Hand":[43],"Shuriken":[49],"Bird Faced Urn":[43],"obtain_stats":[{"Regal Pillow":42,"Gremlin Horn":40,"Letter Opener":14,"Orichalcum":48,"Medical Kit":19,"Boot":37,"Burning Blood":0,"Du-Vu Doll":36,"Runic Dome":34,"Dream Catcher":43,"Ornamental Fan":6,"Mummified Hand":27,"Shuriken":46,"Bird Faced Urn":23,"Strawberry":55,"Red Mask":47,"Toxic Egg 2":30,"Red Skull":39,"Pocketwatch":9,"Runic Cube":17},{"Regal Pillow":25,"Gremlin Horn":24,"Letter Opener":10,"Orichalcum":28,"Medical Kit":12,"Boot":21,"Burning Blood":0,"Du-Vu Doll":21,"Runic Dome":19,"Dream Catcher":25,"Ornamental Fan":5,"Mummified Hand":16,"Shuriken":27,"Bird Faced Urn":14,"Strawberry":31,"Red Mask":27,"Toxic Egg 2":17,"Red Skull":23,"Pocketwatch":6,"Runic Cube":11},{"Regal Pillow":78,"Gremlin Horn":76,"Letter Opener":25,"Orichalcum":86,"Medical Kit":31,"Boot":67,"Burning Blood":0,"Du-Vu Doll":67,"Runic Dome":62,"Dream Catcher":78,"Ornamental Fan":13,"Mummified Hand":47,"Shuriken":84,"Bird Faced Urn":38,"Strawberry":94,"Red Mask":84,"Toxic Egg 2":52,"Red Skull":73,"Pocketwatch":16,"Runic Cube":29}],"Pocketwatch":[3],"Runic Cube":[22]},"card_choices":[{"not_picked":["Concentrate","SashWhip","Deflect"],"picked":"SKIP","floor":1},{"not_picked":["Iron Wave","Sword Boomerang","Battle Trance"],"picked":"SKIP","floor":2},{"not_picked":["Shockwave","Sweeping Beam","DeceiveReality"],"picked":"SKIP","floor":3},{"not_picked":["Acrobatics","Dropkick","Anger"],"picked":"SKIP","floor":5},{"not_picked":["True Grit","SignatureMove","Seek"],"picked":"SKIP","floor":6},{"not_picked":["Adaptation","FlurryOfBlows","EmptyBody"],"picked":"SKIP","floor":8},{"not_picked":["Intimidate","Expertise"],"picked":"Beam Cell","floor":10},{"not_picked":["Vengeance","Swivel","All Out Attack"],"picked":"SKIP","floor":11},{"not_picked":["Twin Strike","Dagger Throw","Warcry"],"picked":"SKIP","floor":13},{"not_picked":["Cloak And Dagger","Entrench"],"picked":"Prostrate","floor":14},{"not_picked":["ReachHeaven","Headbutt","FollowUp+1"],"picked":"SKIP","floor":18},{"not_picked":["Quick Slash","Clothesline","Sunder"],"picked":"SKIP","floor":20},{"not_picked":["True Grit","Sword Boomerang"],"picked":"Barricade","floor":23},{"not_picked":["Recycle","ClearTheMind+1","EmptyMind"],"picked":"SKIP","floor":25},{"not_picked":["WreathOfFlame","Havoc+1"],"picked":"Blade Dance","floor":27},{"not_picked":["Compile Driver","Well Laid Plans","Redo+1"],"picked":"SKIP","floor":30},{"not_picked":["Electrodynamics","Pummel","Poisoned Stab"],"picked":"SKIP","floor":31},{"not_picked":["Consume+1","Well Laid Plans","Steam+1"],"picked":"SKIP","floor":35},{"not_picked":["Reinforced Body+1","Inflame"],"picked":"Dark Embrace","floor":38},{"not_picked":["ConjureBlade+1","Sunder+1","Undo+1"],"picked":"SKIP","floor":39},{"not_picked":["Slice","Chaos+1","Finisher"],"picked":"SKIP","floor":40},{"not_picked":["Second Wind+1","Redo+1","Setup+1"],"picked":"SKIP","floor":42},{"not_picked":["DeceiveReality+1","Headbutt","Deadly Poison+1"],"picked":"SKIP","floor":44},{"not_picked":["Iron Wave","Perfected Strike+1","Weave"],"picked":"SKIP","floor":45},{"not_picked":["Perfected Strike","PathToVictory+1","Consecrate"],"picked":"SKIP","floor":48},{"not_picked":["Masterful Stab","Wallop","Glass Knife"],"picked":"SKIP","floor":55}],"player_experience":1782155,"relics_obtained":[{"floor":6,"key":"Ornamental Fan"},{"floor":9,"key":"Pocketwatch"},{"floor":14,"key":"Letter Opener"},{"floor":23,"key":"Bird Faced Urn"},{"floor":27,"key":"Mummified Hand"},{"floor":30,"key":"Toxic Egg 2"},{"floor":36,"key":"Du-Vu Doll"},{"floor":37,"key":"Boot"},{"floor":39,"key":"Red Skull"},{"floor":40,"key":"Gremlin Horn"},{"floor":42,"key":"Regal Pillow"},{"floor":43,"key":"Dream Catcher"},{"floor":48,"key":"Orichalcum"},{"floor":55,"key":"Strawberry"}],"event_choices":[{"cards_removed":["Warcry"],"damage_healed":0,"gold_gain":0,"player_choice":"Card Removal","damage_taken":0,"max_hp_gain":0,"max_hp_loss":0,"event_name":"The Cleric","floor":4,"gold_loss":75},{"damage_healed":0,"gold_gain":0,"player_choice":"Ignored","damage_taken":0,"max_hp_gain":0,"max_hp_loss":0,"event_name":"Vampires","floor":21,"gold_loss":0},{"damage_healed":0,"gold_gain":0,"player_choice":"Ignored","damage_taken":0,"max_hp_gain":0,"max_hp_loss":0,"event_name":"Ghosts","floor":29,"gold_loss":0},{"damage_healed":0,"gold_gain":0,"player_choice":"Fight","damage_taken":0,"max_hp_gain":0,"max_hp_loss":0,"event_name":"MindBloom","floor":36,"gold_loss":0},{"damage_healed":0,"gold_gain":0,"player_choice":"Paid","damage_taken":0,"relics_obtained":["Red Mask"],"max_hp_gain":0,"max_hp_loss":0,"event_name":"Tomb of Lord Red Mask","floor":47,"gold_loss":64}],"is_beta":false,"boss_relics":[{"not_picked":["Ectoplasm","Black Blood"],"picked":"Runic Cube"},{"not_picked":["Snecko Eye","Cursed Key"],"picked":"Runic Dome"}],"items_purged_floors":[22,46],"is_endless":false,"potions_floor_spawned":[3,8,11,13,14,23,27,30,33,36,40,44,48],"ascension_level":20}}