{"host":"2hea6pl5vmah38iy","time":1610973175,"event":{"mods":["AchievementEnabler","BaseMod","Colored Map","DeckTracker","Keyboard Shortcuts","Minty Spire (QoL Compilation)","Rare Cards Sparkle","StSLib","SuperFastMode","everything is the same but u backflip on backflip"],"gold_per_floor":[368,384,27,58,68,118,118,148,193,193,220,47,107,121,121,121,121],"floor_reached":16,"language":"KOR","playtime":686,"items_purged":["Normality"],"score":205,"play_id":"7789e954-010d-4a14-afe7-ecf667beab8a","local_time":"20210118213255","is_ascension_mode":true,"campfire_choices":[{"floor":7.0,"key":"REST"},{"data":"HandOfGreed","floor":15.0,"key":"SMITH"}],"circlet_count":0,"master_deck":["AscendersBane","Strike_B+1","Strike_B","Strike_B","Strike_B","Defend_B","Defend_B","Defend_B","Defend_B","Zap","Dualcast","Cold Snap+1","Leap","HandOfGreed+1","FTL","Capacitor","Chill","Glacier","Reinforced Body","Coolheaded"],"relics":["Cracked Core","Gremlin Horn","Orichalcum","Matryoshka","Whetstone","Membership Card"],"acts_visited":["Exordium"],"potions_floor_usage":[16],"damage_taken":[{"damage":7.0,"enemies":"Jaw Worm","floor":1.0,"turns":2.0},{"damage":1.0,"enemies":"Cultist","floor":2.0,"turns":4.0},{"damage":6.0,"enemies":"2 Louse","floor":4.0,"turns":3.0},{"damage":2.0,"enemies":"Looter","floor":5.0,"turns":2.0},{"damage":26.0,"enemies":"3 Sentries","floor":6.0,"turns":11.0},{"damage":0.0,"enemies":"2 Fungi Beasts","floor":8.0,"turns":3.0},{"damage":10.0,"enemies":"Gremlin Nob","floor":11.0,"turns":5.0},{"damage":0.0,"enemies":"Gremlin Gang","floor":13.0,"turns":3.0},{"damage":5.0,"enemies":"Looter","floor":14.0,"turns":2.0},{"damage":10,"enemies":"Slime Boss","floor":16,"turns":7}],"seed_played":"-7544110542369434883","potions_obtained":[{"floor":1.0,"key":"PotionOfCapacity"},{"floor":6.0,"key":"AttackPotion"},{"floor":14.0,"key":"SpeedPotion"}],"is_trial":false,"path_per_floor":["M","M","$","M","M","E","R","M","T","?","E","$","M","M","R","B"],"character_chosen":"DEFECT","items_purchased":["HandOfGreed","FTL","Membership Card"],"campfire_rested":1,"item_purchase_floors":[3,3,12],"current_hp_per_floor":[57,56,56,50,48,22,43,43,43,43,33,33,33,28,28,18,18],"gold":121,"neow_bonus":"TWO_FIFTY_GOLD","is_daily":false,"chose_seed":false,"campfire_upgraded":1,"win_rate":0.0,"timestamp":1610973175,"path_taken":["M","M","$","M","M","E","R","M","T","?","E","$","M","M","R","BOSS"],"items_purchased_type":["Card","Card","Relic"],"build_version":"2020-12-22","purchased_purges":1,"victory":false,"max_hp_per_floor":[71,71,71,71,71,71,71,71,71,71,71,71,71,71,71,71,71],"card_choices":[{"not_picked":["Ball Lightning","Conserve Battery"],"picked":"Cold Snap","floor":1.0},{"not_picked":["Rebound","Beam Cell"],"picked":"Leap","floor":2.0},{"not_picked":["Beam Cell","White Noise","Sweeping Beam"],"picked":"SKIP","floor":4.0},{"not_picked":["Hologram","Redo"],"picked":"Capacitor","floor":5.0},{"not_picked":["Melter","Stack"],"picked":"Chill","floor":6.0},{"not_picked":["Fusion","Blizzard"],"picked":"Glacier","floor":8.0},{"not_picked":["Machine Learning","Stack","Redo"],"picked":"SKIP","floor":11.0},{"not_picked":["Turbo","Melter"],"picked":"Reinforced Body","floor":13.0},{"not_picked":["Steam","Auto Shields"],"picked":"Coolheaded","floor":14.0}],"player_experience":491430,"relics_obtained":[{"floor":6.0,"key":"Gremlin Horn"},{"floor":9.0,"key":"Orichalcum"},{"floor":11.0,"key":"Whetstone"}],"event_choices":[{"damage_healed":0.0,"max_hp_gain":0.0,"max_hp_loss":0.0,"gold_gain":0.0,"event_name":"WeMeetAgain","player_choice":"Gave Potion","floor":10.0,"gold_loss":0.0,"damage_taken":0.0,"relics_obtained":["Matryoshka"]}],"is_beta":false,"boss_relics":[],"items_purged_floors":[3],"is_endless":false,"potions_floor_spawned":[1,6,8,14],"killed_by":"Slime Boss","ascension_level":16}}