{"host":"1a3cjta80tad0aqj","time":1610950273,"event":{"mods":["2.2 Compatiblity","AchievementEnabler","BaseMod","Colored Map","DeckTracker","KOR Keyword Fix","Keyboard Shortcuts","Minty Spire (QoL Compilation)","Permanent Neow","Quick Restart","Random Character Button","StSLib","SuperFastMode","everything is the same but u backflip on backflip"],"gold_per_floor":[114,132,151,162,162,162,162,162],"floor_reached":7,"language":"KOR","playtime":151,"items_purged":[],"score":75,"play_id":"0a3fae89-d637-4ef7-93e6-bb6aa7698f4d","local_time":"20210118151113","is_ascension_mode":true,"campfire_choices":[{"data":"Eruption","floor":6,"key":"SMITH"}],"circlet_count":0,"master_deck":["AscendersBane","Strike_P","Strike_P+1","Strike_P","Strike_P","Defend_P","Defend_P","Defend_P","Defend_P+1","Eruption+1","Vigilance","FlurryOfBlows","Halt"],"relics":["PureWater","NeowsBlessing"],"acts_visited":["Exordium"],"potions_floor_usage":[],"damage_taken":[{"damage":0,"enemies":"2 Louse","floor":1,"turns":1},{"damage":0,"enemies":"Small Slimes","floor":2,"turns":2},{"damage":0,"enemies":"Cultist","floor":3,"turns":1},{"damage":0,"enemies":"Blue Slaver","floor":4,"turns":5},{"damage":16,"enemies":"Gremlin Nob","floor":7,"turns":4}],"seed_played":"4466118605660915812","potions_obtained":[{"floor":1,"key":"Ancient Potion"},{"floor":2,"key":"DuplicationPotion"}],"is_trial":false,"path_per_floor":["M","M","M","M","?","R","E"],"character_chosen":"WATCHER","items_purchased":[],"campfire_rested":0,"item_purchase_floors":[],"current_hp_per_floor":[61,61,61,61,41,41,25,25],"gold":162,"neow_bonus":"THREE_ENEMY_KILL","is_daily":false,"chose_seed":false,"campfire_upgraded":1,"win_rate":0.0,"timestamp":1610950273,"path_taken":["M","M","M","M","?","R","E"],"items_purchased_type":[],"build_version":"2020-12-22","purchased_purges":0,"victory":false,"max_hp_per_floor":[68,68,68,68,68,68,68,68],"card_choices":[{"not_picked":["SignatureMove","PathToVictory"],"picked":"FlurryOfBlows","floor":1},{"not_picked":["Evaluate","Swivel","WaveOfTheHand"],"picked":"SKIP","floor":2},{"not_picked":["Crescendo","PathToVictory"],"picked":"Halt","floor":3},{"not_picked":["Halt","Protect","ThirdEye"],"picked":"SKIP","floor":4}],"player_experience":734076,"relics_obtained":[],"event_choices":[{"damage_healed":0,"gold_gain":0,"player_choice":"Entered Light","damage_taken":20,"max_hp_gain":0,"max_hp_loss":0,"event_name":"Shining Light","floor":5,"gold_loss":0,"cards_upgraded":["Strike_P","Defend_P"]}],"is_beta":false,"boss_relics":[],"items_purged_floors":[],"is_endless":false,"potions_floor_spawned":[1,2],"killed_by":"Gremlin Nob","ascension_level":15}}