{"host":"1c17lcvl7acx821p","time":1610924545,"event":{"mods":["AchievementEnabler","BaseMod","Colored Map","Minty Spire (QoL Compilation)","StSLib"],"gold_per_floor":[18,18,30,49,11,40,40,56,56,77,110,210,235,248,248,346,346,360,372,372,106,117,147,147,176,224,238,73,83,83,96,96,199,199,216,216,231,248,298,298,323,323,323,323,162,172,172,112,112,112,112],"floor_reached":50,"language":"ENG","playtime":2810,"items_purged":["Strike_B","Strike_B","Strike_B"],"score":663,"play_id":"cb5fae74-ff92-4536-ac5e-36421cd95ca7","local_time":"20210118010225","is_ascension_mode":true,"campfire_choices":[{"data":"Hologram","floor":7.0,"key":"SMITH"},{"data":"Consume","floor":15.0,"key":"SMITH"},{"data":"Loop","floor":24.0,"key":"SMITH"},{"data":"Biased Cognition","floor":30.0,"key":"SMITH"},{"data":"Go for the Eyes","floor":32.0,"key":"SMITH"},{"data":"Reinforced Body","floor":40.0,"key":"SMITH"},{"data":"Creative AI","floor":42,"key":"SMITH"},{"data":"Panacea","floor":47,"key":"SMITH"},{"floor":49,"key":"RECALL"}],"circlet_count":0,"master_deck":["Defend_B","Defend_B","Defend_B","Defend_B","Zap","Dualcast","Loop+1","Cold Snap","Hologram+1","Consume+1","Conserve Battery","Undo","Multi-Cast","Tempest","Go for the Eyes+1","Biased Cognition+1","BootSequence","Heatsinks+1","Loop+1","Panacea+1","Compile Driver+1","Reinforced Body+1","Creative AI+1","Capacitor+1","Coolheaded+1","Leap+1","Capacitor+1"],"relics":["Cracked Core","TungstenRod","Anchor","Art of War","Odd Mushroom","Letter Opener","Akabeko","Coffee Dripper","Membership Card","Ancient Tea Set","DataDisk","MealTicket","Frozen Eye","Black Star","Gambling Chip","Orichalcum","Oddly Smooth Stone","DollysMirror"],"acts_visited":["Exordium","TheCity","TheBeyond"],"potions_floor_usage":[],"damage_taken":[{"damage":2.0,"enemies":"Jaw Worm","floor":1.0,"turns":5.0},{"damage":4.0,"enemies":"Small Slimes","floor":3.0,"turns":3.0},{"damage":0.0,"enemies":"2 Louse","floor":4.0,"turns":1.0},{"damage":13.0,"enemies":"Gremlin Nob","floor":6.0,"turns":5.0},{"damage":0.0,"enemies":"Red Slaver","floor":8.0,"turns":3.0},{"damage":1.0,"enemies":"The Mushroom Lair","floor":10.0,"turns":5.0},{"damage":18.0,"enemies":"3 Sentries","floor":11.0,"turns":5.0},{"damage":28.0,"enemies":"Gremlin Nob","floor":13.0,"turns":5.0},{"damage":1.0,"enemies":"Exordium Wildlife","floor":14.0,"turns":4.0},{"damage":9.0,"enemies":"The Guardian","floor":16.0,"turns":10.0},{"damage":0.0,"enemies":"2 Thieves","floor":18.0,"turns":3.0},{"damage":7.0,"enemies":"Spheric Guardian","floor":19.0,"turns":4.0},{"damage":15.0,"enemies":"Snake Plant","floor":22.0,"turns":4.0},{"damage":13.0,"enemies":"Slavers","floor":23.0,"turns":4.0},{"damage":11.0,"enemies":"Book of Stabbing","floor":25.0,"turns":3.0},{"damage":0.0,"enemies":"Centurion and Healer","floor":27.0,"turns":6.0},{"damage":0.0,"enemies":"Shelled Parasite and Fungi","floor":29.0,"turns":5.0},{"damage":0.0,"enemies":"Cultist and Chosen","floor":31.0,"turns":4.0},{"damage":18.0,"enemies":"Automaton","floor":33.0,"turns":9.0},{"damage":1.0,"enemies":"3 Shapes","floor":35.0,"turns":5.0},{"damage":36.0,"enemies":"3 Darklings","floor":37.0,"turns":5.0},{"damage":0.0,"enemies":"Sphere and 2 Shapes","floor":38.0,"turns":6.0},{"damage":3.0,"enemies":"Mind Bloom Boss Battle","floor":39.0,"turns":28.0},{"damage":12,"enemies":"Reptomancer","floor":41,"turns":12},{"damage":12,"enemies":"Spire Growth","floor":46,"turns":5},{"damage":12,"enemies":"Awakened One","floor":50,"turns":2}],"seed_played":"1053519928201143425","potions_obtained":[{"floor":1.0,"key":"SpeedPotion"},{"floor":3.0,"key":"Regen Potion"},{"floor":10.0,"key":"Fire Potion"},{"floor":11.0,"key":"Weak Potion"},{"floor":13.0,"key":"FocusPotion"},{"floor":16.0,"key":"Fire Potion"},{"floor":19.0,"key":"EssenceOfSteel"},{"floor":20.0,"key":"PowerPotion"},{"floor":23.0,"key":"Strength Potion"},{"floor":25.0,"key":"Strength Potion"},{"floor":27.0,"key":"SkillPotion"},{"floor":33.0,"key":"BlessingOfTheForge"},{"floor":35.0,"key":"SpeedPotion"},{"floor":37.0,"key":"BlessingOfTheForge"}],"is_trial":false,"path_per_floor":["M","?","M","M","$","E","R","M","T","?","E","?","E","M","R","B",null,"M","M","?","$","M","E","R","E","T","M","$","M","R","M","R","B",null,"M","?","M","M","?","R","E","R","T","?","$","M","R","?","R","B"],"character_chosen":"DEFECT","items_purchased":["Consume","Membership Card","Loop","Panacea","Frozen Eye","Reinforced Body","DollysMirror","PowerPotion"],"campfire_rested":0,"item_purchase_floors":[5,21,21,21,28,28,45,45],"current_hp_per_floor":[73,73,69,69,69,67,67,67,67,66,48,48,20,19,19,10,59,59,52,52,52,37,24,24,13,13,13,28,28,28,28,28,10,59,58,58,22,22,19,19,7,7,7,7,22,10,10,10,10,0,0],"gold":112,"neow_bonus":"ONE_RARE_RELIC","is_daily":false,"chose_seed":false,"campfire_upgraded":8,"win_rate":0.0,"timestamp":1610924545,"path_taken":["M","?","M","M","?","E","R","M","T","?","E","?","E","?","R","BOSS","M","M","?","$","M","E","R","E","T","M","?","M","R","M","R","BOSS","M","?","M","M","?","R","E","R","T","?","$","M","R","?","R","BOSS"],"items_purchased_type":["Card","Relic","Card","Card","Relic","Card","Relic","Potion"],"build_version":"2020-12-22","purchased_purges":3,"victory":false,"max_hp_per_floor":[75,75,75,75,75,75,75,75,75,75,75,75,75,75,75,75,75,75,75,75,75,75,75,75,75,75,75,75,75,75,75,75,75,75,75,75,75,75,75,75,75,75,75,75,75,75,75,75,75,75,75],"card_choices":[{"not_picked":["Reprogram","Steam Power"],"picked":"Loop","floor":1.0},{"not_picked":["Double Energy","Chill"],"picked":"Cold Snap","floor":3.0},{"not_picked":["Gash","Turbo"],"picked":"Hologram","floor":4.0},{"not_picked":["Gash","Static Discharge"],"picked":"Conserve Battery","floor":6.0},{"not_picked":["Rebound","Gash"],"picked":"Undo","floor":8.0},{"not_picked":["Streamline","Hello World"],"picked":"Multi-Cast","floor":10.0},{"not_picked":["Rebound","Sunder"],"picked":"Sweeping Beam","floor":11.0},{"not_picked":["Double Energy","Doom and Gloom"],"picked":"Tempest","floor":13.0},{"not_picked":["Scrape","Steam Power"],"picked":"Go for the Eyes","floor":14.0},{"not_picked":["Rainbow","Machine Learning"],"picked":"Biased Cognition","floor":16.0},{"not_picked":["Static Discharge","Darkness+1"],"picked":"BootSequence","floor":18.0},{"not_picked":["Barrage+1","Sweeping Beam"],"picked":"Heatsinks+1","floor":19.0},{"not_picked":["Hologram","BootSequence+1"],"picked":"Compile Driver+1","floor":22.0},{"not_picked":["Redo","Stack+1","Blizzard"],"picked":"SKIP","floor":23.0},{"not_picked":["Stack","Streamline","Auto Shields"],"picked":"SKIP","floor":25.0},{"not_picked":["Hello World","Go for the Eyes","BootSequence+1"],"picked":"SKIP","floor":27.0},{"not_picked":["Leap","Turbo","Reinforced Body"],"picked":"SKIP","floor":29.0},{"not_picked":["Blizzard+1","Static Discharge","Lockon"],"picked":"SKIP","floor":31.0},{"not_picked":["Machine Learning","Electrodynamics"],"picked":"Creative AI","floor":33.0},{"not_picked":["Defragment+1","Turbo"],"picked":"Capacitor+1","floor":35.0},{"not_picked":["Blizzard+1","Barrage+1"],"picked":"Coolheaded+1","floor":37.0},{"not_picked":["Rebound","Ball Lightning+1","Sweeping Beam+1"],"picked":"SKIP","floor":38.0},{"not_picked":["Conserve Battery+1","Steam+1"],"picked":"Leap+1","floor":41},{"not_picked":["Redo+1","Sunder+1","Stack"],"picked":"SKIP","floor":46}],"player_experience":121220,"relics_obtained":[{"floor":6.0,"key":"Anchor"},{"floor":9.0,"key":"Art of War"},{"floor":10.0,"key":"Odd Mushroom"},{"floor":11.0,"key":"Letter Opener"},{"floor":13.0,"key":"Akabeko"},{"floor":23.0,"key":"Ancient Tea Set"},{"floor":25.0,"key":"DataDisk"},{"floor":26.0,"key":"MealTicket"},{"floor":39.0,"key":"Gambling Chip"},{"floor":41,"key":"Orichalcum"},{"floor":41,"key":"Oddly Smooth Stone"}],"event_choices":[{"damage_healed":0.0,"max_hp_gain":0.0,"max_hp_loss":0.0,"gold_gain":0.0,"event_name":"Living Wall","player_choice":"Grow","floor":2.0,"gold_loss":0.0,"damage_taken":0.0,"cards_upgraded":["Loop"]},{"damage_healed":0.0,"max_hp_gain":0.0,"max_hp_loss":0.0,"gold_gain":0.0,"event_name":"Mushrooms","player_choice":"Fought Mushrooms","floor":10.0,"gold_loss":0.0,"damage_taken":0.0},{"damage_healed":0.0,"max_hp_gain":0.0,"max_hp_loss":0.0,"gold_gain":100.0,"event_name":"Golden Shrine","player_choice":"Pray","floor":12.0,"gold_loss":0.0,"damage_taken":0.0},{"damage_healed":0.0,"max_hp_gain":0.0,"max_hp_loss":0.0,"gold_gain":0.0,"event_name":"Lab","player_choice":"Got Potions","floor":20.0,"gold_loss":0.0,"damage_taken":0.0},{"cards_removed":["Sweeping Beam"],"damage_healed":0.0,"max_hp_gain":0.0,"max_hp_loss":0.0,"gold_gain":0.0,"event_name":"Falling","player_choice":"Removed Attack","floor":36.0,"gold_loss":0.0,"damage_taken":0.0},{"damage_healed":0.0,"max_hp_gain":0.0,"max_hp_loss":0.0,"gold_gain":0.0,"event_name":"MindBloom","player_choice":"Fight","floor":39.0,"gold_loss":0.0,"damage_taken":0.0},{"damage_healed":0,"gold_gain":0,"player_choice":"Ignored","damage_taken":0,"max_hp_gain":0,"max_hp_loss":0,"event_name":"Mysterious Sphere","floor":44,"gold_loss":0},{"cards_removed":["Strike_B"],"damage_healed":0,"gold_gain":0,"player_choice":"Single Remove","damage_taken":0,"max_hp_gain":0,"max_hp_loss":0,"event_name":"Designer","floor":48,"gold_loss":60}],"is_beta":false,"boss_relics":[{"not_picked":["Snecko Eye","Ectoplasm"],"picked":"Coffee Dripper"},{"not_picked":["Busted Crown","Philosopher\u0027s Stone"],"picked":"Black Star"}],"items_purged_floors":[21,28,45],"is_endless":false,"potions_floor_spawned":[1,3,10,11,13,16,19,23,25,27,33,35,37],"killed_by":"Awakened One","ascension_level":5}}