{"host":"c7ste7wj722ux05l","time":1610984153,"event":{"mods":["Act Like it!","BaseMod","BetterRewards","Colored Map","Colored Powertips","Custom Start","GifTheSpireLib","Googly Eyes","Minty Spire (QoL Compilation)","Rare Cards Sparkle","StSLib","The Jungle"],"gold_per_floor":[113,288,288,305,134,134,134,134],"floor_reached":7,"language":"ENG","playtime":424,"items_purged":["Strike_G","Doubt"],"score":57,"play_id":"55f84d35-8f4c-4f5b-baa0-94cf026bfd3b","local_time":"20210118163553","is_ascension_mode":true,"campfire_choices":[{"data":"Footwork","floor":6,"key":"SMITH"}],"circlet_count":0,"master_deck":["Strike_G","Strike_G","Strike_G","Strike_G","Defend_G","Defend_G","Defend_G","Defend_G","Defend_G","Survivor","Neutralize","PiercingWail","Well Laid Plans","Footwork+1"],"relics":["Ring of the Snake","Oddly Smooth Stone","Bag of Preparation","GremlinMask"],"acts_visited":["Exordium"],"potions_floor_usage":[7],"damage_taken":[{"damage":0,"enemies":"2 Louse","floor":1,"turns":4},{"damage":3,"enemies":"Small Slimes","floor":4,"turns":6},{"damage":21,"enemies":"Lagavulin","floor":7,"turns":9}],"seed_played":"-8152482528434536205","potions_obtained":[{"floor":1,"key":"Swift Potion"}],"is_trial":false,"path_per_floor":["M","?","?","M","$","R","E"],"character_chosen":"THE_SILENT","items_purchased":["Oddly Smooth Stone","Bag of Preparation","Footwork"],"campfire_rested":0,"item_purchase_floors":[0,0,5],"current_hp_per_floor":[51,51,51,48,48,48,27,27],"gold":134,"neow_bonus":"","is_daily":false,"chose_seed":false,"campfire_upgraded":1,"win_rate":0.0,"timestamp":1610984153,"path_taken":["M","?","?","M","$","R","E"],"items_purchased_type":["Relic","Relic","Card"],"build_version":"2020-12-22","purchased_purges":2,"victory":false,"max_hp_per_floor":[70,70,70,70,70,70,70,70],"card_choices":[{"not_picked":["Poisoned Stab","Flying Knee"],"picked":"PiercingWail","floor":1},{"not_picked":["Quick Slash","Flying Knee"],"picked":"Well Laid Plans","floor":4}],"player_experience":586226,"relics_obtained":[],"event_choices":[{"damage_healed":0,"gold_gain":175,"player_choice":"AGREE","damage_taken":0,"max_hp_gain":0,"max_hp_loss":0,"event_name":"Liars Game","floor":2,"gold_loss":0,"cards_obtained":["Doubt"]},{"damage_healed":0,"gold_gain":0,"player_choice":"Trade","damage_taken":0,"relics_obtained":["GremlinMask"],"max_hp_gain":0,"max_hp_loss":0,"event_name":"FaceTrader","floor":3,"gold_loss":0}],"is_beta":false,"boss_relics":[],"items_purged_floors":[0,5],"is_endless":false,"potions_floor_spawned":[1],"killed_by":"Lagavulin","ascension_level":9}}