{"host":"5tnmlfm2arf82kze","time":1610978170,"event":{"mods":["Act Like it!","BaseMod","CapriCore","Colored Powertips","Gensokyo","Minty Spire (QoL Compilation)","MostiFishMod","Remilia（蕾米莉亚）","Replay The Spire","RumiaBox-露米娅的神秘盒子","Shop Mod","Spicy Shops","StSLib","Waifu the Spire","【功能Mod】聪明的最终Boss"],"gold_per_floor":[109,109,119,119,10,42,42,369,422,497,497,497,507,541,541,643,643,656,656,123,123,123,123,123,17,41,58,71,71,71,95,95,421,421,1243,1243,1258,1258,205,488,817,817,1173,1187,1264,1301,1321,422,458,485,485,965,965,965,73,112,112],"floor_reached":58,"language":"ZHS","playtime":5076,"items_purged":["Wrath_TH"],"score":1790,"play_id":"d5f536c0-c22f-4df6-a691-78318044eb8d","local_time":"20210118215609","is_ascension_mode":true,"campfire_choices":[{"data":"ScarletImprint","floor":7.0,"key":"SMITH"},{"data":"BloodAndWine","floor":11.0,"key":"SMITH"},{"floor":15.0,"key":"DIG"},{"data":"DemonKingCradle","floor":23.0,"key":"SMITH"},{"data":"HellCatastrophe","floor":32.0,"key":"SMITH"},{"data":"HeartBreak","floor":42,"key":"SMITH"},{"floor":51,"key":"RECALL"},{"data":"BloodRain","floor":54,"key":"SMITH"}],"circlet_count":0,"master_deck":["Strike_RM","Strike_RM","Strike_RM","Defend_RM","Defend_RM","Defend_RM","RedMoon","FitfulNightmare","ScarletImprint+1","NightLord","BloodAndWine+1","VampireKiss","DemonKingCradle+1","HellCatastrophe+1","RedRainbow+1","Gensokyo:MonkeysPaw","Carnage","UnstableMagic","ReincarnationDial+1","BloodHunter+1","UnstableMagic+1","VampireKiss+1","TricksterDevil+1","ScarletCoffin+1","NightDance+1","Gensokyo:LockedMedkit","Gensokyo:OverchargedCore","Gensokyo:Apocalypse","HellCatastrophe+1","BloodAndWine+1","Septette","HeartBreak+1","ScarletSymphony+1","BombardNight+1","BloodySeventeenLaser","NightDance+1","RedRainbow+1","BloodRain+1","ReincarnationDial+1","ForbiddenFruit+1","UnstableMagic+1","EndlessAdversity+1","TwelveNightmare","DiffusionOfMisfortune+1"],"relics":["ScarletHat","DaveBox","White Beast Statue","Happy Flower","Akabeko","ThornShield","Strawberry","ReplayTheSpireMod:CursedCoin","Iron Hammer","Peace Pipe","Pocketwatch","Shuriken","Replay:Bronze Core","Nunchaku","Strange Spoon","ReplayTheSpireMod:Ring of Collecting","Ring of Peace","OrangePellets","ReplayTheSpireMod:Ring of Addiction","Potion Belt","SacredBark","Art of War","ReplayTheSpireMod:Ring of Challenge","ReplayTheSpireMod:TigerMarble","StoneCalendar","Philosopher\u0027s Stone","ClockworkSouvenir","Civilization","DollysMirror","HandDrill","Bag of Preparation","Blue Doll","ImprovedEquipment","Ring of Fangs","CeramicFish","MealTicket","Toolbox","Oddly Smooth Stone","Omamori","Toy Ornithopter","Regal Pillow","Guide Book","Pondfish Scales","SSSystem","Bag of Marbles","Garlic","Replay:Baseball","Orrery","Centennial Puzzle"],"acts_visited":["Gensokyo:Gensokyo","Gensokyo:Gensokyoer","Gensokyo:Gensokyoest","TheEnding"],"potions_floor_usage":[40,43,49,55,55,57,57,57],"damage_taken":[{"damage":0.0,"enemies":"Gensokyo:3_Fairies","floor":1.0,"turns":5.0},{"damage":0.0,"enemies":"Gensokyo:2_Kodama","floor":3.0,"turns":6.0},{"damage":7.0,"enemies":"Gensokyo:Mamizou","floor":6.0,"turns":12.0},{"damage":23.0,"enemies":"Gensokyo:Aya","floor":8.0,"turns":7.0},{"damage":1.0,"enemies":"Gensokyo:Gryphon","floor":13.0,"turns":3.0},{"damage":16.0,"enemies":"Gensokyo:Mamizou","floor":14.0,"turns":10.0},{"damage":0.0,"enemies":"Gensokyo:Yukari","floor":16.0,"turns":7.0},{"damage":0.0,"enemies":"Gensokyo:2_Gloops","floor":18.0,"turns":4.0},{"damage":0.0,"enemies":"Gensokyo:3_Dogs","floor":27.0,"turns":3.0},{"damage":9.0,"enemies":"Gensokyo:Slime_Group","floor":28.0,"turns":6.0},{"damage":22.0,"enemies":"Gensokyo:Koishi","floor":33.0,"turns":5.0},{"damage":143,"enemies":"Gensokyo:Eternal_Rivals","floor":35,"turns":10},{"damage":1,"enemies":"Gensokyo:3_Bats","floor":37,"turns":4},{"damage":45,"enemies":"Gensokyo:AncientGuardian","floor":40,"turns":4},{"damage":31,"enemies":"Gensokyo:SeedOfUnknown","floor":41,"turns":4},{"damage":45,"enemies":"Gensokyo:Kasen","floor":43,"turns":5},{"damage":0,"enemies":"Gensokyo:4_Bats","floor":44,"turns":3},{"damage":0,"enemies":"Gensokyo:Doremy","floor":46,"turns":3},{"damage":0,"enemies":"Gensokyo:3_Boulders","floor":47,"turns":3},{"damage":6,"enemies":"Gensokyo:Kasen","floor":49,"turns":5},{"damage":4,"enemies":"Gensokyo:Dusk_and_Dawn","floor":50,"turns":3},{"damage":59,"enemies":"Gensokyo:Yuyuko","floor":52,"turns":3},{"damage":48,"enemies":"Shield and Spear","floor":56,"turns":5},{"damage":19,"enemies":"The Heart","floor":57,"turns":4}],"seed_played":"578347550006250432","potions_obtained":[{"floor":1.0,"key":"LiquidBronze"},{"floor":3.0,"key":"Elixir"},{"floor":6.0,"key":"BlessingOfTheForge"},{"floor":8.0,"key":"Venom Potion"},{"floor":13.0,"key":"Regen Potion"},{"floor":14.0,"key":"Milkshake"},{"floor":16.0,"key":"Weak Potion"},{"floor":18.0,"key":"FearPotion"},{"floor":26.0,"key":"SmokeBomb"},{"floor":26.0,"key":"LiquidMemories"},{"floor":27.0,"key":"Languid Potion"},{"floor":28.0,"key":"DuplicationPotion"},{"floor":33.0,"key":"GamblersBrew"},{"floor":35,"key":"Strength Potion"},{"floor":40,"key":"Doom Potion"},{"floor":41,"key":"LifebloodPotion"},{"floor":43,"key":"Regen Potion"},{"floor":44,"key":"Ancient Potion"},{"floor":49,"key":"FairyPotion"},{"floor":56,"key":"ColorlessPotion"},{"floor":56,"key":"Weak Potion"}],"is_trial":false,"path_per_floor":["M","?","M","?","COS","E","R","E","T","$","R","T","M","E","R","B",null,"M","?","COS","?","?","R","?","$","T","M","M","PTL","PTL","T","R","E","R","B",null,"M","?","COS","M","M","R","E","M","T","E","M","$","E","M","R","B",null,"R","$","E","B",null],"character_chosen":"REMILIA","items_purchased":["ReplayTheSpireMod:CursedCoin","OrangePellets","UnstableMagic","Toolbox","Oddly Smooth Stone","Omamori","Toy Ornithopter","Regal Pillow","Guide Book","Fruit Juice","Fruit Juice","SSSystem","Bag of Marbles","Garlic","Replay:Baseball","Orrery"],"campfire_rested":0,"item_purchase_floors":[10,25,25,48,48,48,48,48,48,55,55,55,55,55,55,55],"current_hp_per_floor":[77,77,81,81,81,74,74,51,58,58,58,58,60,50,50,61,82,85,82,82,82,82,82,82,82,82,82,75,75,75,75,75,75,75,10,63,63,63,63,54,64,64,61,75,75,84,90,97,96,107,107,107,109,109,134,94,134],"gold":112,"neow_bonus":"TEN_PERCENT_HP_BONUS","is_daily":false,"chose_seed":false,"campfire_upgraded":6,"win_rate":0.0,"timestamp":1610978169,"path_taken":["M","?","M","?","COS","E","R","E","T","$","R","?","M","E","R","BOSS","M","?","COS","?","?","R","?","$","T","M","M","PTL","PTL","?","R","E","R","BOSS","M","?","COS","M","M","R","E","M","T","E","M","$","E","M","R","BOSS","R","$","E","BOSS"],"items_purchased_type":["Relic","Relic","Card","Relic","Relic","Relic","Relic","Relic","Relic","Potion","Potion","Relic","Relic","Relic","Relic","Relic"],"build_version":"2020-12-22","purchased_purges":1,"victory":true,"max_hp_per_floor":[82,82,82,82,82,82,82,82,89,89,89,89,89,89,89,89,89,89,82,82,82,82,82,82,82,82,82,82,82,82,82,80,80,80,80,80,80,78,78,79,81,81,84,89,89,94,97,97,102,107,107,112,110,110,134,139,144],"card_choices":[{"not_picked":["ScarletSymphony","NightDance"],"picked":"FitfulNightmare","floor":1.0},{"not_picked":["UnderTheZenith","ScarletGensokyo"],"picked":"ScarletImprint","floor":3.0},{"not_picked":["RedNightlessCastle","Stigmanizer"],"picked":"NightLord","floor":6.0},{"not_picked":["ScarletGensokyo","DiffusionOfMisfortune"],"picked":"BloodAndWine","floor":8.0},{"not_picked":["Maim","EmergencyRegeneration"],"picked":"VampireKiss","floor":13.0},{"not_picked":["DevilSight","ScarletDevilSign"],"picked":"DemonKingCradle","floor":14.0},{"not_picked":["DemonKingCradle","EquivalentExchange"],"picked":"HellCatastrophe","floor":16.0},{"not_picked":["BombardNight","Stigmanizer"],"picked":"RedRainbow+1","floor":18.0},{"not_picked":["Stigmanizer+1","ScarletImprint+1"],"picked":"ReincarnationDial+1","floor":27.0},{"not_picked":["ScarletDevilSign","SuperhumanBloodyKnife+1"],"picked":"BloodHunter+1","floor":27.0},{"not_picked":["Stigmanizer","DevilSight"],"picked":"UnstableMagic+1","floor":28.0},{"not_picked":["BloodHunter+1","CharismaGuard"],"picked":"VampireKiss+1","floor":33.0},{"not_picked":["BloodRain","DemonKingCradle"],"picked":"TricksterDevil","floor":33.0},{"not_picked":["TransientEternity","HeartBreak"],"picked":"QueenOfMidnight","floor":35},{"not_picked":["UnstableMagic","Maim"],"picked":"NightDance+1","floor":37},{"not_picked":["UnderTheZenith+1","DevilSight+1"],"picked":"BloodAndWine+1","floor":40},{"not_picked":["HunterOfTheNight","ScarletDevil+1"],"picked":"Septette","floor":40},{"not_picked":["RedRainbow","MastersStateliness+1"],"picked":"HeartBreak","floor":41},{"not_picked":["MastersStateliness+1","LeisurelyOfLord"],"picked":"ScarletSymphony+1","floor":43},{"not_picked":["BlasphemousPunishment+1","VampireKiss"],"picked":"BombardNight+1","floor":44},{"not_picked":["BloodyMagicSquare+1","EndlessAdversity"],"picked":"BloodySeventeenLaser","floor":46},{"not_picked":["UnderTheZenith","MastersStateliness"],"picked":"NightDance+1","floor":47},{"not_picked":["BombardNight+1","ScarletGensokyo+1"],"picked":"RedRainbow+1","floor":49},{"not_picked":["ScarletDream","RedRainbow"],"picked":"BloodRain","floor":50},{"not_picked":["NightDance+1","CharismaGuard"],"picked":"ReincarnationDial+1","floor":55},{"not_picked":["ScarletDevil","UnstableMagic"],"picked":"ForbiddenFruit+1","floor":55},{"not_picked":["MastersStateliness+1","VampireClaw"],"picked":"UnstableMagic+1","floor":55},{"not_picked":["BloodHunter+1","Stigmanizer"],"picked":"EndlessAdversity+1","floor":55},{"not_picked":["EternalNight+1","AfternoonTea+1"],"picked":"TwelveNightmare","floor":55},{"not_picked":["StarOfDavid","RedRainbow"],"picked":"DiffusionOfMisfortune+1","floor":56}],"player_experience":195743,"relics_obtained":[{"floor":6.0,"key":"Akabeko"},{"floor":8.0,"key":"ThornShield"},{"floor":9.0,"key":"Strawberry"},{"floor":12.0,"key":"Iron Hammer"},{"floor":14.0,"key":"Pocketwatch"},{"floor":15.0,"key":"Shuriken"},{"floor":22.0,"key":"ReplayTheSpireMod:Ring of Collecting"},{"floor":22.0,"key":"Ring of Peace"},{"floor":26.0,"key":"ReplayTheSpireMod:Ring of Addiction"},{"floor":26.0,"key":"Potion Belt"},{"floor":26.0,"key":"SacredBark"},{"floor":31.0,"key":"Art of War"},{"floor":31.0,"key":"ReplayTheSpireMod:Ring of Challenge"},{"floor":33.0,"key":"ReplayTheSpireMod:TigerMarble"},{"floor":43,"key":"Blue Doll"},{"floor":45,"key":"ImprovedEquipment"},{"floor":45,"key":"Ring of Fangs"},{"floor":46,"key":"CeramicFish"},{"floor":46,"key":"MealTicket"},{"floor":49,"key":"Pondfish Scales"},{"floor":56,"key":"Centennial Puzzle"}],"event_choices":[],"is_beta":false,"boss_relics":[{"not_picked":["Tiny House","Transparent"],"picked":"Replay:Bronze Core"},{"not_picked":["EasyGame_NEW","Runic Dome"],"picked":"Philosopher\u0027s Stone"}],"items_purged_floors":[10],"is_endless":false,"potions_floor_spawned":[1,3,6,8,13,14,16,18,27,28,33,35,37,40,41,43,44,46,47,49,50,56],"ascension_level":7}}