{"host":"szp1d6dso4pv7ddl","time":1610999060,"event":{"mods":["AchievementEnabler","Alarm Clock","BaseMod","Bestiary","Block Reminder","Colored Map","Colored Powertips","Curses Come First","Dark Map","Displayed Cursed Tome","Highlight Path","Minty Spire (QoL Compilation)","Permanent Neow","Quick Restart","Relic Sorter","Relic Stats","StSLib","Synergy Search"],"gold_per_floor":[117,117,42,62,74,100,100,129,129,41,72,131,131,211,211,309,309,294,294,55,55,55,55,55,55,55,55,55,55,55,4,4,4,4,4,4,4,4,4,4,4,4,4,0,0,0,0,0,0,0,0,0,0,0,0,0],"floor_reached":55,"language":"ENG","playtime":2781,"items_purged":["Strike_B","Strike_B"],"score":1260,"play_id":"ea1a440a-68cb-44f8-88c3-20c0a901c0dc","local_time":"20210118114420","is_ascension_mode":true,"campfire_choices":[{"data":"Reprogram","floor":7.0,"key":"SMITH"},{"floor":13.0,"key":"REST"},{"floor":15.0,"key":"REST"},{"data":"Reprogram","floor":23.0,"key":"SMITH"},{"floor":32.0,"key":"REST"},{"floor":45,"key":"RECALL"},{"data":"Reboot","floor":47,"key":"SMITH"},{"floor":49,"key":"REST"},{"data":"Dualcast","floor":52,"key":"PURGE"}],"circlet_count":0,"master_deck":["AscendersBane","Strike_B","Strike_B","Defend_B","Defend_B","Defend_B","Defend_B","Zap","Hyperbeam+1","Gash","Steam Power","Beam Cell","Reprogram+1","Reprogram+1","Purity","Scrape","Hyperbeam","Echo Form","Leap","Go for the Eyes+1","Auto Shields+1","Leap","Steam","Reboot+1","Compile Driver","Stack+1","Steam","Seek"],"relics":["Cracked Core","Shuriken","Ornamental Fan","Happy Flower","Mercury Hourglass","Meat on the Bone","Ectoplasm","FossilizedHelix","Blue Candle","Bag of Marbles","Nuclear Battery","Ginger","Oddly Smooth Stone","HornCleat","Peace Pipe","Red Mask","White Beast Statue"],"acts_visited":["Exordium","TheCity","TheBeyond","TheEnding"],"potions_floor_usage":[33,33,33,40,50,50,54],"damage_taken":[{"damage":7.0,"enemies":"Jaw Worm","floor":1.0,"turns":2.0},{"damage":0.0,"enemies":"Cultist","floor":4.0,"turns":2.0},{"damage":4.0,"enemies":"2 Louse","floor":5.0,"turns":3.0},{"damage":10.0,"enemies":"Gremlin Nob","floor":6.0,"turns":3.0},{"damage":13.0,"enemies":"3 Sentries","floor":8.0,"turns":3.0},{"damage":28.0,"enemies":"Lagavulin","floor":11.0,"turns":7.0},{"damage":0.0,"enemies":"Slime Boss","floor":16.0,"turns":8.0},{"damage":11.0,"enemies":"2 Thieves","floor":18.0,"turns":2.0},{"damage":6.0,"enemies":"Chosen","floor":19.0,"turns":4.0},{"damage":3.0,"enemies":"Snake Plant","floor":21.0,"turns":3.0},{"damage":11.0,"enemies":"Chosen and Byrds","floor":22.0,"turns":5.0},{"damage":3.0,"enemies":"Cultist and Chosen","floor":24.0,"turns":4.0},{"damage":20.0,"enemies":"Book of Stabbing","floor":25.0,"turns":4.0},{"damage":28.0,"enemies":"Snecko","floor":28.0,"turns":6.0},{"damage":0.0,"enemies":"3 Cultists","floor":29.0,"turns":2.0},{"damage":0,"enemies":"Collector","floor":33,"turns":6},{"damage":0,"enemies":"3 Shapes","floor":35,"turns":2},{"damage":0,"enemies":"Mind Bloom Boss Battle","floor":36,"turns":7},{"damage":0,"enemies":"Orb Walker","floor":38,"turns":3},{"damage":0,"enemies":"Reptomancer","floor":40,"turns":4},{"damage":13,"enemies":"Writhing Mass","floor":41,"turns":6},{"damage":16,"enemies":"Nemesis","floor":42,"turns":9},{"damage":0,"enemies":"Maw","floor":46,"turns":6},{"damage":12,"enemies":"3 Darklings","floor":48,"turns":3},{"damage":48,"enemies":"Donu and Deca","floor":50,"turns":9},{"damage":36,"enemies":"Shield and Spear","floor":54,"turns":8},{"damage":45,"enemies":"The Heart","floor":55,"turns":6}],"seed_played":"-1381180136653885088","potions_obtained":[{"floor":1.0,"key":"SkillPotion"},{"floor":4.0,"key":"Explosive Potion"},{"floor":11.0,"key":"AttackPotion"},{"floor":16.0,"key":"SkillPotion"},{"floor":22.0,"key":"Fire Potion"},{"floor":24.0,"key":"Energy Potion"},{"floor":25.0,"key":"Swift Potion"},{"floor":29.0,"key":"Energy Potion"},{"floor":33,"key":"Fruit Juice"},{"floor":35,"key":"SkillPotion"},{"floor":40,"key":"Fire Potion"},{"floor":41,"key":"Energy Potion"},{"floor":42,"key":"Regen Potion"},{"floor":48,"key":"Weak Potion"},{"floor":54,"key":"SteroidPotion"}],"is_trial":false,"path_per_floor":["M","?","$","M","M","E","R","E","T","$","E","?","R","T","R","B",null,"M","M","$","M","M","R","M","E","T","?","M","M","T","$","R","B",null,"M","?","?","M","T","E","M","E","T","?","R","M","R","M","R","B",null,"R","$","E","B"],"character_chosen":"DEFECT","items_purchased":["Purity","Echo Form","Steam"],"campfire_rested":4,"item_purchase_floors":[10,20,31],"current_hp_per_floor":[61,61,61,61,57,47,47,34,34,34,6,6,28,28,50,50,69,58,52,52,49,38,38,47,39,39,32,16,28,28,28,50,55,74,74,74,74,74,74,74,61,45,45,45,45,45,45,45,67,46,69,69,69,45,0,0],"gold":0,"neow_bonus":"ONE_RANDOM_RARE_CARD","is_daily":false,"chose_seed":false,"campfire_upgraded":3,"win_rate":0.0,"timestamp":1610999060,"path_taken":["M","?","?","M","M","E","R","E","T","$","E","?","R","?","R","BOSS","M","M","$","M","M","R","M","E","T","?","?","M","?","$","R","BOSS","M","?","?","M","?","E","M","E","T","?","R","M","R","M","R","BOSS","R","$","E","BOSS"],"items_purchased_type":["Card","Card","Card"],"build_version":"2020-12-22","purchased_purges":2,"victory":false,"max_hp_per_floor":[75,75,75,75,75,75,75,75,75,75,75,75,75,75,75,75,75,75,75,75,75,75,75,75,75,75,75,75,75,75,75,75,80,80,80,80,76,76,76,76,76,76,76,76,76,76,76,76,76,76,76,76,76,76,76,76],"relic_stats":{"Peace Pipe":1,"Happy Flower":[35],"counters":[27,126],"Shuriken":[30],"Ornamental Fan":[120],"Blue Candle":[0],"Ectoplasm":506,"Ginger":[11],"obtain_stats":[{"Happy Flower":11,"Blue Candle":26,"Oddly Smooth Stone":40,"Ginger":36,"White Beast Statue":54,"Mercury Hourglass":9,"Nuclear Battery":34,"Peace Pipe":43,"HornCleat":42,"Ornamental Fan":6,"Shuriken":8,"Ectoplasm":17,"Bag of Marbles":30,"Red Mask":44,"Cracked Core":0,"FossilizedHelix":25,"Meat on the Bone":14},{"Happy Flower":6,"Blue Candle":13,"Oddly Smooth Stone":20,"Ginger":18,"White Beast Statue":26,"Mercury Hourglass":5,"Nuclear Battery":16,"Peace Pipe":22,"HornCleat":22,"Ornamental Fan":4,"Shuriken":5,"Ectoplasm":7,"Bag of Marbles":15,"Red Mask":22,"Cracked Core":0,"FossilizedHelix":13,"Meat on the Bone":6},{"Happy Flower":20,"Blue Candle":50,"Oddly Smooth Stone":79,"Ginger":73,"White Beast Statue":120,"Mercury Hourglass":13,"Nuclear Battery":64,"Peace Pipe":94,"HornCleat":94,"Ornamental Fan":10,"Shuriken":13,"Ectoplasm":28,"Bag of Marbles":58,"Red Mask":94,"Cracked Core":0,"FossilizedHelix":50,"Meat on the Bone":20}],"Mercury Hourglass":[445],"Meat on the Bone":84},"card_choices":[{"not_picked":["Ball Lightning","Beam Cell"],"picked":"Gash","floor":1.0},{"not_picked":["Doom and Gloom","Stack"],"picked":"Steam Power","floor":4.0},{"not_picked":["Barrage","Ball Lightning"],"picked":"Beam Cell","floor":5.0},{"not_picked":["Tempest","Hologram"],"picked":"Reprogram","floor":6.0},{"not_picked":["Recycle","Leap"],"picked":"Reprogram","floor":8.0},{"not_picked":["Core Surge","Force Field"],"picked":"Scrape","floor":11.0},{"not_picked":["Biased Cognition","Multi-Cast"],"picked":"Hyperbeam","floor":16.0},{"not_picked":["Stack+1","Genetic Algorithm","Double Energy"],"picked":"SKIP","floor":18.0},{"not_picked":["Reprogram","Ball Lightning","Barrage+1"],"picked":"SKIP","floor":19.0},{"not_picked":["Force Field","Go for the Eyes"],"picked":"Leap","floor":21.0},{"not_picked":["Skim+1","Hologram+1","Auto Shields"],"picked":"SKIP","floor":22.0},{"not_picked":["Coolheaded","Static Discharge","Sweeping Beam+1"],"picked":"SKIP","floor":24.0},{"not_picked":["Force Field","Ball Lightning+1"],"picked":"Go for the Eyes+1","floor":25.0},{"not_picked":["Go for the Eyes","Leap"],"picked":"Auto Shields+1","floor":28.0},{"not_picked":["Go for the Eyes","Compile Driver+1"],"picked":"Leap","floor":29.0},{"not_picked":["Multi-Cast","All For One"],"picked":"Reboot","floor":33},{"not_picked":["Leap","Ball Lightning"],"picked":"Compile Driver","floor":35},{"not_picked":["Coolheaded+1","Streamline"],"picked":"Stack+1","floor":36},{"not_picked":["Darkness","Reinforced Body+1","Hologram+1"],"picked":"SKIP","floor":38},{"not_picked":["Ball Lightning+1","Undo"],"picked":"Steam","floor":40},{"not_picked":["Steam+1","Echo Form","Stack"],"picked":"SKIP","floor":41},{"not_picked":["Steam+1","Turbo+1"],"picked":"Seek","floor":42},{"not_picked":["Rebound","Beam Cell","Storm"],"picked":"SKIP","floor":46},{"not_picked":["Recycle+1","Gash","Cold Snap+1"],"picked":"SKIP","floor":48},{"not_picked":["Force Field+1","Streamline","Beam Cell+1"],"picked":"SKIP","floor":54}],"player_experience":1215033,"relics_obtained":[{"floor":6.0,"key":"Ornamental Fan"},{"floor":8.0,"key":"Shuriken"},{"floor":9.0,"key":"Mercury Hourglass"},{"floor":11.0,"key":"Happy Flower"},{"floor":14.0,"key":"Meat on the Bone"},{"floor":25.0,"key":"FossilizedHelix"},{"floor":26.0,"key":"Blue Candle"},{"floor":30.0,"key":"Bag of Marbles"},{"floor":36,"key":"Ginger"},{"floor":40,"key":"Oddly Smooth Stone"},{"floor":42,"key":"HornCleat"},{"floor":43,"key":"Peace Pipe"},{"floor":54,"key":"White Beast Statue"}],"event_choices":[{"damage_healed":0.0,"max_hp_gain":0.0,"max_hp_loss":0.0,"gold_gain":0.0,"event_name":"Upgrade Shrine","player_choice":"Upgraded","floor":2.0,"gold_loss":0.0,"damage_taken":0.0,"cards_upgraded":["Hyperbeam"]},{"damage_healed":0.0,"max_hp_gain":0.0,"max_hp_loss":0.0,"gold_gain":59.0,"event_name":"Golden Wing","player_choice":"Gained Gold","floor":12.0,"gold_loss":0.0,"damage_taken":0.0},{"damage_healed":0.0,"max_hp_gain":0.0,"max_hp_loss":0.0,"gold_gain":0.0,"event_name":"Wheel of Change","player_choice":"Damaged","floor":27.0,"gold_loss":0.0,"damage_taken":7.0},{"damage_healed":0,"gold_gain":0,"player_choice":"Fight","damage_taken":0,"max_hp_gain":0,"max_hp_loss":0,"event_name":"MindBloom","floor":36,"gold_loss":0},{"damage_healed":0,"gold_gain":0,"player_choice":"Max HP","damage_taken":0,"max_hp_gain":0,"max_hp_loss":4,"event_name":"Winding Halls","floor":37,"gold_loss":0},{"damage_healed":0,"gold_gain":0,"player_choice":"Paid","damage_taken":0,"relics_obtained":["Red Mask"],"max_hp_gain":0,"max_hp_loss":0,"event_name":"Tomb of Lord Red Mask","floor":44,"gold_loss":4}],"is_beta":false,"boss_relics":[{"not_picked":["Runic Dome","Inserter"],"picked":"Ectoplasm"},{"not_picked":["FrozenCore","Runic Pyramid"],"picked":"Nuclear Battery"}],"items_purged_floors":[3,20],"is_endless":false,"potions_floor_spawned":[1,4,11,16,22,24,25,29,33,35,40,41,42,48,54],"killed_by":"The Heart","ascension_level":10}}