{"host":"0zwwzr7xjr1wfyy3","time":1610930766,"event":{"mods":["BaseMod","Downfall","Hermit","Marisa????????","Minty Spire (QoL Compilation)","StSLib","The Cursed","The Servant 0.9.4","Waifu the Spire"],"gold_per_floor":[117,117,93,93,107,107,134,134,134,134,134,196,210,239,239,344,344,359,375,375,391,67,67,96,96,96,96,111,121,121,137,137,241,241,253,81,81,81,96,96,116,116,116,128,152,178,190,190],"floor_reached":47,"language":"ENG","playtime":4417,"items_purged":[],"score":503,"play_id":"48cfa594-7be1-400f-a05b-e3bff3e9e01b","local_time":"20210117164606","is_ascension_mode":false,"campfire_choices":[{"data":"Potential","floor":6,"key":"SMITH"},{"data":"Potential","floor":8,"key":"SMITH"},{"data":"Exchange","floor":11,"key":"SMITH"},{"floor":15,"key":"REST"},{"data":"FlawlessForm","floor":23,"key":"SMITH"},{"floor":25,"key":"REST"},{"floor":27,"key":"REST"},{"data":"MoonPhase","floor":32,"key":"SMITH"},{"data":"Hightail","floor":40,"key":"SMITH"},{"floor":42,"key":"REST"},{"data":"DualDimension","floor":44,"key":"SMITH"}],"circlet_count":0,"master_deck":["Strike_S","Strike_S","Strike_S","Defend_S","Defend_S","Defend_S","Defend_S","KidneyShot","Exchange+1","Potential+1","Potential+1","BottledTime","ShatteredReality","Barrier","Ricochet","ReturningBlade","FlawlessForm+1","Hightail+1","Potential","TimeWarp+1","Panache","MoonPhase+1","Rearm","Alleviate","TheWorld","Starlight+1","KillingDoll","Spin","Luminosity+1","DoubleEdge","InstantArmor","Rewind+1","DualDimension+1","Parasite","Unruled+1","Defy"],"relics":["SplendidAttire","NeowsBlessing","Juzu Bracelet","Ornamental Fan","Toy Ornithopter","Blood Vial","MealTicket","Pear","Matryoshka","Black Star","MawBank","Bronze Scales"],"acts_visited":["Exordium","TheCity","TheBeyond"],"potions_floor_usage":[16,16],"damage_taken":[{"damage":0,"enemies":"Jaw Worm","floor":1,"turns":1},{"damage":0,"enemies":"Small Slimes","floor":5,"turns":1},{"damage":0,"enemies":"Gremlin Nob","floor":7,"turns":1},{"damage":19,"enemies":"3 Sentries","floor":12,"turns":9},{"damage":0,"enemies":"Cultist","floor":13,"turns":4},{"damage":17,"enemies":"3 Sentries","floor":14,"turns":7},{"damage":47,"enemies":"The Guardian","floor":16,"turns":15},{"damage":2,"enemies":"Chosen","floor":18,"turns":7},{"damage":0,"enemies":"3 Byrds","floor":19,"turns":5},{"damage":4,"enemies":"Snecko","floor":21,"turns":10},{"damage":55,"enemies":"Gremlin Leader","floor":24,"turns":10},{"damage":0,"enemies":"Chosen and Byrds","floor":28,"turns":9},{"damage":0,"enemies":"Snake Plant","floor":29,"turns":6},{"damage":0,"enemies":"Cultist and Chosen","floor":31,"turns":7},{"damage":12,"enemies":"Collector","floor":33,"turns":17},{"damage":11,"enemies":"Orb Walker","floor":35,"turns":7},{"damage":3,"enemies":"3 Shapes","floor":39,"turns":5},{"damage":28,"enemies":"Spire Growth","floor":41,"turns":7},{"damage":14,"enemies":"Writhing Mass","floor":45,"turns":9},{"damage":0,"enemies":"Maw","floor":46,"turns":11},{"damage":160,"enemies":"Giant Head","floor":47,"turns":12}],"seed_played":"4106703191331430267","potions_obtained":[{"floor":5,"key":"ColorlessPotion"},{"floor":7,"key":"hexamod:SoulburnPotion"},{"floor":12,"key":"sneckomod:MuddlingPotion"},{"floor":18,"key":"FairyPotion"},{"floor":28,"key":"SneckoOil"},{"floor":31,"key":"Explosive Potion"},{"floor":33,"key":"champ:CounterPotion"},{"floor":45,"key":"LiquidBronze"}],"is_trial":false,"path_per_floor":["M","?","$","?","M","R","E","R","T","?","R","?","M","E","R","B",null,"M","M","?","M","$","R","E","R","T","R","M","M","?","M","R","B",null,"M","$","?","$","M","R","M","R","T","R","M","M","E"],"character_chosen":"THE_SERVANT","items_purchased":["Potential","Panache","MealTicket","Luminosity","DoubleEdge","InstantArmor"],"campfire_rested":4,"item_purchase_floors":[3,22,22,36,36,36],"current_hp_per_floor":[65,65,65,65,65,65,65,65,65,59,59,40,40,23,42,7,65,63,65,65,61,61,61,18,40,40,62,64,66,66,68,68,58,75,64,75,75,75,72,72,46,68,68,68,56,58,0,0],"gold":190,"neow_bonus":"THREE_ENEMY_KILL","is_daily":false,"chose_seed":false,"campfire_upgraded":7,"win_rate":0.0,"timestamp":1610930766,"path_taken":["M","?","$","?","M","R","E","R","T","?","R","?","M","E","R","BOSS","M","M","?","M","$","R","E","R","T","R","M","M","?","M","R","BOSS","M","$","?","?","M","R","M","R","T","R","M","M","E"],"items_purchased_type":["Card","Card","Relic","Card","Card","Card"],"build_version":"2020-12-22","purchased_purges":0,"victory":false,"max_hp_per_floor":[65,65,65,65,65,65,65,65,65,65,65,65,65,65,65,65,65,65,65,65,65,65,65,75,75,75,75,75,75,75,75,75,75,75,75,75,75,75,75,75,75,75,75,75,75,75,75,75],"card_choices":[{"not_picked":["Reset","Unruled"],"picked":"Potential","floor":1},{"not_picked":["Spin","Shuttle"],"picked":"BottledTime","floor":5},{"not_picked":["Duplication","TimeWarp"],"picked":"ShatteredReality","floor":7},{"not_picked":["Luminosity","Shuttle"],"picked":"Barrier","floor":12},{"not_picked":["ShatteredReality","DoubleEdge"],"picked":"Ricochet","floor":13},{"not_picked":["Snipe","Rearm"],"picked":"ReturningBlade","floor":14},{"not_picked":["LightFlow","ForgedInTime"],"picked":"FlawlessForm","floor":16},{"not_picked":["FastForward","Potential"],"picked":"Hightail","floor":18},{"not_picked":["Gouge","Revamp"],"picked":"Potential","floor":19},{"not_picked":["Defy","FastForward"],"picked":"TimeWarp+1","floor":21},{"not_picked":["Desolation","Misdirection"],"picked":"MoonPhase","floor":24},{"not_picked":["Replace","BottledTime"],"picked":"Rearm","floor":28},{"not_picked":["Duplication","Spin+1"],"picked":"Alleviate","floor":29},{"not_picked":["Moondial","Shuttle"],"picked":"Starlight+1","floor":31},{"not_picked":["FlawlessForm","Solidify"],"picked":"KillingDoll","floor":33},{"not_picked":["Sabotage","Revamp"],"picked":"Spin","floor":35},{"not_picked":["Ricochet+1","Rearm"],"picked":"Rewind+1","floor":39},{"not_picked":["Gouge","PendulumOfEternity"],"picked":"DualDimension","floor":41},{"not_picked":["Rearm","Ricochet"],"picked":"Unruled+1","floor":45},{"not_picked":["Manipulate+1","ReturningBlade+1"],"picked":"Defy","floor":46}],"player_experience":18266,"relics_obtained":[{"floor":7,"key":"Juzu Bracelet"},{"floor":9,"key":"Ornamental Fan"},{"floor":12,"key":"Toy Ornithopter"},{"floor":14,"key":"Blood Vial"},{"floor":24,"key":"Pear"},{"floor":26,"key":"Matryoshka"},{"floor":43,"key":"MawBank"},{"floor":43,"key":"Bronze Scales"}],"event_choices":[{"damage_healed":0,"gold_gain":0,"player_choice":"Ignored","damage_taken":0,"max_hp_gain":0,"max_hp_loss":0,"event_name":"Liars Game","floor":2,"gold_loss":0},{"damage_healed":0,"gold_gain":0,"player_choice":"Leave","damage_taken":0,"max_hp_gain":0,"max_hp_loss":0,"event_name":"The Cleric","floor":4,"gold_loss":0},{"damage_healed":0,"gold_gain":0,"player_choice":"Damaged","damage_taken":6,"max_hp_gain":0,"max_hp_loss":0,"event_name":"Wheel of Change","floor":10,"gold_loss":0},{"damage_healed":0,"gold_gain":0,"player_choice":"Searched \u00271\u0027 times","damage_taken":0,"max_hp_gain":0,"max_hp_loss":0,"event_name":"Dead Adventurer","floor":12,"gold_loss":0},{"damage_healed":0,"gold_gain":0,"player_choice":"Ignored","damage_taken":0,"max_hp_gain":0,"max_hp_loss":0,"event_name":"Ghosts","floor":20,"gold_loss":0},{"damage_healed":0,"gold_gain":0,"cards_transformed":["Strike_S"],"player_choice":"Transformed","damage_taken":0,"max_hp_gain":0,"max_hp_loss":0,"event_name":"Transmorgrifier","floor":30,"gold_loss":0,"cards_obtained":["TheWorld"]},{"damage_healed":0,"gold_gain":0,"player_choice":"Upgraded","damage_taken":0,"max_hp_gain":0,"max_hp_loss":0,"event_name":"Upgrade Shrine","floor":37,"gold_loss":0,"cards_upgraded":["Luminosity"]}],"is_beta":false,"boss_relics":[{"not_picked":["Empty Cage","Sozu"],"picked":"SplendidAttire"},{"not_picked":["Runic Pyramid","Velvet Choker"],"picked":"Black Star"}],"items_purged_floors":[],"is_endless":false,"potions_floor_spawned":[5,7,12,18,28,31,33,39,45],"killed_by":"Giant Head","ascension_level":0}}