{"host":"baiuyraednrljtmn","time":1610973705,"event":{"mods":["BaseMod","Colored Map","Colored Powertips","DeckTracker","Keyboard Shortcuts","Minty Spire (QoL Compilation)","Relic Stats","StSLib","SuperFastMode","everything is the same but u backflip on backflip"],"gold_per_floor":[109,119,44,44,44,74,89,89,89],"floor_reached":8,"language":"KOR","playtime":310,"items_purged":[],"score":112,"play_id":"f12c558f-9ebe-4fc8-a669-208e1bb36cd1","local_time":"20210118214145","is_ascension_mode":true,"campfire_choices":[],"circlet_count":0,"master_deck":["AscendersBane","Strike_G","Strike_G+1","Strike_G","Defend_G","Defend_G+1","Defend_G","Defend_G","Defend_G","Survivor","Neutralize","Heel Hook","Endless Agony","Dash","Bouncing Flask","Crippling Poison"],"relics":["Ring of the Snake","Anchor"],"acts_visited":["Exordium"],"potions_floor_usage":[8],"damage_taken":[{"damage":0.0,"enemies":"2 Louse","floor":1.0,"turns":4.0},{"damage":7.0,"enemies":"Small Slimes","floor":2.0,"turns":4.0},{"damage":33.0,"enemies":"3 Sentries","floor":6.0,"turns":12.0},{"damage":0,"enemies":"Jaw Worm","floor":7,"turns":3},{"damage":12,"enemies":"Lagavulin","floor":8,"turns":3}],"seed_played":"-4532218022393831401","potions_obtained":[{"floor":1.0,"key":"SteroidPotion"},{"floor":7,"key":"LiquidMemories"}],"is_trial":false,"path_per_floor":["M","M","?","?","?","E","M","E"],"character_chosen":"THE_SILENT","items_purchased":[],"campfire_rested":0,"item_purchase_floors":[],"current_hp_per_floor":[59,52,52,57,36,3,3,0,0],"gold":89,"neow_bonus":"TRANSFORM_TWO_CARDS","is_daily":false,"chose_seed":false,"campfire_upgraded":0,"win_rate":0.0,"timestamp":1610973705,"path_taken":["M","M","?","?","?","E","M","E"],"items_purchased_type":[],"build_version":"2020-12-22","purchased_purges":0,"victory":false,"max_hp_per_floor":[66,66,66,71,71,71,71,71,71],"relic_stats":{"counters":[5,26],"obtain_stats":[{"Anchor":6,"Ring of the Snake":0},{"Anchor":3,"Ring of the Snake":0},{"Anchor":20,"Ring of the Snake":0}],"Ring of the Snake":[10]},"card_choices":[{"not_picked":["Terror","Deflect"],"picked":"Dash","floor":1.0},{"not_picked":["Dodge and Roll","Backflip"],"picked":"Bouncing Flask","floor":2.0},{"not_picked":["Deadly Poison","Dagger Spray","Predator"],"picked":"SKIP","floor":6.0},{"not_picked":["PiercingWail","Flechettes"],"picked":"Crippling Poison","floor":7}],"player_experience":1427198,"relics_obtained":[{"floor":6.0,"key":"Anchor"}],"event_choices":[{"cards_removed":["Doubt"],"damage_healed":0.0,"max_hp_gain":0.0,"max_hp_loss":0.0,"gold_gain":0.0,"event_name":"The Cleric","player_choice":"Card Removal","floor":3.0,"gold_loss":75.0,"damage_taken":0.0},{"damage_healed":0.0,"max_hp_gain":5.0,"max_hp_loss":0.0,"gold_gain":0.0,"event_name":"Big Fish","player_choice":"Donut","floor":4.0,"gold_loss":0.0,"damage_taken":0.0},{"damage_healed":0.0,"max_hp_gain":0.0,"max_hp_loss":0.0,"gold_gain":0.0,"event_name":"Shining Light","player_choice":"Entered Light","floor":5.0,"gold_loss":0.0,"damage_taken":21.0,"cards_upgraded":["Defend_G","Strike_G"]}],"is_beta":false,"boss_relics":[],"items_purged_floors":[],"is_endless":false,"potions_floor_spawned":[1,7],"killed_by":"Lagavulin","ascension_level":20}}