{"host":"hzinic87vu8p95wn","time":1610977577,"event":{"mods":["BaseMod","Minty Spire (QoL Compilation)"],"gold_per_floor":[114,114,114,5,20,52,79,79,104,104,122,151,151,171,171,248,248,248,248],"floor_reached":18,"language":"ENG","playtime":418,"items_purged":[],"score":414,"play_id":"82797165-7861-42d9-9d7c-8609558f99a0","local_time":"20210119004617","is_ascension_mode":true,"campfire_choices":[{"data":"Eruption","floor":8.0,"key":"SMITH"},{"data":"FearNoEvil","floor":10.0,"key":"SMITH"},{"data":"Omniscience","floor":15.0,"key":"SMITH"}],"circlet_count":0,"master_deck":["AscendersBane","Strike_P","Strike_P","Strike_P","Strike_P","Defend_P","Defend_P","Defend_P","Defend_P","Eruption+1","Vigilance","ReachHeaven","FearNoEvil+1","EmptyFist","JustLucky","BattleHymn","Prostrate","CutThroughFate","Alpha","Omniscience+1","Judgement"],"relics":["PureWater","NeowsBlessing","Incense Burner","Odd Mushroom","Omamori","Mummified Hand","Busted Crown"],"acts_visited":["Exordium","TheCity"],"potions_floor_usage":[16],"damage_taken":[{"damage":0.0,"enemies":"Jaw Worm","floor":1.0,"turns":1.0},{"damage":0.0,"enemies":"Small Slimes","floor":5.0,"turns":2.0},{"damage":0.0,"enemies":"Lagavulin","floor":6.0,"turns":1.0},{"damage":13.0,"enemies":"The Mushroom Lair","floor":7.0,"turns":4.0},{"damage":0.0,"enemies":"Cultist","floor":11.0,"turns":2.0},{"damage":0.0,"enemies":"Gremlin Nob","floor":12.0,"turns":2.0},{"damage":5.0,"enemies":"3 Louse","floor":14.0,"turns":4.0},{"damage":22,"enemies":"The Guardian","floor":16,"turns":7},{"damage":0,"enemies":"2 Thieves","floor":18,"turns":1}],"seed_played":"8653204588779438253","potions_obtained":[{"floor":1.0,"key":"BlessingOfTheForge"},{"floor":5.0,"key":"BottledMiracle"},{"floor":16,"key":"LiquidBronze"}],"is_trial":false,"path_per_floor":["M","?","?","$","M","E","?","R","T","R","M","E","?","M","R","B",null,"M"],"character_chosen":"WATCHER","items_purchased":["FearNoEvil","EmptyFist"],"campfire_rested":0,"item_purchase_floors":[4,4],"current_hp_per_floor":[61,66,66,66,66,66,53,53,53,53,53,53,53,48,48,26,61,61,61],"gold":248,"neow_bonus":"THREE_ENEMY_KILL","is_daily":false,"chose_seed":false,"campfire_upgraded":3,"win_rate":0.0,"timestamp":1610977577,"path_taken":["M","?","?","?","?","E","?","R","T","R","M","E","?","M","R","BOSS","M"],"items_purchased_type":["Card","Card"],"build_version":"2020-12-22","purchased_purges":0,"victory":false,"max_hp_per_floor":[68,73,73,73,73,73,73,73,73,73,73,73,73,73,73,73,73,73,73],"card_choices":[{"not_picked":["FlyingSleeves","SignatureMove"],"picked":"ReachHeaven","floor":1.0},{"not_picked":["CrushJoints","EmptyFist"],"picked":"JustLucky","floor":5.0},{"not_picked":["FlyingSleeves","Fasting2","Protect"],"picked":"SKIP","floor":6.0},{"not_picked":["Halt","CrushJoints"],"picked":"BattleHymn","floor":11.0},{"not_picked":["Meditate","EmptyMind"],"picked":"Prostrate","floor":12.0},{"not_picked":["Wireheading","ThirdEye"],"picked":"Omniscience","floor":14.0},{"not_picked":["Wish","Brilliance"],"picked":"Judgement","floor":16}],"player_experience":1583264,"relics_obtained":[{"floor":6.0,"key":"Incense Burner"},{"floor":7.0,"key":"Odd Mushroom"},{"floor":9.0,"key":"Omamori"},{"floor":12.0,"key":"Mummified Hand"}],"event_choices":[{"damage_healed":0.0,"max_hp_gain":5.0,"max_hp_loss":0.0,"gold_gain":0.0,"event_name":"Big Fish","player_choice":"Donut","floor":2.0,"gold_loss":0.0,"damage_taken":0.0},{"damage_healed":0.0,"max_hp_gain":0.0,"max_hp_loss":0.0,"gold_gain":0.0,"event_name":"The Cleric","player_choice":"Leave","floor":3.0,"gold_loss":0.0,"damage_taken":0.0},{"damage_healed":0.0,"max_hp_gain":0.0,"max_hp_loss":0.0,"gold_gain":0.0,"event_name":"Mushrooms","player_choice":"Fought Mushrooms","floor":7.0,"gold_loss":0.0,"damage_taken":0.0},{"damage_healed":0.0,"max_hp_gain":0.0,"max_hp_loss":0.0,"gold_gain":0.0,"event_name":"Match and Keep!","player_choice":"2 cards matched","floor":13.0,"gold_loss":0.0,"damage_taken":0.0,"cards_obtained":["CutThroughFate","Alpha"]}],"is_beta":false,"boss_relics":[{"not_picked":["Tiny House","Coffee Dripper"],"picked":"Busted Crown"}],"items_purged_floors":[],"is_endless":false,"potions_floor_spawned":[1,5,16],"killed_by":"2 Thieves","ascension_level":18}}