{"host":"q9718omregw4er46","time":1610989729,"event":{"mods":["BaseMod","Bestiary","Colored Powertips","Minty Spire (QoL Compilation)","Quick Restart","Relic Stats"],"gold_per_floor":[10,30,30,30,46,46,79,29,55,74,105,105,129,174,174,297,297,347,547,572,617,647,647],"floor_reached":22,"language":"ENG","playtime":802,"items_purged":[],"score":446,"play_id":"4d0197fa-5a8f-4924-ad0c-5cb4205123bb","local_time":"20210118220849","is_ascension_mode":true,"campfire_choices":[{"data":"EmptyFist","floor":6.0,"key":"SMITH"},{"data":"SashWhip","floor":12.0,"key":"SMITH"},{"data":"Wish","floor":15.0,"key":"SMITH"}],"circlet_count":0,"master_deck":["AscendersBane","Strike_P","Strike_P","Strike_P","Strike_P","Defend_P","Defend_P+1","Defend_P","Defend_P","Eruption","Vigilance","Tantrum+1","EmptyFist+1","WheelKick","Halt","SashWhip+1","Wish+1","LessonLearned","ThirdEye"],"relics":["PureWater","Incense Burner","Golden Idol","Dream Catcher","Art of War","Anchor","Smiling Mask","Sozu"],"acts_visited":["Exordium","TheCity"],"potions_floor_usage":[22],"damage_taken":[{"damage":13.0,"enemies":"2 Louse","floor":1.0,"turns":4.0},{"damage":0.0,"enemies":"Jaw Worm","floor":2.0,"turns":3.0},{"damage":0.0,"enemies":"Cultist","floor":5.0,"turns":2.0},{"damage":10.0,"enemies":"3 Sentries","floor":7.0,"turns":3.0},{"damage":0.0,"enemies":"Red Slaver","floor":10.0,"turns":4.0},{"damage":0.0,"enemies":"Lagavulin","floor":11.0,"turns":3.0},{"damage":0.0,"enemies":"Gremlin Gang","floor":13.0,"turns":3.0},{"damage":0.0,"enemies":"2 Fungi Beasts","floor":14.0,"turns":4.0},{"damage":30.0,"enemies":"The Guardian","floor":16.0,"turns":14.0},{"damage":31.0,"enemies":"Chosen","floor":18.0,"turns":4.0},{"damage":0.0,"enemies":"Shell Parasite","floor":20.0,"turns":8.0},{"damage":7,"enemies":"Centurion and Healer","floor":21,"turns":6},{"damage":15,"enemies":"Snake Plant","floor":22,"turns":4}],"seed_played":"5158559721544040663","potions_obtained":[{"floor":5.0,"key":"EssenceOfSteel"},{"floor":7.0,"key":"Swift Potion"},{"floor":10.0,"key":"AttackPotion"},{"floor":11.0,"key":"FearPotion"}],"is_trial":false,"path_per_floor":["M","M","?","T","M","R","E","$","T","M","E","R","M","M","R","B",null,"M","?","M","M","M"],"character_chosen":"WATCHER","items_purchased":["Halt"],"campfire_rested":0,"item_purchase_floors":[8],"current_hp_per_floor":[48,48,48,48,48,48,38,38,38,38,38,38,38,38,38,8,49,18,18,18,11,0,0],"gold":647,"neow_bonus":"ONE_RARE_RELIC","is_daily":false,"chose_seed":false,"campfire_upgraded":3,"win_rate":0.0,"timestamp":1610989729,"path_taken":["M","M","?","?","M","R","E","$","T","?","E","R","M","M","R","BOSS","M","?","M","?","M"],"items_purchased_type":["Card"],"build_version":"2020-12-22","purchased_purges":0,"victory":false,"max_hp_per_floor":[68,68,62,62,62,62,62,62,62,62,62,62,62,62,62,62,62,62,62,62,62,62,62],"relic_stats":{"Sozu":1,"Dream Catcher":0,"counters":[13,62],"Golden Idol":60,"Art of War":[8],"Smiling Mask":0,"obtain_stats":[{"Sozu":17,"Dream Catcher":4,"Anchor":9,"Golden Idol":3,"Incense Burner":0,"Art of War":7,"PureWater":0,"Smiling Mask":11},{"Sozu":9,"Dream Catcher":2,"Anchor":4,"Golden Idol":2,"Incense Burner":0,"Art of War":4,"PureWater":0,"Smiling Mask":6},{"Sozu":40,"Dream Catcher":7,"Anchor":12,"Golden Idol":7,"Incense Burner":0,"Art of War":12,"PureWater":0,"Smiling Mask":19}]},"card_choices":[{"not_picked":["Consecrate","FearNoEvil"],"picked":"Tantrum","floor":1.0},{"not_picked":["Swivel","EmptyBody"],"picked":"EmptyFist","floor":2.0},{"not_picked":["FollowUp","PathToVictory"],"picked":"WheelKick","floor":5.0},{"not_picked":["SpiritShield","Evaluate","ForeignInfluence"],"picked":"SKIP","floor":7.0},{"not_picked":["Crescendo","Consecrate"],"picked":"SashWhip","floor":10.0},{"not_picked":["Protect","ClearTheMind","Prostrate"],"picked":"SKIP","floor":11.0},{"not_picked":["FlurryOfBlows","ThirdEye"],"picked":"Wish","floor":13.0},{"not_picked":["CrushJoints","EmptyBody","FollowUp"],"picked":"SKIP","floor":14.0},{"not_picked":["SpiritShield","Omniscience"],"picked":"LessonLearned","floor":16.0},{"not_picked":["SashWhip","BowlingBash","FollowUp"],"picked":"SKIP","floor":18.0},{"not_picked":["Protect+1","CrushJoints","JustLucky"],"picked":"SKIP","floor":20.0},{"not_picked":["PathToVictory","Collect"],"picked":"ThirdEye","floor":21}],"player_experience":1220125,"relics_obtained":[{"floor":4.0,"key":"Dream Catcher"},{"floor":7.0,"key":"Art of War"},{"floor":9.0,"key":"Anchor"},{"floor":11.0,"key":"Smiling Mask"}],"event_choices":[{"damage_healed":0.0,"max_hp_gain":0.0,"max_hp_loss":6.0,"gold_gain":0.0,"event_name":"Golden Idol","player_choice":"Lose Max HP","floor":3.0,"gold_loss":0.0,"damage_taken":0.0,"relics_obtained":["Golden Idol"]},{"damage_healed":0.0,"max_hp_gain":0.0,"max_hp_loss":0.0,"gold_gain":200.0,"event_name":"Wheel of Change","player_choice":"Gold","floor":19.0,"gold_loss":0.0,"damage_taken":0.0}],"is_beta":false,"boss_relics":[{"not_picked":["SacredBark","Tiny House"],"picked":"Sozu"}],"items_purged_floors":[],"is_endless":false,"potions_floor_spawned":[5,7,10,11,18],"killed_by":"Snake Plant","ascension_level":20}}