{"host":"pec1bvkeldr5yzx1","time":1610963252,"event":{"mods":["ATMod(°¢èªMod)","AchievementEnabler","Act Like it!","Ascension Reborn","Aspiration","BaseMod","Better Altar","Better Match","Better Sensory Stone","Better Skull","Better Vampires","BetterRewards","Conspire","Dota2Spire","Energized Spire","Friendly Minions","GifTheSpireLib","Hubris","Minty Spire (QoL Compilation)","Replay The Spire","Spicy Shops","Spikes Relics","StSLib","Stuff the Spire","SuperFastMode","The Dragon Tamer","vexMod","óô»ðÖ¸ÄÏ"],"gold_per_floor":[113,188,188,203,217,244,244,263,288,301,301,312,330,348,348,443,443,463,463,463,388,352,86,112,112,137,137,148,168,218,236,236,337,337,428,428,518,620,620,620],"floor_reached":38,"language":"ZHS","playtime":2095,"items_purged":["Pain"],"score":452,"play_id":"bb282ebe-9917-41a7-9acb-89fafe52ee35","local_time":"20210118174732","is_ascension_mode":true,"metric_token":1815,"campfire_choices":[{"floor":7,"key":"RECALL"},{"floor":15,"key":"DIG"},{"data":"hubris:EnhanceAbility","floor":25,"key":"SMITH"},{"floor":32,"key":"REST"}],"dtmod_dragon_data":[1,50,1,4,12,3],"circlet_count":0,"master_deck":["DTMod:Strike","DTMod:Strike","DTMod:Strike","DTMod:Strike","DTMod:DoubleHit","DTMod:TargetDefense","DTMod:TargetDefense","DTMod:TargetDefense","DTMod:TargetDefense","DTMod:SwitchingTactic","DTMod:SneakAttack","DTMod:Cover","DTMod:Haste","DTMod:CrossStep","DTMod:ForkedFire","DTMod:BurningForce","DTMod:Observe","DTMod:BurningEnergy","DTMod:Punisher","DTMod:HeatWave","DTMod:ShieldDrain","DTMod:DeepFocus","DTMod:ComboAttack","DTMod:MaximumCharge","DTMod:GearUp","DTMod:MagicField","DTMod:BreakAttack","DTMod:CrossStep","DTMod:CrossStep","hubris:EnhanceAbility+1","DTMod:DragonDance","DTMod:BizarreTactic","DTMod:PurifyingFlame","Doubt","DTMod:Conduct","Parasite","DTMod:SealedStrike","DTMod:BurningEnergy+1","Spreading Infection","DTMod:LowKick+1","Doubt"],"relics":["DTMod:PactStone","AT_ATBox","Bag of Marbles","ExplosiveVial","Lee\u0027s Waffle","aspiration:FrozenJewel","Bottled Tornado","Dota2Spire:ArcaneBoots","DTMod:BasicTextbook","AT_TrinityForce","hubris:Icosahedron","Replay:Wax Seal","DTMod:AncientBone","Ring of Hypnosis","Ring of Greed","Replay:Bandana","Blue Doll","Coffee Dripper"],"acts_visited":["Exordium","TheCity","TheBeyond"],"potions_floor_usage":[8,12,14,16,16,16,16,16,16,24,29,33],"damage_taken":[{"damage":0.0,"enemies":"Small Slimes","floor":1.0,"turns":2.0},{"damage":0,"enemies":"Cultist","floor":4,"turns":2},{"damage":5,"enemies":"conspire:RoseBush","floor":5,"turns":1},{"damage":16,"enemies":"3 Sentries","floor":6,"turns":4},{"damage":0,"enemies":"Lots of Slimes","floor":8,"turns":2},{"damage":0,"enemies":"3 Louse","floor":10,"turns":3},{"damage":0,"enemies":"Blue Slaver","floor":12,"turns":1},{"damage":0,"enemies":"Exordium Thugs","floor":13,"turns":2},{"damage":0,"enemies":"Red Slaver","floor":14,"turns":1},{"damage":17,"enemies":"The Guardian","floor":16,"turns":8},{"damage":3,"enemies":"Spheric Guardian","floor":18,"turns":3},{"damage":0,"enemies":"conspire:FuzzyDice","floor":22,"turns":3},{"damage":0,"enemies":"conspire:Head Lice","floor":24,"turns":6},{"damage":0,"enemies":"Sentry and Sphere","floor":28,"turns":5},{"damage":3,"enemies":"3 Cultists","floor":29,"turns":7},{"damage":0,"enemies":"Centurion and Healer","floor":31,"turns":1},{"damage":4,"enemies":"Collector","floor":33,"turns":7},{"damage":0,"enemies":"3 Shapes","floor":35,"turns":4},{"damage":0,"enemies":"3 Darklings","floor":37,"turns":4},{"damage":35,"enemies":"Transient","floor":38,"turns":5}],"seed_played":"-380153250125638631","potions_obtained":[{"floor":5,"key":"SpeedPotion"},{"floor":10,"key":"SteroidPotion"},{"floor":11,"key":"Fire Potion"},{"floor":11,"key":"SteroidPotion"},{"floor":12,"key":"EntropicBrew"},{"floor":16,"key":"Block Potion"},{"floor":28,"key":"Venom Potion"},{"floor":31,"key":"Milkshake"},{"floor":33,"key":"SpeedPotion"},{"floor":38,"key":"SmokeBomb"}],"is_trial":false,"path_per_floor":["M","?","?","M","M","E","R","M","T","M","?","M","M","M","R","B",null,"M","?","?","?","M","R","E","R","T","T","M","M","?","M","R","B",null,"M","?","M","M"],"character_chosen":"THE_DT","items_purchased":["Bag of Marbles","ExplosiveVial","Lee\u0027s Waffle","aspiration:FrozenJewel","DTMod:SneakAttack","DTMod:Cover","DTMod:Haste","DTMod:CrossStep","DTMod:ForkedFire","DTMod:CrossStep","hubris:EnhanceAbility"],"campfire_rested":1,"item_purchase_floors":[0,0,0,0,0,0,0,0,0,23,23],"current_hp_per_floor":[52,41,41,41,36,20,20,20,20,20,20,20,20,20,20,3,52,49,49,49,49,49,49,49,49,49,49,49,46,46,46,52,48,52,52,52,52,17,17,17],"gold":620,"neow_bonus":"","is_daily":false,"chose_seed":false,"campfire_upgraded":1,"win_rate":0.0,"timestamp":1610963252,"path_taken":["M","?","?","M","M","E","R","?","T","M","?","?","M","M","R","BOSS","M","?","?","?","?","R","E","R","T","?","M","M","?","M","R","BOSS","M","?","M","?"],"items_purchased_type":["Relic","Relic","Relic","Relic","Card","Card","Card","Card","Card","Card","Card"],"build_version":"2020-12-22","purchased_purges":1,"victory":false,"max_hp_per_floor":[52,52,52,52,52,52,52,52,52,52,52,52,52,52,52,52,52,52,52,52,52,52,52,52,52,52,52,52,52,52,52,52,52,52,52,52,52,52,52,52],"card_choices":[{"not_picked":["DTMod:ComboAttack","DTMod:BuildUp"],"picked":"DTMod:BurningForce","floor":1.0},{"not_picked":["DTMod:BuildUp","DTMod:HeatWave"],"picked":"DTMod:Observe","floor":4},{"not_picked":["DTMod:BuildUp","DTMod:Threaten"],"picked":"DTMod:BurningEnergy","floor":5},{"not_picked":["DTMod:Shift","DTMod:ExcessFootwork"],"picked":"DTMod:Punisher","floor":6},{"not_picked":["DTMod:BuildUp","DTMod:Threaten"],"picked":"DTMod:HeatWave","floor":8},{"not_picked":["DTMod:BlazingStrike","DTMod:BizarreTactic"],"picked":"DTMod:ShieldDrain","floor":10},{"not_picked":["DTMod:Threaten","DTMod:HeatWave"],"picked":"DTMod:DeepFocus","floor":12},{"not_picked":["DTMod:Hide","DTMod:Weaken"],"picked":"DTMod:ComboAttack","floor":13},{"not_picked":["DTMod:BizarreTactic","DTMod:DarkBreath"],"picked":"DTMod:MaximumCharge","floor":14},{"not_picked":["DTMod:SealedStrike","DTMod:StunTrap"],"picked":"DTMod:GearUp","floor":16},{"not_picked":["DTMod:ForkedFire+1","DTMod:BreakAttack"],"picked":"DTMod:MagicField","floor":18},{"not_picked":["DTMod:BlazingStrike","DTMod:Weaken+1"],"picked":"DTMod:BreakAttack","floor":22},{"not_picked":["DTMod:StarRain","DTMod:MagicField"],"picked":"DTMod:DragonDance","floor":24},{"not_picked":["DTMod:BlazingStrike+1","DTMod:Adaptation"],"picked":"DTMod:BizarreTactic","floor":28},{"not_picked":["DTMod:ComboAttack","DTMod:Hide"],"picked":"DTMod:PurifyingFlame","floor":29},{"not_picked":["DTMod:Cover","DTMod:DarkBreath"],"picked":"DTMod:Conduct","floor":31},{"not_picked":["DTMod:Multitask","DTMod:ExcessFootwork"],"picked":"DTMod:SealedStrike","floor":33},{"not_picked":["DTMod:ComboAttack","DTMod:BreakAttack+1"],"picked":"DTMod:BurningEnergy+1","floor":35},{"not_picked":["DTMod:CleansingStrike+1","DTMod:MagicField"],"picked":"DTMod:LowKick+1","floor":37}],"player_experience":86084,"relics_obtained":[{"floor":6,"key":"Bottled Tornado"},{"floor":9,"key":"Dota2Spire:ArcaneBoots"},{"floor":15,"key":"DTMod:BasicTextbook"},{"floor":24,"key":"Replay:Wax Seal"},{"floor":27,"key":"DTMod:AncientBone"},{"floor":30,"key":"Ring of Hypnosis"},{"floor":30,"key":"Ring of Greed"},{"floor":30,"key":"Replay:Bandana"},{"floor":30,"key":"Blue Doll"}],"event_choices":[{"damage_healed":0.0,"max_hp_gain":0.0,"max_hp_loss":0.0,"gold_gain":75.0,"event_name":"World of Goop","player_choice":"Gather Gold","floor":2.0,"gold_loss":0.0,"damage_taken":11.0},{"damage_healed":0,"gold_gain":0,"player_choice":"Ignored","damage_taken":0,"max_hp_gain":0,"max_hp_loss":0,"event_name":"Purifier","floor":3,"gold_loss":0},{"damage_healed":0,"gold_gain":0,"player_choice":"Got Potions","damage_taken":0,"max_hp_gain":0,"max_hp_loss":0,"event_name":"Lab","floor":11,"gold_loss":0},{"damage_healed":0,"gold_gain":0,"player_choice":"3","damage_taken":0,"max_hp_gain":0,"max_hp_loss":0,"event_name":"betterMatch:BetterMatch","floor":21,"gold_loss":0,"cards_obtained":[]},{"damage_healed":0,"gold_gain":0,"player_choice":"Ignored","damage_taken":0,"max_hp_gain":0,"max_hp_loss":0,"event_name":"SecretPortal","floor":36,"gold_loss":0}],"is_beta":false,"boss_relics":[{"not_picked":["ReplayTheSpireMod:DimensionalGlitch","vexMod:RockOfEvil"],"picked":"AT_TrinityForce"},{"not_picked":["energizedSpire:DeadBattery","Kintsugi"],"picked":"Coffee Dripper"}],"items_purged_floors":[0],"is_endless":false,"potions_floor_spawned":[5,10,12,16,28,31,33,38],"killed_by":"Transient","ascension_level":0}}