{"host":"tm3ghj8mno6gwywm","time":1610992996,"event":{"mods":["2.2 Compatiblity","AchievementEnabler","Bard","BaseMod","Beaked The Cultist","Better Third Choice","Colored Map","Colored Powertips","Conspire","Downfall","Glutton Mod","GungeonMod","Halation","Hermit","Hubris","Infinite Spire","Jorbs\u0027s Wanderer Trilogy","Mad Scientist","Marisa????????","Marked Mod","Mimic Mod","Minty Spire (QoL Compilation)","Potionbrewer","Quick Restart","Shade Mod","Shop Mod","Somnambulant","Spicy Shops","StSLib","SuperFastMode","The Bug Knight","The Construct","The Cursed","The Disciple","The Factory","The Hierophant","The IronCluck","The Judge","The Jungle","The Necromancer","The Runesmith","The Servant 0.9.4","egg"],"gold_per_floor":[99,114,132,84,42,42,42,74,74,86,99,125,125,125,136,136,136],"floor_reached":16,"language":"ENG","playtime":589,"items_purged":[],"score":110,"play_id":"aefa0abd-0648-4c8f-9bfe-581cf8201e2e","local_time":"20210118130316","is_ascension_mode":false,"campfire_choices":[{"floor":1,"key":"RECALL"},{"data":"bronze:Replicate","floor":6,"key":"SMITH"},{"floor":9,"key":"REST"}],"circlet_count":0,"master_deck":["bronze:Strike","bronze:Strike","bronze:Strike","bronze:Strike","bronze:Defend","bronze:Defend","bronze:Defend","bronze:Defend","bronze:Replicate+1","bronze:Goto","bronze:DelayedGuard+1","bronze:DarkDash+1","bronze:BuggyMess+1","bronze:Verify+1","bronze:Constructor+1","bronze:FindAndReplace+1","bronze:Separator+1","bronze:BronzeArmor+1","bronze:BronzeOrb+1","bronze:Philosophize+1","bronze:HardenedForm+1","bronze:GetLatest+1"],"relics":["bronze:BronzeCore","WingedGreaves","Lizard Tail","Mummified Hand","Black Star","Molten Egg 2","Toxic Egg 2","Frozen Egg 2","Membership Card","Runesmith:AutoHammer","Blood Vial","Molten Egg 2","potionbrewer:ToyAutogyro","hubris:Icosahedron"],"acts_visited":["Exordium"],"potions_floor_usage":[5,8,12],"damage_taken":[{"damage":2,"enemies":"2 Louse","floor":2,"turns":3},{"damage":0,"enemies":"Small Slimes","floor":3,"turns":4},{"damage":0,"enemies":"downfall:FleeingMerchant","floor":4,"turns":4},{"damage":0,"enemies":"downfall:FleeingMerchant","floor":5,"turns":4},{"damage":56,"enemies":"Gremlin Nob","floor":8,"turns":7},{"damage":0,"enemies":"Cultist","floor":10,"turns":2},{"damage":0,"enemies":"2 Fungi Beasts","floor":11,"turns":3},{"damage":21,"enemies":"Lagavulin","floor":12,"turns":4},{"damage":7,"enemies":"Exordium Wildlife","floor":15,"turns":3},{"damage":93,"enemies":"IC_STATUS_ARCHETYPE","floor":16,"turns":13}],"seed_played":"-211327776416112841","potions_obtained":[{"floor":0,"key":"potionbrewer:InfectionPotion"},{"floor":0,"key":"Strength Potion"},{"floor":0,"key":"bronze:FreeFunctionsPotion"},{"floor":8,"key":"SpeedPotion"},{"floor":11,"key":"AttackPotion"}],"is_trial":false,"path_per_floor":["R","M","M","$","$","R","T","E","R","M","M","E","?","?","M","B"],"character_chosen":"THE_AUTOMATON","items_purchased":["bronze:Verify+1","bronze:Constructor+1","bronze:Separator+1"],"campfire_rested":1,"item_purchase_floors":[4,4,5],"current_hp_per_floor":[70,68,68,68,68,68,68,12,33,35,37,18,18,18,13,0,0],"gold":136,"neow_bonus":"THREE_SMALL_POTIONS","is_daily":false,"chose_seed":false,"campfire_upgraded":1,"win_rate":0.0,"timestamp":1610992996,"path_taken":["R","M","M","$","$","R","T","E","R","M","M","E","?","?","M","BOSS"],"items_purchased_type":["Card","Card","Card"],"build_version":"2020-12-22","purchased_purges":0,"victory":false,"max_hp_per_floor":[70,70,70,70,70,70,70,70,70,70,70,70,70,70,70,70,70],"card_choices":[{"not_picked":["bronze:FineTuning+1","bronze:Deprecate+1"],"picked":"bronze:DelayedGuard+1","floor":2},{"not_picked":["bronze:WhirlingStrike+1","bronze:BugBarrage+1"],"picked":"bronze:DarkDash+1","floor":3},{"not_picked":["bronze:CutThrough+1","bronze:Flail+1"],"picked":"bronze:BuggyMess+1","floor":4},{"not_picked":["bronze:ChosenStrike+1","bronze:Frontload+1"],"picked":"bronze:FindAndReplace+1","floor":5},{"not_picked":["bronze:Turbo+1","bronze:Separator+1"],"picked":"bronze:BronzeArmor+1","floor":8},{"not_picked":["bronze:CutThrough+1","bronze:Frontload+1"],"picked":"bronze:BronzeOrb+1","floor":10},{"not_picked":["bronze:BitShift+1","bronze:FollowUp+1"],"picked":"bronze:Philosophize+1","floor":11},{"not_picked":["bronze:Verify+1","bronze:Deprecate+1"],"picked":"bronze:HardenedForm+1","floor":12},{"not_picked":["bronze:DelayedGuard+1","bronze:CutThrough+1"],"picked":"bronze:GetLatest+1","floor":15}],"player_experience":814818,"relics_obtained":[{"floor":8,"key":"Runesmith:AutoHammer"},{"floor":8,"key":"Blood Vial"},{"floor":12,"key":"Molten Egg 2"},{"floor":12,"key":"potionbrewer:ToyAutogyro"}],"event_choices":[{"damage_healed":0,"gold_gain":0,"player_choice":"Leave","damage_taken":0,"max_hp_gain":0,"max_hp_loss":0,"event_name":"conspire:Investor","floor":13,"gold_loss":0}],"is_beta":false,"boss_relics":[],"items_purged_floors":[],"is_endless":false,"potions_floor_spawned":[2,8,11],"killed_by":"IC_STATUS_ARCHETYPE","ascension_level":0}}