{"host":"u9xtr94typ21duox","time":1610977686,"event":{"mods":["BaseMod","Key Reminder","KinomotoSakuraMod(木之本樱)","LagranYue(拉格朗・月)","Marisa（F雨　魔理沙）","Minty Spire (QoL Compilation)","Reimu（博丽灵梦）","Remilia（蕾米莉亚）","Replay The Spire","StSLib","Td1madao Mod","The Administrix","The Bladedancer","The Bug Knight","The Construct","The Cursed","The Gatherer","The Runesmith","The Servant 0.9.4","WarShipGirlsR/战舰少女R mod","Youmu（魂魄妖梦）","vexMod"],"gold_per_floor":[368,69,69,81,81,115,115,146,192,196,196],"floor_reached":10,"language":"ZHS","playtime":1316,"items_purged":["Strike_R"],"score":70,"play_id":"1677575b-0b24-4783-aeb4-846ae8862e14","local_time":"20210118214806","is_ascension_mode":true,"campfire_choices":[{"data":"Searing Blow","floor":7,"key":"SMITH"}],"circlet_count":0,"master_deck":["Strike_R","Strike_R","Strike_R","Defend_R","Defend_R","Defend_R","Defend_R","Bash","Infernal Blade","Searing Blow+1"],"relics":["Burning Blood","LagranYue:RandomDrawCardRelic","Blood Vial","Replay:Bandana","Odd Mushroom","MealTicket"],"acts_visited":["Exordium"],"potions_floor_usage":[],"damage_taken":[{"damage":14,"enemies":"2 Louse","floor":1,"turns":4},{"damage":5,"enemies":"Small Slimes","floor":4,"turns":3},{"damage":20,"enemies":"Gremlin Nob","floor":6,"turns":4},{"damage":26,"enemies":"The Mushroom Lair","floor":8,"turns":4},{"damage":16,"enemies":"Lagavulin","floor":10,"turns":7}],"seed_played":"8004269370146632220","potions_obtained":[{"floor":4,"key":"Milkshake"}],"is_trial":false,"path_per_floor":["M","$","?","M","?","E","R","?","T","E"],"character_chosen":"IRONCLAD","items_purchased":["Blood Vial","Searing Blow"],"campfire_rested":0,"item_purchase_floors":[2,2],"current_hp_per_floor":[48,48,53,56,49,37,37,19,19,5,5],"gold":196,"neow_bonus":"TWO_FIFTY_GOLD","is_daily":false,"chose_seed":false,"campfire_upgraded":1,"win_rate":0.0,"timestamp":1610977686,"path_taken":["M","$","?","M","?","E","R","?","T","E"],"items_purchased_type":["Relic","Card"],"build_version":"2020-12-22","purchased_purges":1,"victory":false,"max_hp_per_floor":[80,80,85,85,85,85,85,85,85,85,85],"card_choices":[{"not_picked":["Clothesline","Sword Boomerang"],"picked":"Infernal Blade","floor":1},{"not_picked":["Cleave","Run Through","Power Through"],"picked":"SKIP","floor":4},{"not_picked":["Defy Death","ReplayReversal","Wild Strike"],"picked":"SKIP","floor":6}],"player_experience":313266,"relics_obtained":[{"floor":6,"key":"Replay:Bandana"},{"floor":8,"key":"Odd Mushroom"},{"floor":9,"key":"MealTicket"}],"event_choices":[{"damage_healed":0,"gold_gain":0,"player_choice":"Donut","damage_taken":0,"max_hp_gain":5,"max_hp_loss":0,"event_name":"Big Fish","floor":3,"gold_loss":0},{"cards_removed":["Strike_R"],"damage_healed":0,"gold_gain":0,"player_choice":"Card Removal","damage_taken":7,"max_hp_gain":0,"max_hp_loss":0,"event_name":"Golden Wing","floor":5,"gold_loss":0},{"damage_healed":0,"gold_gain":0,"player_choice":"Fought Mushrooms","damage_taken":0,"max_hp_gain":0,"max_hp_loss":0,"event_name":"Mushrooms","floor":8,"gold_loss":0}],"is_beta":false,"boss_relics":[],"items_purged_floors":[2],"is_endless":false,"potions_floor_spawned":[4],"killed_by":"Lagavulin","ascension_level":2}}