{"host":"7l2t4psy44vpcd9q","time":1610969352,"event":{"mods":["AchievementEnabler","BaseMod","DeckTracker","Minty Spire (QoL Compilation)","SuperFastMode"],"gold_per_floor":[124,89,89,117,150,200,200,200,251,251,251,251],"floor_reached":11,"language":"KOR","playtime":260,"items_purged":[],"score":142,"play_id":"edf7e852-1953-4254-bb9e-d5f01a0602d8","local_time":"20210118202912","is_ascension_mode":true,"campfire_choices":[{"floor":8,"key":"REST"}],"circlet_count":0,"master_deck":["AscendersBane","Strike_B","Strike_B","Strike_B","Strike_B","Defend_B","Defend_B","Defend_B","Defend_B","Zap","Dualcast","Cold Snap","Reinforced Body","Loop","Blizzard"],"relics":["Cracked Core","CeramicFish","Golden Idol","Bag of Marbles","Nunchaku"],"acts_visited":["Exordium"],"potions_floor_usage":[6,11],"damage_taken":[{"damage":4,"enemies":"Small Slimes","floor":1,"turns":3},{"damage":0,"enemies":"2 Louse","floor":4,"turns":2},{"damage":5,"enemies":"Jaw Worm","floor":5,"turns":5},{"damage":37,"enemies":"Gremlin Nob","floor":6,"turns":4},{"damage":20,"enemies":"3 Sentries","floor":11,"turns":6}],"seed_played":"8842072608448351066","potions_obtained":[{"floor":4,"key":"FearPotion"},{"floor":6,"key":"Weak Potion"}],"is_trial":false,"path_per_floor":["M","?","?","M","M","E","?","R","T","?","E"],"character_chosen":"DEFECT","items_purchased":[],"campfire_rested":1,"item_purchase_floors":[],"current_hp_per_floor":[60,71,47,47,42,5,5,26,26,26,6,6],"gold":251,"neow_bonus":"RANDOM_COMMON_RELIC","is_daily":false,"chose_seed":false,"campfire_upgraded":0,"win_rate":0.0,"timestamp":1610969352,"path_taken":["M","?","?","M","M","E","?","R","T","?","E"],"items_purchased_type":[],"build_version":"2020-12-22","purchased_purges":0,"victory":false,"max_hp_per_floor":[71,71,71,71,71,71,71,71,71,71,71,71],"card_choices":[{"not_picked":["Genetic Algorithm","Beam Cell"],"picked":"Cold Snap","floor":1},{"not_picked":["Conserve Battery","Fission"],"picked":"Reinforced Body","floor":4},{"not_picked":["Genetic Algorithm","Leap"],"picked":"Loop","floor":5},{"not_picked":["Doom and Gloom","Rebound"],"picked":"Blizzard","floor":6}],"player_experience":1259119,"relics_obtained":[{"floor":6,"key":"Bag of Marbles"},{"floor":9,"key":"Nunchaku"}],"event_choices":[{"damage_healed":17,"gold_gain":0,"player_choice":"Healed","damage_taken":0,"max_hp_gain":0,"max_hp_loss":0,"event_name":"The Cleric","floor":2,"gold_loss":35},{"damage_healed":0,"gold_gain":0,"player_choice":"Take Damage","damage_taken":24,"relics_obtained":["Golden Idol"],"max_hp_gain":0,"max_hp_loss":0,"event_name":"Golden Idol","floor":3,"gold_loss":0},{"damage_healed":0,"gold_gain":0,"player_choice":"Ignored","damage_taken":0,"max_hp_gain":0,"max_hp_loss":0,"event_name":"Liars Game","floor":7,"gold_loss":0},{"damage_healed":0,"gold_gain":0,"player_choice":"Fled","damage_taken":0,"max_hp_gain":0,"max_hp_loss":0,"event_name":"Scrap Ooze","floor":10,"gold_loss":0}],"is_beta":false,"boss_relics":[],"items_purged_floors":[],"is_endless":false,"potions_floor_spawned":[4,6],"killed_by":"3 Sentries","ascension_level":20}}