{"host":"xi8yg1ddhptuxb9d","time":1610994910,"event":{"mods":["AchievementEnabler","AlwaysNeverKeys","BaseMod","Block Reminder","Minty Spire (QoL Compilation)","Relic Sorter","StSLib"],"gold_per_floor":[117,117,135,135,60,98,98,138,186,186,186,207,207,178,178,178,178],"floor_reached":16,"language":"ENG","playtime":517,"items_purged":["Injury"],"score":212,"play_id":"bc1d5cdc-9d3b-43e6-8441-07f1fe00b81d","local_time":"20210118133510","is_ascension_mode":true,"campfire_choices":[{"floor":7,"key":"REST"},{"data":"Eruption","floor":10,"key":"SMITH"},{"data":"MentalFortress","floor":15,"key":"SMITH"}],"circlet_count":0,"master_deck":["AscendersBane","Strike_P","Strike_P","Strike_P+1","Defend_P","Defend_P","Defend_P","Defend_P","Eruption+1","Vigilance","DeceiveReality+1","Tantrum","MentalFortress+1","FlyingSleeves","Protect","FlyingSleeves"],"relics":["Sozu","Golden Idol","Strawberry","TungstenRod","Juzu Bracelet"],"acts_visited":["Exordium"],"potions_floor_usage":[],"damage_taken":[{"damage":3.0,"enemies":"2 Louse","floor":1.0,"turns":3.0},{"damage":4.0,"enemies":"Jaw Worm","floor":3.0,"turns":2.0},{"damage":17,"enemies":"3 Sentries","floor":6,"turns":11},{"damage":8,"enemies":"Lagavulin","floor":8,"turns":7},{"damage":0,"enemies":"Small Slimes","floor":12,"turns":1},{"damage":35,"enemies":"Slime Boss","floor":16,"turns":6}],"seed_played":"-1738461589123062671","potions_obtained":[],"is_trial":false,"path_per_floor":["M","?","M","?","$","E","R","E","T","R","?","M","?","$","R","B"],"character_chosen":"WATCHER","items_purchased":["FlyingSleeves"],"campfire_rested":1,"item_purchase_floors":[14],"current_hp_per_floor":[58,38,34,34,34,24,46,38,38,38,38,38,32,32,32,0,0],"gold":178,"neow_bonus":"BOSS_RELIC","is_daily":false,"chose_seed":false,"campfire_upgraded":2,"win_rate":0.0,"timestamp":1610994910,"path_taken":["M","?","M","?","?","E","R","E","T","R","?","M","?","$","R","BOSS"],"items_purchased_type":["Card"],"build_version":"2020-12-22","purchased_purges":1,"victory":false,"max_hp_per_floor":[68,68,68,68,68,75,75,75,75,75,75,75,75,75,75,75,75],"card_choices":[{"not_picked":["EmptyBody","ClearTheMind"],"picked":"DeceiveReality","floor":1.0},{"not_picked":["InnerPeace","JustLucky"],"picked":"Tantrum","floor":3.0},{"not_picked":["Fasting2","Indignation"],"picked":"MentalFortress","floor":6},{"not_picked":["ThirdEye","LikeWater"],"picked":"FlyingSleeves","floor":8},{"not_picked":["PathToVictory","Pray"],"picked":"Protect","floor":12}],"player_experience":643092,"relics_obtained":[{"floor":6,"key":"Strawberry"},{"floor":8,"key":"TungstenRod"},{"floor":9,"key":"Juzu Bracelet"}],"event_choices":[{"damage_healed":0.0,"max_hp_gain":0.0,"max_hp_loss":0.0,"gold_gain":0.0,"event_name":"Shining Light","player_choice":"Entered Light","floor":2.0,"gold_loss":0.0,"damage_taken":20.0,"cards_upgraded":["DeceiveReality","Strike_P"]},{"damage_healed":0.0,"max_hp_gain":0.0,"max_hp_loss":0.0,"gold_gain":0.0,"event_name":"Golden Idol","player_choice":"Take Wound","floor":4.0,"gold_loss":0.0,"damage_taken":0.0,"relics_obtained":["Golden Idol"],"cards_obtained":["Injury"]},{"damage_healed":0,"gold_gain":0,"player_choice":"Got Potions","damage_taken":0,"max_hp_gain":0,"max_hp_loss":0,"event_name":"Lab","floor":11,"gold_loss":0},{"cards_removed":["Strike_P"],"damage_healed":0,"gold_gain":0,"player_choice":"Card Removal","damage_taken":7,"max_hp_gain":0,"max_hp_loss":0,"event_name":"Golden Wing","floor":13,"gold_loss":0}],"is_beta":false,"boss_relics":[],"items_purged_floors":[5],"is_endless":false,"potions_floor_spawned":[3,8],"killed_by":"Slime Boss","ascension_level":20}}