{"host":"few9iyaxiywls251","time":1610993332,"event":{"mods":["BaseMod","Bestiary","Curses Come First","Highlight Path","Minty Spire (QoL Compilation)","Shop Mod","StSLib","The Marked"],"gold_per_floor":[116,132,142,142,161,192,205,232,286,144,144,213,247,262,262,361,361,377,292,308,308,208,208,234,249,249,263,263,278,203,203,203],"floor_reached":31,"language":"ENG","playtime":1759,"items_purged":["Defend_P","Defend_P"],"score":327,"play_id":"61afffc9-ca8f-4ee3-a2c7-77cc7b000b29","local_time":"20210118120852","is_ascension_mode":false,"campfire_choices":[{"data":"Crescendo","floor":15.0,"key":"SMITH"},{"data":"Ragnarok","floor":23.0,"key":"SMITH"},{"data":"Weave","floor":28.0,"key":"SMITH"}],"circlet_count":0,"master_deck":["Strike_P","Strike_P","Strike_P","Defend_P+1","Eruption","Vigilance+1","Halt","Crescendo+1","EmptyBody","CarveReality","Weave+1","Wallop+1","SignatureMove","Ragnarok+1","Wireheading","PathToVictory","Strike_P+1","Swivel","CutThroughFate+1"],"relics":["PureWater","Pear","Lantern","Ancient Tea Set","Eternal Feather","Shuriken","Coffee Dripper","War Paint","Happy Flower","Whetstone"],"acts_visited":[],"potions_floor_usage":[],"damage_taken":[{"damage":5.0,"enemies":"Small Slimes","floor":1.0,"turns":3.0},{"damage":1.0,"enemies":"Cultist","floor":2.0,"turns":3.0},{"damage":11.0,"enemies":"Jaw Worm","floor":3.0,"turns":4.0},{"damage":2.0,"enemies":"Looter","floor":5.0,"turns":4.0},{"damage":39.0,"enemies":"3 Sentries","floor":6.0,"turns":8.0},{"damage":1.0,"enemies":"2 Fungi Beasts","floor":7.0,"turns":2.0},{"damage":16.0,"enemies":"Lagavulin","floor":8.0,"turns":7.0},{"damage":0.0,"enemies":"Gremlin Nob","floor":13.0,"turns":2.0},{"damage":0.0,"enemies":"Exordium Thugs","floor":14.0,"turns":2.0},{"damage":19.0,"enemies":"The Guardian","floor":16.0,"turns":8.0},{"damage":8.0,"enemies":"2 Thieves","floor":18.0,"turns":2.0},{"damage":6.0,"enemies":"3 Byrds","floor":20.0,"turns":4.0},{"damage":16.0,"enemies":"Gremlin Leader","floor":24.0,"turns":3.0},{"damage":14.0,"enemies":"Snake Plant","floor":25.0,"turns":3.0},{"damage":31.0,"enemies":"Cultist and Chosen","floor":27.0,"turns":5.0},{"damage":3.0,"enemies":"Centurion and Healer","floor":29.0,"turns":3.0},{"damage":0,"enemies":"Shelled Parasite and Fungi","floor":31,"turns":1}],"seed_played":"-484284690821002006","potions_obtained":[{"floor":3.0,"key":"SpeedPotion"},{"floor":6.0,"key":"Swift Potion"},{"floor":7.0,"key":"Explosive Potion"},{"floor":20.0,"key":"Fire Potion"},{"floor":25.0,"key":"GamblersBrew"},{"floor":27.0,"key":"FearPotion"}],"is_trial":false,"path_per_floor":["M","M","M","?","M","E","M","E","T","$","?","T","E","M","R","B",null,"M","?","M","?","$","R","E","M","T","M","R","M","?","M"],"character_chosen":"WATCHER","items_purchased":["SignatureMove"],"campfire_rested":0,"item_purchase_floors":[10],"current_hp_per_floor":[74,73,62,62,60,31,30,14,14,14,14,14,14,14,23,4,89,81,81,75,75,75,84,68,54,54,23,35,32,32,32,32],"gold":203,"neow_bonus":"TEN_PERCENT_HP_BONUS","is_daily":false,"chose_seed":false,"campfire_upgraded":3,"win_rate":0.0,"timestamp":1610993332,"path_taken":["M","M","M","?","?","E","M","E","T","$","?","?","E","M","R","BOSS","BOSS","M","?","M","?","$","R","E","M","T","M","R","?","?","M"],"items_purchased_type":["Card"],"build_version":"2020-12-22","purchased_purges":2,"victory":false,"max_hp_per_floor":[79,79,79,79,79,89,89,89,89,89,89,89,89,89,89,89,89,89,89,89,89,89,89,89,89,89,89,89,89,89,89,89],"card_choices":[{"not_picked":["Pray","Consecrate"],"picked":"Halt","floor":1.0},{"not_picked":["JustLucky","FearNoEvil","InnerPeace"],"picked":"SKIP","floor":2.0},{"not_picked":["ClearTheMind","BowlingBash"],"picked":"Crescendo","floor":3.0},{"not_picked":["Sanctity","Protect"],"picked":"EmptyBody","floor":5.0},{"not_picked":["EmptyFist","WindmillStrike"],"picked":"CarveReality","floor":6.0},{"not_picked":["EmptyMind","CarveReality"],"picked":"Weave","floor":7.0},{"not_picked":["Weave","FollowUp"],"picked":"Wallop","floor":8.0},{"not_picked":["LikeWater","Weave","ClearTheMind"],"picked":"SKIP","floor":13.0},{"not_picked":["EmptyBody","ClearTheMind"],"picked":"Devotion","floor":14.0},{"not_picked":["Scrawl","SpiritShield"],"picked":"Ragnarok","floor":16.0},{"not_picked":["Pray","Tantrum+1"],"picked":"Wireheading","floor":18.0},{"not_picked":["MentalFortress","InnerPeace"],"picked":"PathToVictory","floor":20.0},{"not_picked":["EmptyFist","ReachHeaven"],"picked":"Swivel","floor":24.0},{"not_picked":["InnerPeace","FlurryOfBlows"],"picked":"CutThroughFate+1","floor":25.0},{"not_picked":["Prostrate+1","CutThroughFate","Study"],"picked":"SKIP","floor":27.0},{"not_picked":["Halt+1","Collect+1","Study"],"picked":"SKIP","floor":29.0}],"player_experience":103226,"relics_obtained":[{"floor":6.0,"key":"Pear"},{"floor":8.0,"key":"Lantern"},{"floor":9.0,"key":"Ancient Tea Set"},{"floor":12.0,"key":"Eternal Feather"},{"floor":13.0,"key":"Shuriken"},{"floor":24.0,"key":"Happy Flower"},{"floor":26.0,"key":"Whetstone"}],"event_choices":[{"cards_removed":["Defend_P"],"damage_healed":0.0,"max_hp_gain":0.0,"max_hp_loss":0.0,"gold_gain":0.0,"event_name":"Purifier","player_choice":"Purged","floor":4.0,"gold_loss":0.0,"damage_taken":0.0},{"damage_healed":0.0,"max_hp_gain":0.0,"max_hp_loss":0.0,"gold_gain":0.0,"event_name":"Liars Game","player_choice":"Ignored","floor":11.0,"gold_loss":0.0,"damage_taken":0.0},{"damage_healed":0.0,"max_hp_gain":0.0,"max_hp_loss":0.0,"gold_gain":0.0,"event_name":"Addict","player_choice":"Obtained Relic","floor":19.0,"gold_loss":85.0,"damage_taken":0.0,"relics_obtained":["War Paint"]},{"cards_removed":["Devotion"],"damage_healed":0.0,"max_hp_gain":0.0,"max_hp_loss":0.0,"gold_gain":0.0,"event_name":"NoteForYourself","player_choice":"Took Card","floor":21.0,"gold_loss":0.0,"damage_taken":0.0,"cards_obtained":["Strike_P"]},{"cards_removed":["Strike_P"],"damage_healed":0.0,"max_hp_gain":0.0,"max_hp_loss":0.0,"gold_gain":0.0,"event_name":"Beggar","player_choice":"Gave Gold","floor":30.0,"gold_loss":75.0,"damage_taken":0.0}],"is_beta":false,"boss_relics":[{"not_picked":["SlaversCollar","Runic Pyramid"],"picked":"Coffee Dripper"}],"items_purged_floors":[10,22],"is_endless":false,"potions_floor_spawned":[3,6,7,13,14,20,25,27],"killed_by":"Shelled Parasite and Fungi","ascension_level":0}}