{"host":"mdbnki27vzqujy5q","time":1610961767,"event":{"mods":["BaseMod","Better Note","Better Skull","Colored Map","Colored Powertips","DeckTracker","Highlight Path","Minty Spire (QoL Compilation)","Quick Restart","Rare Cards Sparkle","StSLib"],"gold_per_floor":[110,110,110,35,54,83,83,93,116,140,168,190,219,553,553,664,664,687,707,730,749,758,796,796,831,831,831,38,38,61,70,70,184,184,203,223,249,258,287,322,322,322,373,405,431,43,43,68,68,68,68,68,17,51,51,51],"floor_reached":55,"language":"ENG","playtime":2678,"items_purged":["Strike_R","Strike_R"],"score":980,"play_id":"3ce46da7-98db-4a9d-b7e0-665eb6431964","local_time":"20210118012247","is_ascension_mode":true,"campfire_choices":[{"data":"Bash","floor":7.0,"key":"SMITH"},{"data":"Armaments","floor":15.0,"key":"SMITH"},{"floor":24.0,"key":"REST"},{"floor":27.0,"key":"REST"},{"floor":32.0,"key":"REST"},{"floor":42.0,"key":"RECALL"},{"floor":47.0,"key":"REST"},{"floor":49.0,"key":"REST"},{"floor":52.0,"key":"REST"}],"circlet_count":0,"master_deck":["Strike_R","Strike_R+1","Strike_R","Defend_R","Defend_R","Bash+1","Clash","Clash","Dropkick","Bloodletting","Dropkick","Sword Boomerang","Flex","Armaments+1","Feed","Dark Embrace","Spot Weakness+1","Cleave+1","RitualDagger","Impervious","Metallicize","Apotheosis","Metallicize+1","Carnage","Reaper","Battle Trance+1","Clash+1","Rage+1","RitualDagger","Parasite","Rupture+1","Heavy Blade"],"relics":["Burning Blood","NeowsBlessing","Bag of Marbles","CeramicFish","Old Coin","Fusion Hammer","Charon\u0027s Ashes","MealTicket","Pear","Incense Burner","Eternal Feather","Runic Cube","Bag of Preparation","Letter Opener","Shuriken","Oddly Smooth Stone","Whetstone","Boot"],"acts_visited":["Exordium","TheCity","TheBeyond","TheEnding"],"potions_floor_usage":[54],"damage_taken":[{"damage":0.0,"enemies":"2 Louse","floor":1.0,"turns":1.0},{"damage":0.0,"enemies":"Small Slimes","floor":5.0,"turns":1.0},{"damage":0.0,"enemies":"Gremlin Nob","floor":6.0,"turns":1.0},{"damage":0.0,"enemies":"Cultist","floor":8.0,"turns":2.0},{"damage":3.0,"enemies":"Looter","floor":10.0,"turns":1.0},{"damage":5.0,"enemies":"3 Louse","floor":11.0,"turns":2.0},{"damage":33.0,"enemies":"Gremlin Gang","floor":12.0,"turns":5.0},{"damage":0.0,"enemies":"2 Fungi Beasts","floor":13.0,"turns":2.0},{"damage":20.0,"enemies":"Lagavulin","floor":14.0,"turns":3.0},{"damage":33.0,"enemies":"Slime Boss","floor":16.0,"turns":8.0},{"damage":23.0,"enemies":"Spheric Guardian","floor":18.0,"turns":4.0},{"damage":13.0,"enemies":"3 Byrds","floor":19.0,"turns":4.0},{"damage":9.0,"enemies":"3 Cultists","floor":20.0,"turns":5.0},{"damage":33.0,"enemies":"Sentry and Sphere","floor":21.0,"turns":5.0},{"damage":8.0,"enemies":"Gremlin Leader","floor":23.0,"turns":4.0},{"damage":35.0,"enemies":"Slavers","floor":25.0,"turns":5.0},{"damage":18.0,"enemies":"Snake Plant","floor":30.0,"turns":3.0},{"damage":77.0,"enemies":"Automaton","floor":33.0,"turns":9.0},{"damage":29.0,"enemies":"3 Darklings","floor":35.0,"turns":6.0},{"damage":4.0,"enemies":"Orb Walker","floor":36.0,"turns":2.0},{"damage":35.0,"enemies":"Maw","floor":37.0,"turns":7.0},{"damage":10.0,"enemies":"Writhing Mass","floor":39.0,"turns":3.0},{"damage":68.0,"enemies":"Reptomancer","floor":40.0,"turns":5.0},{"damage":22.0,"enemies":"Nemesis","floor":44.0,"turns":5.0},{"damage":1.0,"enemies":"Sphere and 2 Shapes","floor":45.0,"turns":3.0},{"damage":35.0,"enemies":"Reptomancer","floor":48.0,"turns":6.0},{"damage":115.0,"enemies":"Awakened One","floor":50.0,"turns":10.0},{"damage":76,"enemies":"Shield and Spear","floor":54,"turns":6},{"damage":67,"enemies":"The Heart","floor":55,"turns":3}],"seed_played":"-2271689364871417892","potions_obtained":[{"floor":5.0,"key":"LiquidMemories"},{"floor":6.0,"key":"Dexterity Potion"},{"floor":13.0,"key":"SneckoOil"},{"floor":14.0,"key":"HeartOfIron"},{"floor":18.0,"key":"FairyPotion"},{"floor":20.0,"key":"Fire Potion"},{"floor":25.0,"key":"EssenceOfSteel"},{"floor":39.0,"key":"SkillPotion"},{"floor":40.0,"key":"Weak Potion"},{"floor":48.0,"key":"Block Potion"}],"is_trial":false,"path_per_floor":["M","?","?","$","M","E","R","M","T","M","M","M","M","E","R","B",null,"M","M","M","M","?","E","R","E","T","R","$","?","M","?","R","B",null,"M","M","M","?","M","E","?","R","T","E","M","$","R","E","R","B",null,"R","$","E","B"],"character_chosen":"IRONCLAD","items_purchased":["Incense Burner","Eternal Feather","Apotheosis","Shuriken","Oddly Smooth Stone","AttackPotion"],"campfire_rested":6,"item_purchase_floors":[28,28,28,46,46,53],"current_hp_per_floor":[80,73,73,73,79,80,80,80,80,80,80,53,59,45,45,18,80,63,59,59,32,26,27,53,24,34,63,78,62,50,50,91,20,99,76,81,57,57,64,14,89,89,89,73,82,93,93,68,97,9,100,100,100,30,0,0],"gold":51,"neow_bonus":"THREE_ENEMY_KILL","is_daily":false,"chose_seed":false,"campfire_upgraded":2,"win_rate":0.0,"timestamp":1610961767,"path_taken":["M","?","?","$","M","E","R","M","T","M","M","M","M","E","R","BOSS","M","M","?","M","?","E","R","E","T","R","$","?","M","?","R","BOSS","M","M","?","?","?","E","?","R","T","E","M","$","R","E","R","BOSS","R","$","E","BOSS"],"items_purchased_type":["Relic","Relic","Card","Relic","Relic","Potion"],"build_version":"2020-12-22","purchased_purges":2,"victory":false,"max_hp_per_floor":[80,80,80,80,80,80,80,80,80,80,80,80,80,80,80,80,80,80,83,86,86,86,89,89,89,99,99,99,99,99,99,99,99,99,99,102,102,102,102,102,89,89,89,89,93,93,93,97,97,100,100,100,100,100,100,100],"card_choices":[{"not_picked":["Shockwave","Fire Breathing"],"picked":"Clash","floor":1.0},{"not_picked":["Anger","Headbutt"],"picked":"Clash","floor":5.0},{"not_picked":["Wild Strike","Clothesline"],"picked":"Dropkick","floor":6.0},{"not_picked":["Havoc","Entrench"],"picked":"Bloodletting","floor":8.0},{"not_picked":["Twin Strike","Clothesline"],"picked":"Dropkick","floor":10.0},{"not_picked":["Fiend Fire","Intimidate"],"picked":"Sword Boomerang","floor":11.0},{"not_picked":["Shrug It Off","Whirlwind"],"picked":"Flex","floor":12.0},{"not_picked":["Flex","Bloodletting"],"picked":"Armaments","floor":13.0},{"not_picked":["Evolve","Immolate","Second Wind"],"picked":"SKIP","floor":14.0},{"not_picked":["Brutality","Offering"],"picked":"Feed","floor":16.0},{"not_picked":["Perfected Strike","Sentinel"],"picked":"Dark Embrace","floor":18.0},{"not_picked":["Wild Strike","Searing Blow","Twin Strike"],"picked":"SKIP","floor":19.0},{"not_picked":["Headbutt","Battle Trance"],"picked":"Spot Weakness+1","floor":20.0},{"not_picked":["Perfected Strike","Sentinel+1"],"picked":"Cleave","floor":21.0},{"not_picked":["Rage+1","Thunderclap+1"],"picked":"Impervious","floor":23.0},{"not_picked":["Evolve","Spot Weakness"],"picked":"Metallicize","floor":25.0},{"not_picked":["Armaments+1","Headbutt"],"picked":"Metallicize+1","floor":30.0},{"not_picked":["Demon Form","Offering"],"picked":"Reaper","floor":33.0},{"not_picked":["Iron Wave","Shockwave"],"picked":"Battle Trance+1","floor":35.0},{"not_picked":["Armaments","Shrug It Off"],"picked":"Clash+1","floor":36.0},{"not_picked":["Sever Soul","Blood for Blood"],"picked":"Rage+1","floor":37.0},{"not_picked":["Second Wind+1","Twin Strike","Whirlwind+1"],"picked":"SKIP","floor":39.0},{"not_picked":["Warcry+1","Clothesline+1"],"picked":"Rupture+1","floor":40.0},{"not_picked":["Demon Form","Perfected Strike+1","True Grit"],"picked":"SKIP","floor":44.0},{"not_picked":["Havoc","Perfected Strike+1"],"picked":"Heavy Blade","floor":45.0},{"not_picked":["Warcry","Clothesline","Feel No Pain+1"],"picked":"SKIP","floor":48.0},{"not_picked":["Clash","Clothesline","Searing Blow"],"picked":"SKIP","floor":54}],"player_experience":103842,"relics_obtained":[{"floor":6.0,"key":"Bag of Marbles"},{"floor":9.0,"key":"CeramicFish"},{"floor":14.0,"key":"Old Coin"},{"floor":23.0,"key":"Charon\u0027s Ashes"},{"floor":25.0,"key":"MealTicket"},{"floor":26.0,"key":"Pear"},{"floor":40.0,"key":"Bag of Preparation"},{"floor":44.0,"key":"Letter Opener"},{"floor":48.0,"key":"Whetstone"},{"floor":54,"key":"Boot"}],"event_choices":[{"cards_removed":["Defend_R"],"damage_healed":0.0,"max_hp_gain":0.0,"max_hp_loss":0.0,"gold_gain":0.0,"event_name":"Golden Wing","player_choice":"Card Removal","floor":2.0,"gold_loss":0.0,"damage_taken":7.0},{"damage_healed":0.0,"max_hp_gain":0.0,"max_hp_loss":0.0,"gold_gain":0.0,"event_name":"betterNote:BetterNote","player_choice":"Ignored","floor":3.0,"gold_loss":0.0,"damage_taken":0.0,"cards_obtained":["Underhanded Strike"]},{"damage_healed":0.0,"max_hp_gain":0.0,"max_hp_loss":0.0,"gold_gain":0.0,"event_name":"Nest","player_choice":"Joined the Cult","floor":22.0,"gold_loss":0.0,"damage_taken":6.0,"cards_obtained":["RitualDagger"]},{"damage_healed":0.0,"max_hp_gain":0.0,"max_hp_loss":0.0,"gold_gain":0.0,"event_name":"Cursed Tome","player_choice":"Obtained Book","floor":29.0,"gold_loss":0.0,"damage_taken":16.0},{"damage_healed":0.0,"max_hp_gain":0.0,"max_hp_loss":0.0,"gold_gain":0.0,"cards_transformed":["Defend_R"],"event_name":"Transmorgrifier","player_choice":"Transformed","floor":31.0,"gold_loss":0.0,"damage_taken":0.0,"cards_obtained":["Carnage"]},{"damage_healed":0.0,"max_hp_gain":0.0,"max_hp_loss":0.0,"gold_gain":0.0,"event_name":"Duplicator","player_choice":"Copied","floor":38.0,"gold_loss":0.0,"damage_taken":0.0,"cards_obtained":["RitualDagger"]},{"damage_healed":89.0,"max_hp_gain":0.0,"max_hp_loss":13.0,"gold_gain":0.0,"event_name":"The Moai Head","player_choice":"Heal","floor":41.0,"gold_loss":0.0,"damage_taken":0.0}],"is_beta":false,"boss_relics":[{"not_picked":["Astrolabe","Runic Pyramid"],"picked":"Fusion Hammer"},{"not_picked":["Black Star","Coffee Dripper"],"picked":"Runic Cube"}],"items_purged_floors":[4,28],"is_endless":false,"potions_floor_spawned":[5,6,13,14,18,20,25,39,40,48],"killed_by":"The Heart","ascension_level":3}}