{"host":"prbesmsd58qkujmx","time":1610979579,"event":{"mods":["2.2 Compatiblity","AchievementEnabler","BaseMod","Colored Map","DeckTracker","Highlight Path","Keyboard Shortcuts","Minty Spire (QoL Compilation)","Permanent Neow","Quick Restart","Random Character Button","StSLib","SuperFastMode","everything is the same but u backflip on backflip"],"gold_per_floor":[118,137,147,167,183,183,211,227,227,227,227,227,227,402,402,497,497,507,507,432,452,255,255,266,284,336,336,336],"floor_reached":27,"language":"KOR","playtime":1018,"items_purged":["Strike_R","Strike_R"],"score":215,"play_id":"f59f91c6-e8f0-4dcb-8166-7cf94bbea5c5","local_time":"20210118231939","is_ascension_mode":false,"campfire_choices":[{"data":"Body Slam","floor":6,"key":"SMITH"},{"data":"Dual Wield","floor":10,"key":"SMITH"},{"data":"Armaments","floor":12,"key":"SMITH"},{"floor":15,"key":"REST"},{"floor":23,"key":"REST"}],"circlet_count":0,"master_deck":["Strike_R","Strike_R","Defend_R","Defend_R","Defend_R","Bash","Parasite","Headbutt","Power Through","Body Slam+1","Seeing Red","Second Wind","Dual Wield+1","Fire Breathing","Armaments+1","Exhume","Shrug It Off","Flame Barrier","Wild Strike+1","Dark Embrace"],"relics":["Burning Blood","Blood Vial","Omamori","Velvet Choker","Enchiridion","Membership Card","Juzu Bracelet"],"acts_visited":["Exordium","TheCity"],"potions_floor_usage":[7,16,18,27,27],"damage_taken":[{"damage":6,"enemies":"Jaw Worm","floor":1,"turns":4},{"damage":0,"enemies":"2 Louse","floor":2,"turns":2},{"damage":10,"enemies":"Small Slimes","floor":3,"turns":4},{"damage":0,"enemies":"Blue Slaver","floor":4,"turns":3},{"damage":20,"enemies":"2 Fungi Beasts","floor":5,"turns":4},{"damage":49,"enemies":"Lagavulin","floor":7,"turns":9},{"damage":10,"enemies":"Large Slime","floor":8,"turns":6},{"damage":52,"enemies":"Slime Boss","floor":16,"turns":11},{"damage":43,"enemies":"3 Byrds","floor":18,"turns":8},{"damage":20,"enemies":"2 Thieves","floor":21,"turns":3},{"damage":7,"enemies":"Centurion and Healer","floor":24,"turns":7},{"damage":40,"enemies":"Cultist and Chosen","floor":25,"turns":7},{"damage":18,"enemies":"Snake Plant","floor":27,"turns":2}],"seed_played":"-334824962266680272","potions_obtained":[{"floor":1,"key":"BloodPotion"},{"floor":3,"key":"SpeedPotion"},{"floor":7,"key":"SpeedPotion"},{"floor":16,"key":"DistilledChaos"},{"floor":21,"key":"FearPotion"},{"floor":25,"key":"PowerPotion"}],"is_trial":false,"path_per_floor":["M","M","M","M","M","R","E","M","T","R","?","R","?","?","R","B",null,"M","?","$","M","$","R","M","M","T","M"],"character_chosen":"IRONCLAD","items_purchased":["Membership Card"],"campfire_rested":2,"item_purchase_floors":[22],"current_hp_per_floor":[80,80,76,80,66,66,23,21,21,21,26,26,26,26,51,24,85,48,32,32,20,20,45,46,14,14,0,0],"gold":336,"neow_bonus":"TRANSFORM_TWO_CARDS","is_daily":false,"chose_seed":false,"campfire_upgraded":3,"win_rate":0.0,"timestamp":1610979579,"path_taken":["M","M","M","M","M","R","E","M","T","R","?","R","?","?","R","BOSS","M","?","$","M","$","R","M","M","T","M"],"items_purchased_type":["Relic"],"build_version":"2020-12-22","purchased_purges":2,"victory":false,"max_hp_per_floor":[80,80,80,80,80,80,80,80,80,80,85,85,85,85,85,85,85,85,85,85,85,85,85,85,85,85,85,85],"card_choices":[{"not_picked":["Warcry","Rage"],"picked":"Body Slam","floor":1},{"not_picked":["Cleave","Bloodletting"],"picked":"Seeing Red","floor":2},{"not_picked":["Flex","Clash"],"picked":"Second Wind","floor":3},{"not_picked":["Reckless Charge","Flame Barrier"],"picked":"Dual Wield","floor":4},{"not_picked":["Pummel","Flex"],"picked":"Fire Breathing","floor":5},{"not_picked":["Bludgeon","Cleave"],"picked":"Armaments","floor":7},{"not_picked":["Anger","Pummel","Thunderclap"],"picked":"SKIP","floor":8},{"not_picked":["Reaper","Berserk"],"picked":"Exhume","floor":16},{"not_picked":["Rampage","Sword Boomerang"],"picked":"Shrug It Off","floor":18},{"not_picked":["Seeing Red","Thunderclap"],"picked":"Flame Barrier","floor":21},{"not_picked":["Rage","Pommel Strike"],"picked":"Wild Strike+1","floor":24},{"not_picked":["Burning Pact","Thunderclap"],"picked":"Dark Embrace","floor":25}],"player_experience":105934,"relics_obtained":[{"floor":7,"key":"Blood Vial"},{"floor":9,"key":"Omamori"},{"floor":19,"key":"Enchiridion"},{"floor":26,"key":"Juzu Bracelet"}],"event_choices":[{"damage_healed":0,"gold_gain":0,"player_choice":"Donut","damage_taken":0,"max_hp_gain":5,"max_hp_loss":0,"event_name":"Big Fish","floor":11,"gold_loss":0},{"damage_healed":0,"gold_gain":0,"player_choice":"Ignored","damage_taken":0,"max_hp_gain":0,"max_hp_loss":0,"event_name":"Golden Idol","floor":13,"gold_loss":0},{"damage_healed":0,"gold_gain":175,"player_choice":"AGREE","damage_taken":0,"max_hp_gain":0,"max_hp_loss":0,"event_name":"Liars Game","floor":14,"gold_loss":0,"cards_obtained":["Doubt"]},{"damage_healed":0,"gold_gain":0,"player_choice":"Obtained Book","damage_taken":16,"max_hp_gain":0,"max_hp_loss":0,"event_name":"Cursed Tome","floor":19,"gold_loss":0}],"is_beta":false,"boss_relics":[{"not_picked":["SacredBark","Philosopher\u0027s Stone"],"picked":"Velvet Choker"}],"items_purged_floors":[20,22],"is_endless":false,"potions_floor_spawned":[1,3,7,16,21,25],"killed_by":"Snake Plant","ascension_level":0}}