{"host":"3498uni0c31c9bdm","time":1610951095,"event":{"mods":["BaseMod","Better Third Choice","Minty Spire (QoL Compilation)","Replay The Spire","StSLib"],"gold_per_floor":[117,128,128,128,148,148,124,124,176,176,176,38,54,79,79,177,177,195,195,205,205,130,130,158,158,181,456,467,479,498,498,498,599,599,617,617,629,629,727,727,756,756,756,304,304,340,367,367,367],"floor_reached":48,"language":"ENG","playtime":3405,"items_purged":["Regret"],"score":776,"play_id":"ca5c2ad5-6d20-4453-9c1e-a8deda046263","local_time":"20210118172455","is_ascension_mode":true,"campfire_choices":[{"floor":6,"key":"RECALL"},{"floor":8,"key":"REST"},{"data":"BasicCrystalCard","floor":10,"key":"SMITH"},{"floor":15,"key":"REST"},{"floor":23,"key":"REST"},{"floor":25,"key":"REST"},{"floor":32,"key":"REST"},{"floor":40,"key":"REST"},{"floor":42,"key":"REST"},{"floor":45,"key":"REST"}],"circlet_count":0,"master_deck":["Strike_B","Strike_B","Strike_B","Strike_B","Defend_B","Defend_B","Defend_B","Zap","Dualcast","Defend_G","Defend_R","Apotheosis","BasicCrystalCard+1","Melter+1","FTL","Conserve Battery","FIFO Queue","Echo Form","Stack","Madness","Echo Form","Leap","Seek","Darkness","Darkness","Barrage+1","All For One","Stack","Decay","Blizzard","ReplayTheSpireMod:Splinters","Sweeping Beam","Double Energy","Defragment+1","Glacier","Delirium","Self Repair+1","Barrage","Jack Of All Trades","Compile Driver","Redo","Parasite","Defragment+1","Crystallizer+1"],"relics":["Cracked Core","betterThird:SlimedRelic","ReplayTheSpireMod:CursedCoin","Incense Burner","Pocketwatch","SacredBark","ReplayTheSpireMod:Ring of Addiction","Potion Belt","Chameleon Ring","Ring of Panic","Pen Nib","ReplayTheSpireMod:TigerMarble","Garlic","Cursed Key","Frozen Egg 2","Question Card","Blue Doll","CeramicFish","BargainBundle"],"acts_visited":["Exordium","TheCity","TheBeyond"],"potions_floor_usage":[14,16,18,24,30,33,33,33,33,33,41,41,41,41,46,47,47,48],"damage_taken":[{"damage":8,"enemies":"2 Louse","floor":1,"turns":2},{"damage":0,"enemies":"Small Slimes","floor":2,"turns":2},{"damage":0,"enemies":"Cultist","floor":5,"turns":2},{"damage":23,"enemies":"Large Slime","floor":13,"turns":7},{"damage":9,"enemies":"Gremlin Nob","floor":14,"turns":5},{"damage":16,"enemies":"The Guardian","floor":16,"turns":10},{"damage":24,"enemies":"2 Thieves","floor":18,"turns":5},{"damage":11,"enemies":"Spheric Guardian","floor":20,"turns":3},{"damage":0,"enemies":"Gremlin Leader","floor":24,"turns":7},{"damage":21,"enemies":"Snake Plant","floor":28,"turns":4},{"damage":33,"enemies":"Snecko","floor":29,"turns":6},{"damage":5,"enemies":"Centurion and Healer","floor":30,"turns":6},{"damage":33,"enemies":"Automaton","floor":33,"turns":7},{"damage":27,"enemies":"3 Darklings","floor":35,"turns":6},{"damage":4,"enemies":"3 Shapes","floor":37,"turns":8},{"damage":33,"enemies":"Giant Head","floor":41,"turns":9},{"damage":34,"enemies":"Writhing Mass","floor":46,"turns":10},{"damage":18,"enemies":"Jaw Worm Horde","floor":47,"turns":7},{"damage":24,"enemies":"Reptomancer","floor":48,"turns":3}],"seed_played":"-1813276798167918548","potions_obtained":[{"floor":5,"key":"GamblersBrew"},{"floor":13,"key":"Elixir"},{"floor":14,"key":"FearPotion"},{"floor":16,"key":"Milkshake"},{"floor":21,"key":"EntropicBrew"},{"floor":21,"key":"Block Potion"},{"floor":21,"key":"Toxic Potion"},{"floor":24,"key":"SkillPotion"},{"floor":28,"key":"BlessingOfTheForge"},{"floor":29,"key":"Weak Potion"},{"floor":33,"key":"AttackPotion"},{"floor":35,"key":"Strength Potion"}],"is_trial":false,"path_per_floor":["M","M","?","?","M","R","?","R","T","R","?","$","M","E","R","B",null,"M","?","M","?","?","R","E","R","T","?","M","M","M","T","R","B",null,"M","?","M","?","?","R","E","R","T","$","R","M","M","E"],"character_chosen":"DEFECT","items_purchased":["ReplayTheSpireMod:CursedCoin","Incense Burner","Blue Doll","CeramicFish","BargainBundle","Self Repair+1","Swift Potion","LiquidMemories","SneckoOil","Barrage","Jack Of All Trades","Compile Driver","Redo"],"campfire_rested":8,"item_purchase_floors":[12,12,44,44,44,44,44,44,44,44,44,44,44],"current_hp_per_floor":[60,60,60,60,60,60,49,71,71,71,71,71,48,39,61,45,68,44,44,33,33,33,55,55,75,75,75,52,19,14,14,35,2,55,28,28,24,24,24,44,11,31,31,31,51,27,19,0,0],"gold":367,"neow_bonus":"RANDOM_COLORLESS_2","is_daily":false,"chose_seed":false,"campfire_upgraded":1,"win_rate":0.0,"timestamp":1610951095,"path_taken":["M","M","?","?","M","R","?","R","T","R","?","$","?","E","R","BOSS","M","?","?","?","?","R","E","R","T","?","?","M","M","?","R","BOSS","M","?","?","?","?","R","E","R","T","$","R","M","M","E"],"items_purchased_type":["Relic","Relic","Relic","Relic","Relic","Card","Potion","Potion","Potion","Card","Card","Card","Card"],"build_version":"2020-12-22","purchased_purges":1,"victory":false,"max_hp_per_floor":[75,75,75,75,75,75,75,75,75,75,75,75,75,75,75,75,75,75,75,75,75,75,75,75,75,75,75,73,73,73,73,73,73,73,73,73,71,71,71,69,69,69,69,69,67,67,67,67,67],"card_choices":[{"not_picked":["Metamorphosis","Sadistic Nature"],"picked":"Apotheosis","floor":0},{"not_picked":["Cold Snap","Coolheaded"],"picked":"Ball Lightning","floor":1},{"not_picked":["Rebound","Auto Shields"],"picked":"BasicCrystalCard","floor":2},{"not_picked":["BootSequence","Barrage"],"picked":"FTL","floor":5},{"not_picked":["Rip and Tear","Stack"],"picked":"Conserve Battery","floor":13},{"not_picked":["Reprogram","ReplayTheSpireMod:Repulse"],"picked":"FIFO Queue","floor":14},{"not_picked":["Creative AI","All For One"],"picked":"Echo Form","floor":16},{"not_picked":["Turbo+1","Gash"],"picked":"Stack","floor":18},{"not_picked":["Panic Button","Capacitor"],"picked":"Leap","floor":20},{"not_picked":["Melter+1","Auto Shields"],"picked":"Seek","floor":24},{"not_picked":["ReplayTheSpireMod:System Scan","Capacitor"],"picked":"Darkness","floor":28},{"not_picked":["Conserve Battery","Coolheaded"],"picked":"Darkness","floor":29},{"not_picked":["Beam Cell","Chaos"],"picked":"Barrage+1","floor":30},{"not_picked":["Creative AI","Rainbow"],"picked":"All For One","floor":33},{"not_picked":["Coolheaded","Steam Power"],"picked":"Stack","floor":35},{"not_picked":["Hello World+1","Rebound+1"],"picked":"Blizzard","floor":37},{"not_picked":["Coolheaded","Conserve Battery"],"picked":"Sweeping Beam","floor":39},{"not_picked":["Reinforced Body+1","Compile Driver"],"picked":"Double Energy","floor":39},{"not_picked":["BasicCrystalCard","Steam"],"picked":"Defragment+1","floor":39},{"not_picked":["Force Field","Conserve Battery"],"picked":"Glacier","floor":41},{"not_picked":["Glacier+1","Redo+1","Compile Driver+1"],"picked":"Defragment+1","floor":46},{"not_picked":["Conserve Battery","Gash+1","Hologram+1"],"picked":"Crystallizer+1","floor":47}],"player_experience":702496,"relics_obtained":[{"floor":14,"key":"Pocketwatch"},{"floor":21,"key":"ReplayTheSpireMod:Ring of Addiction"},{"floor":21,"key":"Potion Belt"},{"floor":21,"key":"Chameleon Ring"},{"floor":21,"key":"Ring of Panic"},{"floor":24,"key":"Pen Nib"},{"floor":26,"key":"ReplayTheSpireMod:TigerMarble"},{"floor":31,"key":"Garlic"},{"floor":41,"key":"Frozen Egg 2"},{"floor":43,"key":"Question Card"}],"event_choices":[{"damage_healed":0,"gold_gain":0,"player_choice":"Slimed","damage_taken":11,"max_hp_gain":0,"max_hp_loss":0,"event_name":"betterThird:BetterGoop","floor":7,"gold_loss":24},{"damage_healed":0,"gold_gain":0,"player_choice":"Ignored","damage_taken":0,"max_hp_gain":0,"max_hp_loss":0,"event_name":"Transmorgrifier","floor":11,"gold_loss":0},{"damage_healed":0,"gold_gain":0,"player_choice":"2 cards matched","damage_taken":0,"max_hp_gain":0,"max_hp_loss":0,"event_name":"Match and Keep!","floor":19,"gold_loss":0,"cards_obtained":["Madness","Echo Form"]},{"cards_removed":["Delirium"],"damage_healed":0,"gold_gain":0,"player_choice":"Gave Gold","damage_taken":0,"max_hp_gain":0,"max_hp_loss":0,"event_name":"Beggar","floor":22,"gold_loss":75},{"damage_healed":0,"gold_gain":275,"player_choice":"Desecrate","damage_taken":0,"max_hp_gain":0,"max_hp_loss":0,"event_name":"Golden Shrine","floor":27,"gold_loss":0,"cards_obtained":["Regret"]},{"damage_healed":0,"gold_gain":0,"player_choice":"Cursed","damage_taken":0,"max_hp_gain":0,"max_hp_loss":0,"event_name":"Wheel of Change","floor":36,"gold_loss":0,"cards_obtained":["Decay"]},{"damage_healed":0,"gold_gain":0,"player_choice":"Ignored","damage_taken":0,"max_hp_gain":0,"max_hp_loss":0,"event_name":"The Moai Head","floor":38,"gold_loss":0}],"is_beta":false,"boss_relics":[{"not_picked":["ReplayTheSpireMod:DimensionalGlitch","Kintsugi"],"picked":"SacredBark"},{"not_picked":["Honey Jar","Sozu"],"picked":"Cursed Key"}],"items_purged_floors":[44],"is_endless":false,"potions_floor_spawned":[5,13,14,16,24,28,29,33,35],"killed_by":"Reptomancer","ascension_level":8}}