{"host":"fkig9nrckec4xsh0","time":1610936616,"event":{"mods":["BaseMod","Colored Map","Minty Spire (QoL Compilation)","Quick Restart","Replay The Spire","StSLib"],"gold_per_floor":[109,109,129,129,153,153,189,205,205,221,221,221,221,257,257,257,257],"floor_reached":16,"language":"ENG","playtime":380,"items_purged":[],"score":215,"play_id":"dd6988c7-3a34-47af-bef2-f392a98d2e08","local_time":"20210117212336","is_ascension_mode":true,"campfire_choices":[{"data":"Shockwave","floor":6,"key":"SMITH"},{"data":"True Grit","floor":11,"key":"SMITH"},{"data":"Bash","floor":13,"key":"SMITH"},{"floor":15,"key":"REST"}],"circlet_count":0,"master_deck":["AscendersBane","Strike_R","Strike_R","Strike_R","Strike_R","Strike_R","Defend_R","Defend_R","Defend_R","Defend_R","Bash+1","Twin Strike","True Grit+1","Pain","Shockwave+1"],"relics":["Burning Blood","NeowsBlessing","Golden Idol","WarpedTongs","Darkstone Periapt","Singing Bowl","Sundial","Replay:Mystery Machine"],"acts_visited":["Exordium"],"potions_floor_usage":[8],"damage_taken":[{"damage":0,"enemies":"2 Louse","floor":1,"turns":1},{"damage":0,"enemies":"Cultist","floor":3,"turns":1},{"damage":1,"enemies":"Jaw Worm","floor":5,"turns":1},{"damage":22,"enemies":"Lagavulin","floor":7,"turns":7},{"damage":13,"enemies":"3 Louse","floor":8,"turns":3},{"damage":5,"enemies":"2 Fungi Beasts","floor":10,"turns":4},{"damage":34,"enemies":"3 Sentries","floor":14,"turns":10},{"damage":2,"enemies":"Slime Boss","floor":16,"turns":2}],"seed_played":"-682211802633751678","potions_obtained":[{"floor":1,"key":"Adrenaline Potion"},{"floor":8,"key":"SpeedPotion"},{"floor":14,"key":"SteroidPotion"}],"is_trial":false,"path_per_floor":["M","?","M","?","M","R","E","M","T","M","R","T","R","E","R","B"],"character_chosen":"IRONCLAD","items_purchased":[],"campfire_rested":1,"item_purchase_floors":[],"current_hp_per_floor":[74,48,54,54,59,59,43,36,36,39,39,39,39,13,36,34,34],"gold":257,"neow_bonus":"THREE_ENEMY_KILL","is_daily":false,"chose_seed":false,"campfire_upgraded":3,"win_rate":0.0,"timestamp":1610936616,"path_taken":["M","?","M","?","?","R","E","M","T","M","R","?","R","E","R","BOSS"],"items_purchased_type":[],"build_version":"2020-12-22","purchased_purges":0,"victory":false,"max_hp_per_floor":[75,75,75,75,75,75,75,75,75,77,77,77,77,79,79,79,79],"card_choices":[{"not_picked":["Entrench","Clothesline"],"picked":"Twin Strike","floor":1},{"not_picked":["Sword Boomerang","Heavy Blade"],"picked":"True Grit","floor":3},{"not_picked":["Clash","Spot Weakness"],"picked":"Shockwave","floor":5},{"not_picked":["Bludgeon","Defy Death","Flex"],"picked":"SKIP","floor":7},{"not_picked":["Heavy Blade","Replay:Undeath\u0027s Touch","Thunderclap"],"picked":"SKIP","floor":8},{"not_picked":["Spot Weakness","Anger","Abandon"],"picked":"Singing Bowl","floor":10},{"not_picked":["Rampage","Warcry","Disarm"],"picked":"Singing Bowl","floor":14}],"player_experience":345741,"relics_obtained":[{"floor":7,"key":"Darkstone Periapt"},{"floor":9,"key":"Singing Bowl"},{"floor":12,"key":"Sundial"},{"floor":14,"key":"Replay:Mystery Machine"}],"event_choices":[{"damage_healed":0,"gold_gain":0,"player_choice":"Take Damage","damage_taken":26,"relics_obtained":["Golden Idol"],"max_hp_gain":0,"max_hp_loss":0,"event_name":"Golden Idol","floor":2,"gold_loss":0},{"damage_healed":0,"gold_gain":0,"player_choice":"Rummage","damage_taken":0,"relics_obtained":["WarpedTongs"],"max_hp_gain":0,"max_hp_loss":0,"event_name":"Accursed Blacksmith","floor":4,"gold_loss":0,"cards_obtained":["Pain"]}],"is_beta":false,"boss_relics":[],"items_purged_floors":[],"is_endless":false,"potions_floor_spawned":[1,8,14],"killed_by":"Slime Boss","ascension_level":19}}