{"host":"9jj9tzo2iym4bpat","time":1610933490,"event":{"mods":["Act Like it!","BaseMod","CapriCore","Colored Map","Dark Map","Luminous","Minty Spire (QoL Compilation)","Permanent Neow","StSLib","Td1madao Mod","The Animator","The Immortal","The Marked","The Servant 0.9.4","Yakumo Yukari mod"],"gold_per_floor":[115,127,139,93,113,147,147,158,158,158,170,185,360,380,380,476,476,476,476,401,401,401,401,401,401,401,401,401,14,14,14],"floor_reached":30,"language":"ENG","playtime":1070,"items_purged":["Defend_G"],"score":348,"play_id":"b9db50b8-6263-4c17-9ead-540c6335678c","local_time":"20210117193130","is_ascension_mode":true,"campfire_choices":[{"floor":7,"key":"REST"},{"floor":15,"key":"REST"},{"floor":24,"key":"REST"},{"floor":27,"key":"REST"}],"circlet_count":0,"master_deck":["Strike_G","Strike_G","Strike_G","Strike_G","Defend_G","Defend_G","Defend_G","Defend_G","Survivor","Neutralize","Outmaneuver","Cloak And Dagger","Blade Dance","Blade Dance","Endless Agony","A Thousand Cuts","Flechettes","Accuracy","Blade Dance","Phantasmal Killer","Backflip+1","Blade Dance+1","Slice"],"relics":["Ring of the Snake","NeowsBlessing","Potion Belt","StrikeDummy","Ectoplasm","MutagenicStrength","Orichalcum","PreservedInsect","Pantograph"],"acts_visited":["Exordium","TheCity"],"potions_floor_usage":[6,6,14,16,23,30],"damage_taken":[{"damage":0,"enemies":"Cultist","floor":1,"turns":1},{"damage":0,"enemies":"2 Louse","floor":2,"turns":1},{"damage":0,"enemies":"Small Slimes","floor":3,"turns":1},{"damage":12,"enemies":"3 Louse","floor":5,"turns":4},{"damage":0,"enemies":"3 Sentries","floor":6,"turns":10},{"damage":18,"enemies":"Exordium Wildlife","floor":8,"turns":3},{"damage":6,"enemies":"Looter","floor":11,"turns":3},{"damage":28,"enemies":"Lots of Slimes","floor":12,"turns":5},{"damage":1,"enemies":"Blue Slaver","floor":14,"turns":4},{"damage":21,"enemies":"Slime Boss","floor":16,"turns":10},{"damage":6,"enemies":"3 Byrds","floor":18,"turns":3},{"damage":21,"enemies":"Shell Parasite","floor":19,"turns":4},{"damage":17,"enemies":"Sentry and Sphere","floor":21,"turns":4},{"damage":19,"enemies":"Book of Stabbing","floor":23,"turns":5},{"damage":23,"enemies":"Snecko","floor":25,"turns":5},{"damage":11,"enemies":"Centurion and Healer","floor":28,"turns":5},{"damage":18,"enemies":"Snake Plant","floor":30,"turns":2}],"seed_played":"-5122329735571542460","potions_obtained":[{"floor":1,"key":"SkillPotion"},{"floor":2,"key":"DuplicationPotion"},{"floor":5,"key":"Fire Potion"},{"floor":12,"key":"Strength Potion"},{"floor":19,"key":"GhostInAJar"},{"floor":23,"key":"GamblersBrew"},{"floor":25,"key":"Strength Potion"}],"is_trial":false,"path_per_floor":["M","M","M","$","M","E","R","M","T","?","M","M","?","M","R","B",null,"M","M","?","M","?","E","R","M","T","R","M","$","M"],"character_chosen":"THE_SILENT","items_purchased":["Blade Dance","Pantograph","Slice"],"campfire_rested":4,"item_purchase_floors":[4,29,29],"current_hp_per_floor":[70,70,70,70,58,58,70,52,52,52,46,18,18,17,38,17,70,64,43,43,26,26,7,28,5,5,26,15,15,0,0],"gold":14,"neow_bonus":"THREE_ENEMY_KILL","is_daily":false,"chose_seed":false,"campfire_upgraded":0,"win_rate":0.0,"timestamp":1610933490,"path_taken":["M","?","M","$","?","E","R","M","T","?","?","M","?","M","R","BOSS","M","M","?","M","?","E","R","M","T","R","M","?","M"],"items_purchased_type":["Card","Relic","Card"],"build_version":"2020-12-22","purchased_purges":1,"victory":false,"max_hp_per_floor":[70,70,70,70,70,70,70,70,70,70,70,70,70,70,70,70,70,70,70,70,70,70,70,70,70,70,70,70,70,70,70],"card_choices":[{"not_picked":["Skewer","Deflect"],"picked":"Outmaneuver","floor":1},{"not_picked":["Outmaneuver","Underhanded Strike"],"picked":"Cloak And Dagger","floor":2},{"not_picked":["Flying Knee","Dodge and Roll","Dagger Spray"],"picked":"SKIP","floor":3},{"not_picked":["Outmaneuver","Sucker Punch"],"picked":"Blade Dance","floor":5},{"not_picked":["Quick Slash","Dagger Throw"],"picked":"Endless Agony","floor":6},{"not_picked":["Cloak And Dagger","All Out Attack"],"picked":"A Thousand Cuts","floor":8},{"not_picked":["Flying Knee","Prepared"],"picked":"Accuracy","floor":11},{"not_picked":["Prepared","Concentrate","Setup"],"picked":"SKIP","floor":12},{"not_picked":["Endless Agony","Expertise"],"picked":"Blade Dance","floor":14},{"not_picked":["Burst","Malaise"],"picked":"Phantasmal Killer","floor":16},{"not_picked":["Calculated Gamble","Dodge and Roll","Prepared"],"picked":"SKIP","floor":18},{"not_picked":["Prepared","Eviscerate","Riddle With Holes"],"picked":"SKIP","floor":19},{"not_picked":["Sucker Punch+1","Poisoned Stab","Concentrate"],"picked":"SKIP","floor":21},{"not_picked":["Quick Slash+1","Sucker Punch"],"picked":"Backflip+1","floor":23},{"not_picked":["Concentrate","Underhanded Strike"],"picked":"Blade Dance+1","floor":25},{"not_picked":["PiercingWail","Bane","Eviscerate+1"],"picked":"SKIP","floor":28}],"player_experience":270895,"relics_obtained":[{"floor":6,"key":"Potion Belt"},{"floor":9,"key":"StrikeDummy"},{"floor":23,"key":"Orichalcum"},{"floor":26,"key":"PreservedInsect"}],"event_choices":[{"damage_healed":0,"gold_gain":0,"cards_transformed":["Strike_G"],"player_choice":"Transformed","damage_taken":0,"max_hp_gain":0,"max_hp_loss":0,"event_name":"Transmorgrifier","floor":10,"gold_loss":0,"cards_obtained":["Flechettes"]},{"damage_healed":0,"gold_gain":175,"player_choice":"AGREE","damage_taken":0,"max_hp_gain":0,"max_hp_loss":0,"event_name":"Liars Game","floor":13,"gold_loss":0,"cards_obtained":["Doubt"]},{"cards_removed":["Doubt"],"damage_healed":0,"gold_gain":0,"player_choice":"Gave Gold","damage_taken":0,"max_hp_gain":0,"max_hp_loss":0,"event_name":"Beggar","floor":20,"gold_loss":75},{"damage_healed":0,"gold_gain":0,"player_choice":"Inject Mutagens","damage_taken":0,"relics_obtained":["MutagenicStrength"],"max_hp_gain":0,"max_hp_loss":0,"event_name":"Drug Dealer","floor":22,"gold_loss":0}],"is_beta":false,"boss_relics":[{"not_picked":["Coffee Dripper","Philosopher\u0027s Stone"],"picked":"Ectoplasm"}],"items_purged_floors":[29],"is_endless":false,"potions_floor_spawned":[1,2,5,12,19,23,25],"killed_by":"Snake Plant","ascension_level":3}}