{"host":"5ezk7t18wcb10u1o","time":1610931226,"event":{"mods":["BaseMod","Bestiary","Colored Powertips","Minty Spire (QoL Compilation)","Relic Sorter"],"gold_per_floor":[109,126,126,20,39,67,77,152,179,179,179,195,195,195,195,291,291,315,69,113,113,126,161,161,161,216,216,236,252,202,202,202,202,202],"floor_reached":33,"language":"ENG","playtime":1909,"items_purged":["Strike_B","Defend_B"],"score":626,"play_id":"974a39b1-2309-4f7a-8c60-e86625eec6da","local_time":"20210118005346","is_ascension_mode":true,"campfire_choices":[{"floor":11.0,"key":"REST"},{"floor":13.0,"key":"REST"},{"data":"Loop","floor":15.0,"key":"SMITH"},{"floor":24.0,"key":"REST"},{"floor":27.0,"key":"REST"},{"floor":32,"key":"REST"}],"circlet_count":0,"master_deck":["AscendersBane","Strike_B+1","Strike_B+1","Defend_B+1","Defend_B+1","Defend_B+1","Zap","Dualcast","Chill","Lockon","Buffer","Chill","PanicButton","Loop+1","Tempest","Sunder","Electrodynamics","Chill","Blizzard","Conserve Battery","BootSequence","Reboot","Go for the Eyes"],"relics":["Cracked Core","DataDisk","Boot","Golden Idol","Empty Cage","Chemical X","Red Mask","Lantern","Smiling Mask"],"acts_visited":["Exordium","TheCity"],"potions_floor_usage":[33,33],"damage_taken":[{"damage":3.0,"enemies":"Small Slimes","floor":1.0,"turns":3.0},{"damage":0.0,"enemies":"Cultist","floor":2.0,"turns":3.0},{"damage":0.0,"enemies":"2 Louse","floor":5.0,"turns":2.0},{"damage":22.0,"enemies":"3 Sentries","floor":6.0,"turns":13.0},{"damage":20.0,"enemies":"Exordium Thugs","floor":7.0,"turns":5.0},{"damage":0.0,"enemies":"3 Louse","floor":12.0,"turns":4.0},{"damage":0.0,"enemies":"Slime Boss","floor":16.0,"turns":5.0},{"damage":13.0,"enemies":"2 Thieves","floor":18.0,"turns":4.0},{"damage":24.0,"enemies":"Masked Bandits","floor":20.0,"turns":3.0},{"damage":24.0,"enemies":"Chosen","floor":22.0,"turns":7.0},{"damage":12.0,"enemies":"Slavers","floor":23.0,"turns":4.0},{"damage":4.0,"enemies":"3 Cultists","floor":28.0,"turns":5.0},{"damage":0.0,"enemies":"Centurion and Healer","floor":29.0,"turns":9.0},{"damage":93,"enemies":"Automaton","floor":33,"turns":12}],"seed_played":"-149164840388246821","potions_obtained":[{"floor":2.0,"key":"PowerPotion"},{"floor":12.0,"key":"BlessingOfTheForge"},{"floor":16.0,"key":"SpeedPotion"},{"floor":18.0,"key":"Dexterity Potion"},{"floor":28.0,"key":"LiquidBronze"},{"floor":29.0,"key":"AttackPotion"}],"is_trial":false,"path_per_floor":["M","M","?","$","M","E","M","?","T","$","R","M","R","?","R","B",null,"M","$","?","?","M","E","R","?","T","R","M","M","$","?","R","B"],"character_chosen":"DEFECT","items_purchased":["PanicButton","Chemical X"],"campfire_rested":5,"item_purchase_floors":[4,19],"current_hp_per_floor":[68,68,68,68,68,46,26,15,15,15,38,38,61,61,61,61,74,61,61,37,37,13,1,24,24,24,47,43,43,43,43,66,0,0],"gold":202,"neow_bonus":"TEN_PERCENT_HP_BONUS","is_daily":false,"chose_seed":false,"campfire_upgraded":1,"win_rate":0.0,"timestamp":1610931226,"path_taken":["M","M","?","?","?","E","M","?","T","?","R","M","R","?","R","BOSS","M","$","?","?","M","E","R","?","T","R","M","M","$","?","R","BOSS"],"items_purchased_type":["Card","Relic"],"build_version":"2020-12-22","purchased_purges":2,"victory":false,"max_hp_per_floor":[78,78,78,78,78,78,78,78,78,78,78,78,78,78,78,78,78,78,78,78,78,78,78,78,78,78,78,78,78,78,78,78,78,78],"card_choices":[{"not_picked":["Hologram","Beam Cell"],"picked":"Chill","floor":1.0},{"not_picked":["Hologram","FTL"],"picked":"Lockon","floor":2.0},{"not_picked":["Reinforced Body","Go for the Eyes"],"picked":"Loop","floor":5.0},{"not_picked":["Rip and Tear","White Noise"],"picked":"Tempest","floor":6.0},{"not_picked":["Stack","Capacitor","Redo"],"picked":"SKIP","floor":7.0},{"not_picked":["Consume","Coolheaded"],"picked":"Sunder","floor":12.0},{"not_picked":["Buffer","Echo Form"],"picked":"Electrodynamics","floor":16.0},{"not_picked":["Rebound","Recycle"],"picked":"Chill","floor":18.0},{"not_picked":["Steam Power+1","Streamline"],"picked":"Blizzard","floor":20.0},{"not_picked":["Static Discharge","White Noise"],"picked":"Conserve Battery","floor":22.0},{"not_picked":["Turbo","Heatsinks"],"picked":"BootSequence","floor":23.0},{"not_picked":["Steam","Leap"],"picked":"Reboot","floor":28.0},{"not_picked":["Skim","Streamline"],"picked":"Go for the Eyes","floor":29.0}],"player_experience":1136520,"relics_obtained":[{"floor":6.0,"key":"DataDisk"},{"floor":9.0,"key":"Boot"},{"floor":20.0,"key":"Red Mask"},{"floor":23.0,"key":"Lantern"},{"floor":26.0,"key":"Smiling Mask"}],"event_choices":[{"damage_healed":0.0,"max_hp_gain":0.0,"max_hp_loss":0.0,"gold_gain":0.0,"event_name":"Match and Keep!","player_choice":"2 cards matched","floor":3.0,"gold_loss":0.0,"damage_taken":0.0,"cards_obtained":["Buffer","Chill"]},{"damage_healed":0.0,"max_hp_gain":0.0,"max_hp_loss":0.0,"gold_gain":75.0,"event_name":"World of Goop","player_choice":"Gather Gold","floor":8.0,"gold_loss":0.0,"damage_taken":11.0},{"damage_healed":0.0,"max_hp_gain":0.0,"max_hp_loss":0.0,"gold_gain":0.0,"event_name":"Golden Idol","player_choice":"Take Wound","floor":14.0,"gold_loss":0.0,"damage_taken":0.0,"relics_obtained":["Golden Idol"],"cards_obtained":["Injury"]},{"damage_healed":0.0,"max_hp_gain":0.0,"max_hp_loss":0.0,"gold_gain":0.0,"event_name":"Masked Bandits","player_choice":"Fought Bandits","floor":20.0,"gold_loss":0.0,"damage_taken":0.0},{"damage_healed":0.0,"max_hp_gain":0.0,"max_hp_loss":0.0,"gold_gain":0.0,"event_name":"The Mausoleum","player_choice":"Ignored","floor":21.0,"gold_loss":0.0,"damage_taken":0.0},{"damage_healed":0.0,"max_hp_gain":0.0,"max_hp_loss":0.0,"gold_gain":0.0,"event_name":"Ghosts","player_choice":"Ignored","floor":25.0,"gold_loss":0.0,"damage_taken":0.0},{"damage_healed":0,"gold_gain":0,"player_choice":"Simplicity","damage_taken":0,"max_hp_gain":0,"max_hp_loss":0,"event_name":"Back to Basics","floor":31,"gold_loss":0,"cards_upgraded":["Strike_B","Strike_B","Defend_B","Defend_B","Defend_B"]}],"is_beta":false,"boss_relics":[{"not_picked":["Ectoplasm","Calling Bell"],"picked":"Empty Cage"}],"items_purged_floors":[19,30],"is_endless":false,"potions_floor_spawned":[2,12,16,18,28,29],"killed_by":"Automaton","ascension_level":20}}