{"host":"y193d0agu1dp5x1y","time":1610946821,"event":{"mods":["AchievementEnabler","BaseMod","Googly Eyes","Minty Spire (QoL Compilation)"],"gold_per_floor":[99,99,99,111,126,154,254,254,301,318,288,288,113,194,194,295,295,306,325,337,262,262,297,309,309,309],"floor_reached":25,"language":"ENG","playtime":994,"items_purged":["Ball Lightning"],"score":223,"play_id":"a327ddb9-d02e-4c35-b41d-e0a59b8d8c28","local_time":"20210117231341","is_ascension_mode":false,"campfire_choices":[{"data":"Zap","floor":8,"key":"SMITH"},{"data":"Hello World","floor":15,"key":"SMITH"}],"circlet_count":0,"master_deck":["Strike_B+1","Strike_B+1","Strike_B+1","Defend_B+1","Defend_B+1","Defend_B+1","Zap+1","Leap","Hello World+1","Echo Form","Glacier+1","Ball Lightning+1"],"relics":["Cracked Core","NeowsBlessing","War Paint","Bag of Preparation","Whetstone","Pantograph","Empty Cage","TungstenRod"],"acts_visited":["Exordium","TheCity"],"potions_floor_usage":[10,18,19,23,23],"damage_taken":[{"damage":0,"enemies":"Small Slimes","floor":1,"turns":1},{"damage":0,"enemies":"Jaw Worm","floor":4,"turns":1},{"damage":0,"enemies":"Cultist","floor":5,"turns":1},{"damage":31,"enemies":"Gremlin Nob","floor":6,"turns":5},{"damage":0,"enemies":"Blue Slaver","floor":10,"turns":3},{"damage":7,"enemies":"Exordium Thugs","floor":11,"turns":4},{"damage":13,"enemies":"The Guardian","floor":16,"turns":10},{"damage":1,"enemies":"Spheric Guardian","floor":18,"turns":3},{"damage":0,"enemies":"Chosen","floor":19,"turns":5},{"damage":47,"enemies":"3 Cultists","floor":20,"turns":7},{"damage":29,"enemies":"Book of Stabbing","floor":23,"turns":6},{"damage":0,"enemies":"Snecko","floor":24,"turns":5},{"damage":33,"enemies":"Gremlin Leader","floor":25,"turns":3}],"seed_played":"2341291356676823629","potions_obtained":[{"floor":6,"key":"EssenceOfDarkness"},{"floor":16,"key":"Ancient Potion"},{"floor":18,"key":"LiquidBronze"},{"floor":19,"key":"SpeedPotion"},{"floor":20,"key":"LiquidBronze"}],"is_trial":false,"path_per_floor":["M","?","?","M","M","E","?","R","T","M","M","?","$","T","R","B",null,"M","M","M","$","?","E","M","E"],"character_chosen":"DEFECT","items_purchased":["Ball Lightning","Whetstone"],"campfire_rested":0,"item_purchase_floors":[13,13],"current_hp_per_floor":[75,80,64,64,64,33,33,33,33,33,26,26,26,26,26,38,80,79,79,32,32,58,29,29,0,0],"gold":309,"neow_bonus":"THREE_ENEMY_KILL","is_daily":false,"chose_seed":false,"campfire_upgraded":2,"win_rate":0.0,"timestamp":1610946821,"path_taken":["M","?","?","M","?","E","?","R","T","M","?","?","$","?","R","BOSS","M","?","M","$","?","E","M","E"],"items_purchased_type":["Card","Relic"],"build_version":"2020-12-22","purchased_purges":1,"victory":false,"max_hp_per_floor":[75,80,80,80,80,80,80,80,80,80,80,80,80,80,80,80,80,80,80,80,80,80,80,80,80,80],"card_choices":[{"not_picked":["Heatsinks","Ball Lightning","Cold Snap"],"picked":"SKIP","floor":1},{"not_picked":["Defragment","Compile Driver"],"picked":"Leap","floor":4},{"not_picked":["Genetic Algorithm","Streamline","Double Energy"],"picked":"SKIP","floor":5},{"not_picked":["Glacier","Streamline","Genetic Algorithm"],"picked":"SKIP","floor":6},{"not_picked":["Fusion","Chill"],"picked":"Hello World","floor":10},{"not_picked":["Coolheaded","Glacier","Redo"],"picked":"SKIP","floor":11},{"not_picked":["Biased Cognition","Rainbow"],"picked":"Echo Form","floor":16},{"not_picked":["Force Field","Double Energy"],"picked":"Glacier+1","floor":18},{"not_picked":["Sweeping Beam","Stack","Darkness"],"picked":"SKIP","floor":19},{"not_picked":["Redo","FTL+1"],"picked":"Ball Lightning+1","floor":20},{"not_picked":["Reinforced Body+1","Blizzard+1","Redo"],"picked":"SKIP","floor":23},{"not_picked":["Reinforced Body","Hologram","Sweeping Beam"],"picked":"SKIP","floor":24}],"player_experience":119379,"relics_obtained":[{"floor":6,"key":"War Paint"},{"floor":9,"key":"Bag of Preparation"},{"floor":14,"key":"Pantograph"},{"floor":23,"key":"TungstenRod"}],"event_choices":[{"damage_healed":0,"gold_gain":0,"player_choice":"Donut","damage_taken":0,"max_hp_gain":5,"max_hp_loss":0,"event_name":"Big Fish","floor":2,"gold_loss":0},{"damage_healed":0,"gold_gain":0,"player_choice":"Entered Light","damage_taken":16,"max_hp_gain":0,"max_hp_loss":0,"event_name":"Shining Light","floor":3,"gold_loss":0,"cards_upgraded":["Strike_B","Defend_B"]},{"damage_healed":0,"gold_gain":100,"player_choice":"Pray","damage_taken":0,"max_hp_gain":0,"max_hp_loss":0,"event_name":"Golden Shrine","floor":7,"gold_loss":0},{"cards_removed":["Dualcast"],"damage_healed":0,"gold_gain":0,"player_choice":"Offered Basic","damage_taken":0,"max_hp_gain":0,"max_hp_loss":0,"event_name":"Bonfire Elementals","floor":12,"gold_loss":0},{"damage_healed":26,"gold_gain":0,"player_choice":"Heal","damage_taken":0,"max_hp_gain":0,"max_hp_loss":0,"event_name":"The Library","floor":22,"gold_loss":0}],"is_beta":false,"boss_relics":[{"not_picked":["Nuclear Battery","Cursed Key"],"picked":"Empty Cage"}],"items_purged_floors":[21],"is_endless":false,"potions_floor_spawned":[1,6,16,18,19,20],"killed_by":"Gremlin Leader","ascension_level":0}}