{"host":"2t0ddmgeopc3yqug","time":1610982969,"event":{"mods":["AchievementEnabler","BaseMod","BetterRewards","Colored Map","Colored Powertips","GungeonMod","Hermit","Lobotomy","Marisa£¨Ùöéë¡¡Øª×âÞÞ£©","Minty Spire (QoL Compilation)","Rare Cards Sparkle","Replay The Spire","Shop Mod","StSLib","SuperFastMode","The Cursed","The Poker Player","everything is the same but u backflip on backflip"],"gold_per_floor":[115,115,133,113,43,43,59,90,90,90,107,107,32,52,52,155,155,170,186,0,0,0,0,18,18,18,18,31,31,56,76,76,180,180,197,197,197,210,226,253,0,0,23,23,41,66,66,83,83,83],"floor_reached":51,"language":"KOR","playtime":3809,"items_purged":[],"score":802,"play_id":"8e67ab88-d293-4396-b4ff-f3c38d58b7ed","local_time":"20210119001609","is_ascension_mode":false,"campfire_choices":[{"data":"hermit:TakeAim","floor":6.0,"key":"SMITH"},{"floor":10.0,"key":"REST"},{"floor":12.0,"key":"REST"},{"data":"hermit:FatalDesire","floor":15.0,"key":"SMITH"},{"floor":23.0,"key":"REST"},{"floor":27.0,"key":"REST"},{"floor":32.0,"key":"REST"},{"data":"hermit:ShadowCloak","floor":44,"key":"SMITH"},{"floor":49,"key":"REST"}],"circlet_count":0,"master_deck":["hermit:Strike_Hermit","hermit:Strike_Hermit","hermit:Strike_Hermit","hermit:Strike_Hermit","hermit:Defend_Hermit","hermit:Defend_Hermit","hermit:Defend_Hermit","hermit:Snapshot","hermit:Covet","Parasite","hermit:Reprieve","hermit:EyeOfTheStorm","hermit:TakeAim+1","hermit:FatalDesire+1","hermit:TakeAim","hermit:ShadowCloak+1","hermit:FinalCanter","hermit:FinalCanter","hermit:Brawl","Shame","Decay","hermit:Determination","hermit:FinalCanter","hermit:OverwhelmingPower","Looming Evil","Writhe","hermit:Snipe+1","hermit:Grudge+1","Doubt","Looming Evil","Wraith"],"relics":["hermit:Momento","Du-Vu Doll","Bird Faced Urn","Mummified Hand","Cursed Key","Nilry\u0027s Codex","Matryoshka","Question Card","InkBottle","Ancient Tea Set","SlaversCollar","ReplayTheSpireMod:Ring of Collecting","ReplayTheSpireMod:Ring of Challenge","Lizard Tail","Red Mask","Centennial Puzzle","Ring of Fangs","Bag of Marbles","Pen Nib"],"acts_visited":["Exordium","TheCity","TheBeyond"],"potions_floor_usage":[48,50,50,50],"damage_taken":[{"damage":8.0,"enemies":"Jaw Worm","floor":1.0,"turns":3.0},{"damage":5.0,"enemies":"Cultist","floor":3.0,"turns":4.0},{"damage":5.0,"enemies":"Small Slimes","floor":7.0,"turns":4.0},{"damage":48.0,"enemies":"3 Sentries","floor":8.0,"turns":10.0},{"damage":13.0,"enemies":"2 Fungi Beasts","floor":11.0,"turns":4.0},{"damage":5.0,"enemies":"Looter","floor":14.0,"turns":3.0},{"damage":52.0,"enemies":"Hexaghost","floor":16.0,"turns":15.0},{"damage":24.0,"enemies":"Chosen","floor":18.0,"turns":6.0},{"damage":11.0,"enemies":"2 Thieves","floor":19.0,"turns":3.0},{"damage":23.0,"enemies":"Centurion and Healer","floor":24.0,"turns":4.0},{"damage":21.0,"enemies":"Sentry and Sphere","floor":28.0,"turns":4.0},{"damage":0.0,"enemies":"Snake Plant","floor":29.0,"turns":1.0},{"damage":35.0,"enemies":"Book of Stabbing","floor":30.0,"turns":5.0},{"damage":11.0,"enemies":"Cultist and Chosen","floor":31.0,"turns":3.0},{"damage":47.0,"enemies":"Champ","floor":33.0,"turns":6.0},{"damage":26.0,"enemies":"3 Darklings","floor":35.0,"turns":3.0},{"damage":59,"enemies":"3 Shapes","floor":38,"turns":3},{"damage":29,"enemies":"Spire Growth","floor":39,"turns":4},{"damage":31,"enemies":"Giant Head","floor":40,"turns":4},{"damage":23,"enemies":"4 Shapes","floor":45,"turns":5},{"damage":51,"enemies":"R_Hoarder","floor":46,"turns":6},{"damage":7,"enemies":"Transient","floor":48,"turns":5},{"damage":137,"enemies":"Awakened One","floor":50,"turns":7}],"seed_played":"7337059281385457188","potions_obtained":[{"floor":3.0,"key":"hermit:Tonic"},{"floor":4.0,"key":"Fruit Juice"},{"floor":8.0,"key":"Explosive Potion"},{"floor":16.0,"key":"EntropicBrew"},{"floor":28.0,"key":"Strength Potion"},{"floor":31.0,"key":"SkillPotion"},{"floor":33.0,"key":"Dexterity Potion"},{"floor":45,"key":"SneckoOil"},{"floor":46,"key":"LiquidBronze"},{"floor":48,"key":"Strength Potion"}],"is_trial":false,"path_per_floor":["M","?","M","?","$","R","M","E","T","R","M","R","$","M","R","B",null,"M","M","?","?","?","R","M","?","T","R","M","M","E","M","R","B",null,"M","?","?","M","M","E","?","?","T","R","M","E","?","M","R","B",null],"character_chosen":"HERMIT","items_purchased":["hermit:TakeAim","hermit:TakeAim"],"campfire_rested":6,"item_purchase_floors":[5,13],"current_hp_per_floor":[67,67,66,71,71,71,70,30,30,54,47,71,71,77,77,36,80,61,64,64,48,48,72,69,69,69,80,65,65,42,43,67,32,80,64,64,80,37,28,23,23,80,80,80,69,43,43,48,72,10],"gold":83,"neow_bonus":"ONE_RARE_RELIC","is_daily":false,"chose_seed":false,"campfire_upgraded":3,"win_rate":0.0,"timestamp":1610982969,"path_taken":["M","?","?","?","?","R","M","E","T","R","?","R","$","?","R","BOSS","M","?","?","?","?","R","?","?","T","R","M","M","E","M","R","BOSS","M","?","?","M","M","E","?","?","T","R","M","E","?","?","R","BOSS"],"items_purchased_type":["Card","Card"],"build_version":"2020-12-22","purchased_purges":0,"victory":true,"max_hp_per_floor":[75,75,75,80,80,80,80,80,80,80,80,80,80,80,80,80,80,80,80,80,80,80,80,80,80,80,80,80,80,80,80,80,80,80,80,80,80,80,80,80,80,80,80,80,80,80,80,80,80,80],"card_choices":[{"not_picked":["hermit:HoleUp","hermit:Determination","hermit:Ricochet"],"picked":"SKIP","floor":1.0},{"not_picked":["hermit:Manifest","hermit:Spite"],"picked":"hermit:EyeOfTheStorm","floor":3.0},{"not_picked":["hermit:Vantage","hermit:Glare","hermit:Coalescence"],"picked":"SKIP","floor":7.0},{"not_picked":["hermit:CalledShot","hermit:Desperado","hermit:Deadeye"],"picked":"SKIP","floor":8.0},{"not_picked":["hermit:Ricochet","hermit:Headshot"],"picked":"hermit:FatalDesire","floor":11.0},{"not_picked":["hermit:Ricochet","hermit:Virtue"],"picked":"hermit:ShadowCloak","floor":14.0},{"not_picked":["hermit:OverwhelmingPower","hermit:RoundhouseKick"],"picked":"hermit:FinalCanter","floor":16.0},{"not_picked":["hermit:Midnight+1","hermit:Roulette+1","hermit:Desperado"],"picked":"SKIP","floor":18.0},{"not_picked":["hermit:Gestalt+1","hermit:Ricochet","hermit:WideOpen+1"],"picked":"SKIP","floor":19.0},{"not_picked":["hermit:Coalescence","hermit:Ricochet"],"picked":"hermit:Brawl","floor":24.0},{"not_picked":["hermit:Ricochet","hermit:Combo","hermit:LuckOfTheDraw+1"],"picked":"hermit:Determination","floor":28.0},{"not_picked":["hermit:Roulette+1","hermit:Midnight","hermit:Snipe"],"picked":"hermit:FinalCanter","floor":30.0},{"not_picked":["hermit:WideOpen+1","hermit:Maintenance","hermit:LuckOfTheDraw","hermit:ItchyTrigger"],"picked":"SKIP","floor":31.0},{"not_picked":["hermit:BlackWind","hermit:FatalDesire","hermit:FinalCanter"],"picked":"hermit:OverwhelmingPower","floor":33.0},{"not_picked":["hermit:GoldenBullet","hermit:Shortfuse+1","hermit:SprayPray","hermit:Headshot"],"picked":"SKIP","floor":35.0},{"not_picked":["hermit:Quickdraw+1","hermit:LowProfile","hermit:Ricochet+1"],"picked":"hermit:Snipe+1","floor":38},{"not_picked":["hermit:LoneWolf","hermit:ItchyTrigger","hermit:TakeAim+1","hermit:Coalescence"],"picked":"SKIP","floor":39},{"not_picked":["hermit:BlackWind","hermit:Feint","hermit:GhostlyPresence+1"],"picked":"hermit:Grudge+1","floor":40},{"not_picked":["hermit:Desperado","hermit:TrackingShot","hermit:SprayPray+1","hermit:Vantage"],"picked":"SKIP","floor":45},{"not_picked":["hermit:TrackingShot","hermit:Maintenance","hermit:LuckOfTheDraw","hermit:SprayPray+1"],"picked":"SKIP","floor":46},{"not_picked":["hermit:Quickdraw+1","hermit:HighCaliber","hermit:LuckOfTheDraw","hermit:Misfire+1"],"picked":"SKIP","floor":48}],"player_experience":89225,"relics_obtained":[{"floor":8.0,"key":"Bird Faced Urn"},{"floor":9.0,"key":"Mummified Hand"},{"floor":21.0,"key":"Nilry\u0027s Codex"},{"floor":26.0,"key":"Question Card"},{"floor":26.0,"key":"InkBottle"},{"floor":30.0,"key":"Ancient Tea Set"},{"floor":36,"key":"ReplayTheSpireMod:Ring of Collecting"},{"floor":36,"key":"ReplayTheSpireMod:Ring of Challenge"},{"floor":40,"key":"Lizard Tail"},{"floor":43,"key":"Centennial Puzzle"},{"floor":43,"key":"Ring of Fangs"},{"floor":43,"key":"Bag of Marbles"},{"floor":46,"key":"Pen Nib"}],"event_choices":[{"damage_healed":0.0,"max_hp_gain":0.0,"max_hp_loss":0.0,"gold_gain":0.0,"cards_transformed":["hermit:Defend_Hermit"],"event_name":"Transmorgrifier","player_choice":"Transformed","floor":2.0,"gold_loss":0.0,"damage_taken":0.0,"cards_obtained":["hermit:Reprieve"]},{"damage_healed":0.0,"max_hp_gain":0.0,"max_hp_loss":0.0,"gold_gain":0.0,"event_name":"The Woman in Blue","player_choice":"Bought 1 Potion","floor":4.0,"gold_loss":0.0,"damage_taken":0.0},{"damage_healed":0.0,"max_hp_gain":0.0,"max_hp_loss":0.0,"gold_gain":0.0,"event_name":"Masked Bandits","player_choice":"Paid Fearfully","floor":20.0,"gold_loss":186.0,"damage_taken":0.0},{"damage_healed":0.0,"max_hp_gain":0.0,"max_hp_loss":0.0,"gold_gain":0.0,"event_name":"Cursed Tome","player_choice":"Obtained Book","floor":21.0,"gold_loss":0.0,"damage_taken":16.0},{"damage_healed":0.0,"max_hp_gain":0.0,"max_hp_loss":0.0,"gold_gain":0.0,"event_name":"Duplicator","player_choice":"Copied","floor":22.0,"gold_loss":0.0,"damage_taken":0.0,"cards_obtained":["hermit:FinalCanter"]},{"damage_healed":0.0,"max_hp_gain":0.0,"max_hp_loss":0.0,"gold_gain":0.0,"event_name":"Addict","player_choice":"Stole Relic","floor":25.0,"gold_loss":0.0,"damage_taken":0.0,"relics_obtained":["Matryoshka"],"cards_obtained":["Shame"]},{"damage_healed":20,"gold_gain":0,"player_choice":"Writhe","damage_taken":0,"max_hp_gain":0,"max_hp_loss":0,"event_name":"Winding Halls","floor":37,"gold_loss":0,"cards_obtained":["Writhe"]},{"damage_healed":0,"gold_gain":0,"player_choice":"Paid","damage_taken":0,"relics_obtained":["Red Mask"],"max_hp_gain":0,"max_hp_loss":0,"event_name":"Tomb of Lord Red Mask","floor":41,"gold_loss":253},{"damage_healed":57,"gold_gain":0,"player_choice":"Heal","damage_taken":0,"max_hp_gain":0,"max_hp_loss":0,"event_name":"MindBloom","floor":42,"gold_loss":0,"cards_obtained":["Doubt"]},{"damage_healed":0,"gold_gain":0,"player_choice":"Ignored","damage_taken":0,"max_hp_gain":0,"max_hp_loss":0,"event_name":"OrinTheCat","floor":47,"gold_loss":0}],"is_beta":false,"boss_relics":[{"not_picked":["Tiny House","Fusion Hammer"],"picked":"Cursed Key"},{"not_picked":["Empty Cage","SacredBark"],"picked":"SlaversCollar"}],"items_purged_floors":[],"is_endless":false,"potions_floor_spawned":[3,8,16,28,29,31,33,45,46,48],"ascension_level":0}}