{"host":"wyloba13dxa5qu9d","time":1610984739,"event":{"mods":["100% Spire Juice","AchievementEnabler","BaseMod","Colored Map","Colored Powertips","Downfall","Lobotomy","Marked Mod","Minty Spire (QoL Compilation)","Quick Restart","StSLib","SuperFastMode"],"gold_per_floor":[119,74,92,92,106,106,144,168,168,168,192,95,115,134,134,263,23,37,50,50,50,65,65,65,65,111,111,211,211,230,245,245,245,245],"floor_reached":33,"language":"ZHS","playtime":1173,"items_purged":[],"score":276,"play_id":"f42349b1-f06f-4406-9761-219541a34d00","local_time":"20210118234539","is_ascension_mode":false,"campfire_choices":[{"floor":10.0,"key":"REST"},{"floor":15,"key":"REST"},{"floor":23,"key":"REST"},{"data":"Moonworks:GoAway","floor":27,"key":"SMITH"},{"data":"Moonworks:CloudOfSeagulls","floor":29,"key":"SMITH"},{"data":"Moonworks:CloudOfSeagulls","floor":32,"key":"SMITH"}],"circlet_count":0,"master_deck":["Moonworks:Strike+1","Moonworks:Strike","Moonworks:Defend","Moonworks:Defend","Moonworks:Defend","Moonworks:Defend+1","Moonworks:Ambush","Moonworks:LongDistanceShot","Moonworks:CloudOfSeagulls+1","Moonworks:MiracleRedBeanIceCream","Moonworks:DeployBits","Moonworks:DeployBits","Moonworks:DeployBits","Moonworks:LulusLuckyEgg","Moonworks:DeployBits","Moonworks:CloudOfSeagulls+1","Moonworks:Flamethrower","Moonworks:GoAway+1","Moonworks:JonathanRush+1","Writhe","Moonworks:DeployBits","Moonworks:CloudOfSeagulls+1","Moonworks:LulusLuckyEgg","Moonworks:DeployBits"],"relics":["Moonworks:BrokenBomb","Moonworks:Homemark","NeowsBlessing","Golden Idol","Centennial Puzzle","Regal Pillow","Empty Cage","Molten Egg 2","Bronze Scales"],"acts_visited":["Exordium","TheCity"],"potions_floor_usage":[33],"damage_taken":[{"damage":0.0,"enemies":"Jaw Worm","floor":1.0,"turns":1.0},{"damage":0.0,"enemies":"Small Slimes","floor":3.0,"turns":1.0},{"damage":0.0,"enemies":"2 Louse","floor":5.0,"turns":1.0},{"damage":41.0,"enemies":"Lagavulin","floor":7.0,"turns":8.0},{"damage":0.0,"enemies":"2 Fungi Beasts","floor":8.0,"turns":2.0},{"damage":4.0,"enemies":"Red Slaver","floor":11.0,"turns":4.0},{"damage":13,"enemies":"Exordium Thugs","floor":12,"turns":4},{"damage":4,"enemies":"Exordium Wildlife","floor":13,"turns":3},{"damage":10,"enemies":"Large Slime","floor":14,"turns":8},{"damage":45,"enemies":"Hexaghost","floor":16,"turns":12},{"damage":18,"enemies":"Shell Parasite","floor":18,"turns":6},{"damage":7,"enemies":"Spheric Guardian","floor":19,"turns":4},{"damage":9,"enemies":"Snake Plant","floor":22,"turns":4},{"damage":14,"enemies":"Shelled Parasite and Fungi","floor":30,"turns":7},{"damage":1,"enemies":"Snecko","floor":31,"turns":5},{"damage":63,"enemies":"Automaton","floor":33,"turns":9}],"seed_played":"2745814771391765168","potions_obtained":[{"floor":1.0,"key":"Slimebound:ThreeZeroPotion"},{"floor":8.0,"key":"LiquidBronze"},{"floor":11.0,"key":"AttackPotion"},{"floor":13,"key":"SpeedPotion"},{"floor":19,"key":"LiquidMemories"}],"is_trial":false,"path_per_floor":["M","?","M","?","M","?","E","M","T","R","M","M","M","M","R","B",null,"M","M","?","?","M","R","?","$","T","R","?","R","M","M","R","B"],"character_chosen":"THE_STARBREAKER","items_purchased":[],"campfire_rested":3,"item_purchase_floors":[],"current_hp_per_floor":[60,49,49,49,49,38,2,17,17,48,49,41,42,37,56,11,56,42,40,40,40,36,56,56,56,56,56,56,56,47,51,51,0,0],"gold":245,"neow_bonus":"THREE_ENEMY_KILL","is_daily":false,"chose_seed":false,"campfire_upgraded":3,"win_rate":0.0,"timestamp":1610984739,"path_taken":["M","?","M","?","M","?","E","M","T","R","M","M","?","M","R","BOSS","M","M","?","?","M","R","?","$","T","R","?","R","M","?","R","BOSS"],"items_purchased_type":[],"build_version":"2020-12-22","purchased_purges":0,"victory":false,"max_hp_per_floor":[60,60,60,56,56,56,56,56,56,56,56,56,56,56,56,56,56,56,56,56,56,56,56,56,56,56,56,56,56,56,56,56,56,56],"card_choices":[{"not_picked":["Moonworks:Bloodlust","Moonworks:NicePresent"],"picked":"Moonworks:CloudOfSeagulls","floor":1.0},{"not_picked":["Moonworks:ReproductionOfRecords","Moonworks:Poppoformation"],"picked":"Moonworks:MiracleRedBeanIceCream","floor":3.0},{"not_picked":["Moonworks:PlushieMaster","Moonworks:EvilSpyWorkPreparation"],"picked":"Moonworks:DeployBits","floor":5.0},{"not_picked":["Moonworks:Heat300Percent","Moonworks:LeapThroughSpace"],"picked":"Moonworks:DeployBits","floor":7.0},{"not_picked":["Moonworks:FinalSurgery","Moonworks:DevilHand"],"picked":"Moonworks:DeployBits","floor":8.0},{"not_picked":["Moonworks:IndiscriminateFireSupport","Moonworks:StiffCrystal"],"picked":"Moonworks:LulusLuckyEgg","floor":11.0},{"not_picked":["Moonworks:BigMagnum","Moonworks:JonathanRush"],"picked":"Moonworks:DeployBits","floor":12},{"not_picked":["Moonworks:NicePresent","Moonworks:AngelHand"],"picked":"Moonworks:CloudOfSeagulls","floor":13},{"not_picked":["Moonworks:BigMagnum","Moonworks:EvilSpyWorkPreparation"],"picked":"Moonworks:Flamethrower","floor":14},{"not_picked":["Moonworks:RocketCannon","Moonworks:EvilMastermind"],"picked":"Moonworks:GoAway","floor":16},{"not_picked":["Moonworks:ReproductionOfRecords","Moonworks:BigMagnum+1","Moonworks:UnpaidWork"],"picked":"SKIP","floor":18},{"not_picked":["Moonworks:SakisCookie","Moonworks:BigMagnum+1"],"picked":"Moonworks:JonathanRush+1","floor":19},{"not_picked":["Moonworks:Assault+1","Moonworks:IndiscriminateFireSupport+1"],"picked":"Moonworks:DeployBits","floor":22},{"not_picked":["Moonworks:SakisCookie","Moonworks:ScrambledEve"],"picked":"Moonworks:LulusLuckyEgg","floor":30},{"not_picked":["Moonworks:SealedMemories","Moonworks:NicePresent+1"],"picked":"Moonworks:DeployBits","floor":31}],"player_experience":136290,"relics_obtained":[{"floor":7.0,"key":"Centennial Puzzle"},{"floor":9.0,"key":"Regal Pillow"},{"floor":26,"key":"Bronze Scales"}],"event_choices":[{"damage_healed":0.0,"max_hp_gain":0.0,"max_hp_loss":0.0,"gold_gain":75.0,"event_name":"World of Goop","player_choice":"Gather Gold","floor":2.0,"gold_loss":0.0,"damage_taken":11.0},{"damage_healed":0.0,"max_hp_gain":0.0,"max_hp_loss":4.0,"gold_gain":0.0,"event_name":"Golden Idol","player_choice":"Lose Max HP","floor":4.0,"gold_loss":0.0,"damage_taken":0.0,"relics_obtained":["Golden Idol"]},{"damage_healed":0.0,"max_hp_gain":0.0,"max_hp_loss":0.0,"gold_gain":0.0,"event_name":"Shining Light","player_choice":"Entered Light","floor":6.0,"gold_loss":0.0,"damage_taken":11.0,"cards_upgraded":["Moonworks:Defend","Moonworks:Strike"]},{"damage_healed":0,"gold_gain":0,"player_choice":"Ignored","damage_taken":0,"max_hp_gain":0,"max_hp_loss":0,"event_name":"Ghosts","floor":20,"gold_loss":0},{"damage_healed":0,"gold_gain":0,"player_choice":"Opened","damage_taken":0,"relics_obtained":["Molten Egg 2"],"max_hp_gain":0,"max_hp_loss":0,"event_name":"The Mausoleum","floor":21,"gold_loss":0,"cards_obtained":["Writhe"]},{"damage_healed":0,"gold_gain":0,"player_choice":"Read","damage_taken":0,"max_hp_gain":0,"max_hp_loss":0,"event_name":"The Library","floor":24,"gold_loss":0,"cards_obtained":["Moonworks:CloudOfSeagulls"]},{"damage_healed":0,"gold_gain":100,"player_choice":"Pray","damage_taken":0,"max_hp_gain":0,"max_hp_loss":0,"event_name":"Golden Shrine","floor":28,"gold_loss":0}],"is_beta":false,"boss_relics":[{"not_picked":["Velvet Choker","Runic Dome"],"picked":"Empty Cage"}],"items_purged_floors":[],"is_endless":false,"potions_floor_spawned":[1,8,11,13,19,22,30,31],"killed_by":"Automaton","ascension_level":0}}