{"host":"cjhtzh7tp54jdfyv","time":1610937386,"event":{"mods":["AchievementEnabler","BaseMod","Colored Map","Colored Powertips","Curses Come First","DeckTracker","Filter the Spire","Minty Spire (QoL Compilation)","RNG Fix","Relic Sorter","Relic Stats","StSLib","UnlockEverythingMod","ojb\u0027s Better Paths Mod","ojb\u0027s Info Mod"],"gold_per_floor":[119,44,59,79,99,99,116,149,176,176,201,201,235,250,250,323,323,335,345,33,33,33,68,68,102,102,132,146,146,162,172,172,247,247,263,183,183,83,94,121,136,163,163,178,203,203,223,242,242,242,242,242,242,0,25,25],"floor_reached":57,"language":"ENG","playtime":6071,"items_purged":["Defend_P","Defend_P","Strike_P"],"score":3198,"play_id":"564e1532-6fe9-4065-bf4a-e958fe3cad63","local_time":"20210117213626","is_ascension_mode":true,"campfire_choices":[{"data":"Eruption","floor":6.0,"key":"SMITH"},{"data":"Tantrum","floor":12.0,"key":"SMITH"},{"data":"FlurryOfBlows","floor":15.0,"key":"SMITH"},{"data":"Blasphemy","floor":29.0,"key":"SMITH"},{"data":"FlurryOfBlows","floor":32.0,"key":"SMITH"},{"floor":46.0,"key":"RECALL"},{"data":"Vault","floor":49.0,"key":"SMITH"}],"circlet_count":0,"master_deck":["AscendersBane","Strike_P+1","Strike_P+1","Strike_P+1","Eruption+1","Vigilance+1","JustLucky+1","EmptyFist+1","InnerPeace+1","FlurryOfBlows+1","Tantrum+1","EmptyMind+1","CutThroughFate+1","Blasphemy+1","InnerPeace+1","Ghostly+1","Ghostly+1","Ghostly+1","Fasting2+1","LessonLearned+1","FlurryOfBlows+1","TalkToTheHand+1","Ragnarok+1","LessonLearned+1","Wireheading+1","Sanctity+1","Vault+1"],"relics":["SacredBark","Nunchaku","StrikeDummy","Lantern","Unceasing Top","The Courier","VioletLotus","ClockworkSouvenir","Bag of Preparation","Eternal Feather","Ornamental Fan","Pantograph","Centennial Puzzle","Coffee Dripper","Potion Belt","Mercury Hourglass","Pear","OrangePellets","Lizard Tail"],"acts_visited":["Exordium","TheCity","TheBeyond","TheEnding"],"potions_floor_usage":[56,56,56],"damage_taken":[{"damage":0.0,"enemies":"Small Slimes","floor":1.0,"turns":2.0},{"damage":10.0,"enemies":"Jaw Worm","floor":3.0,"turns":4.0},{"damage":0.0,"enemies":"Cultist","floor":4.0,"turns":3.0},{"damage":1.0,"enemies":"Looter","floor":5.0,"turns":2.0},{"damage":5.0,"enemies":"3 Louse","floor":7.0,"turns":3.0},{"damage":3.0,"enemies":"3 Sentries","floor":8.0,"turns":4.0},{"damage":0.0,"enemies":"Gremlin Nob","floor":11.0,"turns":2.0},{"damage":10.0,"enemies":"Lagavulin","floor":13.0,"turns":3.0},{"damage":0.0,"enemies":"Blue Slaver","floor":14.0,"turns":2.0},{"damage":14.0,"enemies":"Hexaghost","floor":16.0,"turns":5.0},{"damage":0.0,"enemies":"Spheric Guardian","floor":18.0,"turns":1.0},{"damage":0.0,"enemies":"Shell Parasite","floor":19.0,"turns":1.0},{"damage":1.0,"enemies":"Gremlin Leader","floor":23.0,"turns":3.0},{"damage":10.0,"enemies":"Slavers","floor":25.0,"turns":2.0},{"damage":6.0,"enemies":"Book of Stabbing","floor":27.0,"turns":6.0},{"damage":0.0,"enemies":"Centurion and Healer","floor":28.0,"turns":3.0},{"damage":0.0,"enemies":"Cultist and Chosen","floor":30.0,"turns":2.0},{"damage":0.0,"enemies":"Snecko","floor":31.0,"turns":1.0},{"damage":0.0,"enemies":"Automaton","floor":33.0,"turns":6.0},{"damage":1.0,"enemies":"3 Shapes","floor":35.0,"turns":2.0},{"damage":0.0,"enemies":"3 Darklings","floor":39.0,"turns":3.0},{"damage":1.0,"enemies":"Reptomancer","floor":40.0,"turns":3.0},{"damage":1.0,"enemies":"Maw","floor":41.0,"turns":3.0},{"damage":1.0,"enemies":"Nemesis","floor":42.0,"turns":4.0},{"damage":7.0,"enemies":"Sphere and 2 Shapes","floor":44.0,"turns":1.0},{"damage":0.0,"enemies":"Giant Head","floor":45.0,"turns":4.0},{"damage":1.0,"enemies":"Transient","floor":47.0,"turns":7.0},{"damage":1.0,"enemies":"Maw","floor":48.0,"turns":5.0},{"damage":10.0,"enemies":"Awakened One","floor":50.0,"turns":7.0},{"damage":0.0,"enemies":"Donu and Deca","floor":51.0,"turns":4.0},{"damage":0.0,"enemies":"Shield and Spear","floor":55.0,"turns":4.0},{"damage":15,"enemies":"The Heart","floor":56,"turns":7}],"seed_played":"-6643225980723632966","potions_obtained":[{"floor":7.0,"key":"Explosive Potion"},{"floor":11.0,"key":"BottledMiracle"},{"floor":14.0,"key":"Swift Potion"},{"floor":16.0,"key":"LiquidBronze"},{"floor":19.0,"key":"SteroidPotion"},{"floor":23.0,"key":"EssenceOfSteel"},{"floor":27.0,"key":"FearPotion"},{"floor":33.0,"key":"EssenceOfSteel"},{"floor":41.0,"key":"Dexterity Potion"},{"floor":42.0,"key":"Explosive Potion"},{"floor":45.0,"key":"DistilledChaos"},{"floor":48.0,"key":"ColorlessPotion"},{"floor":55.0,"key":"Ancient Potion"}],"is_trial":false,"path_per_floor":["M","?","M","M","M","R","M","E","T","?","E","R","E","M","R","B",null,"M","M","$","?","$","E","?","E","T","E","M","R","M","M","R","B",null,"M","$","?","$","M","E","M","E","T","M","E","R","M","M","R","B","B",null,"R","$","E","B",null],"character_chosen":"WATCHER","items_purchased":["ClockworkSouvenir","Bag of Preparation","OrangePellets","GamblersBrew","PowerPotion"],"campfire_rested":0,"item_purchase_floors":[20,20,54,54,54],"current_hp_per_floor":[61,61,51,51,50,50,45,42,42,42,42,42,32,32,32,18,56,56,56,56,34,34,33,33,23,23,17,17,32,32,32,34,34,34,33,33,33,33,33,32,31,30,30,23,33,44,43,42,44,34,44,44,44,44,44,29],"gold":25,"neow_bonus":"BOSS_RELIC","is_daily":false,"chose_seed":false,"campfire_upgraded":6,"win_rate":0.0,"timestamp":1610937386,"path_taken":["M","?","M","M","M","R","M","E","T","?","E","R","E","M","R","BOSS","M","M","$","?","$","E","?","E","T","E","?","R","M","M","R","BOSS","M","$","?","$","M","E","M","E","T","M","E","R","M","M","R","BOSS","BOSS","R","$","E","BOSS"],"items_purchased_type":["Relic","Relic","Relic","Potion","Potion"],"build_version":"2020-12-22","purchased_purges":3,"victory":true,"max_hp_per_floor":[68,68,68,68,68,68,68,68,68,68,68,68,68,68,68,68,68,68,68,68,34,34,34,34,34,34,34,34,34,34,34,34,34,34,34,34,34,34,34,34,34,34,34,34,44,44,44,44,44,44,44,44,44,44,44,44],"relic_stats":{"counters":[32,109],"Eternal Feather":30,"Bag of Preparation":[40],"Mercury Hourglass":[147],"OrangePellets":[2],"Nunchaku":[40],"Centennial Puzzle":[24],"Lizard Tail":0,"Ornamental Fan":[348],"Pantograph":10,"VioletLotus":[53],"obtain_stats":[{"Potion Belt":40,"Lantern":9,"Pear":45,"SacredBark":0,"Eternal Feather":23,"The Courier":13,"Bag of Preparation":20,"ClockworkSouvenir":20,"Mercury Hourglass":42,"OrangePellets":54,"Nunchaku":11,"Centennial Puzzle":27,"Lizard Tail":55,"Ornamental Fan":25,"Pantograph":26,"VioletLotus":17,"Coffee Dripper":34,"PureWater":0,"StrikeDummy":8,"Unceasing Top":10},{"Potion Belt":22,"Lantern":6,"Pear":26,"SacredBark":0,"Eternal Feather":13,"The Courier":8,"Bag of Preparation":12,"ClockworkSouvenir":12,"Mercury Hourglass":24,"OrangePellets":30,"Nunchaku":7,"Centennial Puzzle":15,"Lizard Tail":31,"Ornamental Fan":14,"Pantograph":14,"VioletLotus":10,"Coffee Dripper":19,"PureWater":0,"StrikeDummy":6,"Unceasing Top":6},{"Potion Belt":63,"Lantern":18,"Pear":75,"SacredBark":0,"Eternal Feather":35,"The Courier":23,"Bag of Preparation":32,"ClockworkSouvenir":32,"Mercury Hourglass":70,"OrangePellets":98,"Nunchaku":20,"Centennial Puzzle":43,"Lizard Tail":102,"Ornamental Fan":37,"Pantograph":37,"VioletLotus":30,"Coffee Dripper":55,"PureWater":0,"StrikeDummy":18,"Unceasing Top":18}],"Unceasing Top":[17]},"card_choices":[{"not_picked":["Protect","FollowUp"],"picked":"JustLucky","floor":1.0},{"not_picked":["JustLucky","ClearTheMind"],"picked":"EmptyFist","floor":3.0},{"not_picked":["JustLucky","ReachHeaven"],"picked":"InnerPeace","floor":4.0},{"not_picked":["PathToVictory","Perseverance","MasterReality"],"picked":"SKIP","floor":5.0},{"not_picked":["EmptyBody","ThirdEye"],"picked":"FlurryOfBlows","floor":7.0},{"not_picked":["MasterReality","Halt"],"picked":"JustLucky","floor":8.0},{"not_picked":["Wireheading","JustLucky"],"picked":"Tantrum","floor":11.0},{"not_picked":["CarveReality","SashWhip"],"picked":"EmptyMind","floor":13.0},{"not_picked":["EmptyBody","WaveOfTheHand"],"picked":"CutThroughFate","floor":14.0},{"not_picked":["SpiritShield","Omniscience"],"picked":"Blasphemy","floor":16.0},{"not_picked":["Crescendo","BowlingBash","Meditate"],"picked":"SKIP","floor":18.0},{"not_picked":["EmptyMind","Halt+1"],"picked":"InnerPeace+1","floor":19.0},{"not_picked":["MentalFortress","Crescendo"],"picked":"Fasting2+1","floor":23.0},{"not_picked":["BowlingBash+1","WindmillStrike"],"picked":"LessonLearned","floor":25.0},{"not_picked":["Halt","BowlingBash"],"picked":"FlurryOfBlows","floor":27.0},{"not_picked":["BowlingBash","Crescendo"],"picked":"TalkToTheHand","floor":28.0},{"not_picked":["InnerPeace","WheelKick"],"picked":"Ragnarok","floor":30.0},{"not_picked":["JustLucky","Halt","Nirvana"],"picked":"SKIP","floor":31.0},{"not_picked":["CutThroughFate","EmptyFist+1","Protect"],"picked":"SKIP","floor":35.0},{"not_picked":["Halt","Fasting2"],"picked":"LessonLearned","floor":39.0},{"not_picked":["ThirdEye","Collect+1"],"picked":"Wireheading","floor":40.0},{"not_picked":["Prostrate","SashWhip","CrushJoints"],"picked":"SKIP","floor":41.0},{"not_picked":["ThirdEye","Consecrate+1"],"picked":"Sanctity","floor":42.0},{"not_picked":["CrushJoints","Crescendo+1","InnerPeace"],"picked":"SKIP","floor":44.0},{"not_picked":["FlurryOfBlows","Protect"],"picked":"Vault","floor":45.0},{"not_picked":["ClearTheMind","Wallop+1","FlyingSleeves"],"picked":"SKIP","floor":47.0},{"not_picked":["Worship","FearNoEvil","Collect+1"],"picked":"SKIP","floor":48.0},{"not_picked":["Worship","FearNoEvil","Collect+1"],"picked":"SKIP","floor":48.0},{"not_picked":["EmptyMind","ThirdEye","EmptyBody"],"picked":"SKIP","floor":55.0}],"player_experience":4596236,"relics_obtained":[{"floor":8.0,"key":"StrikeDummy"},{"floor":9.0,"key":"Lantern"},{"floor":11.0,"key":"Nunchaku"},{"floor":13.0,"key":"The Courier"},{"floor":23.0,"key":"Eternal Feather"},{"floor":25.0,"key":"Ornamental Fan"},{"floor":26.0,"key":"Pantograph"},{"floor":27.0,"key":"Centennial Puzzle"},{"floor":40.0,"key":"Potion Belt"},{"floor":42.0,"key":"Mercury Hourglass"},{"floor":45.0,"key":"Pear"},{"floor":55.0,"key":"Lizard Tail"}],"event_choices":[{"cards_removed":["Defend_P"],"damage_healed":0.0,"max_hp_gain":0.0,"max_hp_loss":0.0,"gold_gain":0.0,"event_name":"The Cleric","player_choice":"Card Removal","floor":2.0,"gold_loss":75.0,"damage_taken":0.0},{"cards_removed":["JustLucky"],"damage_healed":0.0,"max_hp_gain":0.0,"max_hp_loss":0.0,"gold_gain":0.0,"event_name":"WeMeetAgain","player_choice":"Gave Card","floor":10.0,"gold_loss":0.0,"damage_taken":0.0,"relics_obtained":["Unceasing Top"]},{"damage_healed":0.0,"max_hp_gain":0.0,"max_hp_loss":34.0,"gold_gain":0.0,"event_name":"Ghosts","player_choice":"Became a Ghost","floor":21.0,"gold_loss":0.0,"damage_taken":0.0,"cards_obtained":["Ghostly","Ghostly","Ghostly"]},{"cards_removed":["Defend_P"],"damage_healed":0.0,"max_hp_gain":0.0,"max_hp_loss":0.0,"gold_gain":0.0,"event_name":"Bonfire Elementals","player_choice":"Offered Basic","floor":37.0,"gold_loss":0.0,"damage_taken":0.0}],"is_beta":false,"boss_relics":[{"not_picked":["Tiny House","Philosopher\u0027s Stone"],"picked":"VioletLotus"},{"not_picked":["Sozu","Black Star"],"picked":"Coffee Dripper"}],"items_purged_floors":[20,36,38],"is_endless":false,"potions_floor_spawned":[7,11,14,16,19,23,27,31,33,39,41,42,45,48,55],"ascension_level":20}}