{"host":"15dd7v8o90xso62x","time":1610959560,"event":{"mods":["BaseMod","Minty Spire (QoL Compilation)","Quick Restart","StSLib","SuperFastMode"],"gold_per_floor":[109,23,98,98,109,109,34,69,124,151,151,183,5,23,23,97,97,117,146,157,169,80,80,80,80],"floor_reached":24,"language":"KOR","playtime":623,"items_purged":["Defend_G","Strike_G"],"score":574,"play_id":"f6e997de-528e-49f6-97d4-12fa7efc862f","local_time":"20210118174600","is_ascension_mode":true,"campfire_choices":[{"data":"Dagger Spray","floor":6,"key":"SMITH"},{"data":"Storm of Steel","floor":11,"key":"SMITH"},{"data":"Dash","floor":15,"key":"SMITH"},{"data":"Crippling Poison","floor":23,"key":"SMITH"}],"circlet_count":0,"master_deck":["AscendersBane","Strike_G","Strike_G","Strike_G","Defend_G","Defend_G","Defend_G","Survivor","Neutralize","Dash+1","Well Laid Plans","Dagger Spray+1","Storm of Steel+1","Calculated Gamble","Crippling Poison+1","Footwork","After Image","Blade Dance","Backflip+1","Infinite Blades","Tactician"],"relics":["Ring of the Snake","NeowsBlessing","MealTicket","InkBottle","Bag of Preparation","Blue Candle","Shuriken","Empty Cage","Red Mask"],"acts_visited":["Exordium","TheCity"],"potions_floor_usage":[16,16,21,21],"damage_taken":[{"damage":0,"enemies":"Jaw Worm","floor":1,"turns":1},{"damage":0,"enemies":"2 Louse","floor":5,"turns":1},{"damage":0,"enemies":"Gremlin Nob","floor":8,"turns":1},{"damage":15,"enemies":"3 Sentries","floor":10,"turns":7},{"damage":6,"enemies":"Gremlin Nob","floor":12,"turns":3},{"damage":0,"enemies":"Small Slimes","floor":14,"turns":1},{"damage":0,"enemies":"Slime Boss","floor":16,"turns":2},{"damage":8,"enemies":"Spheric Guardian","floor":18,"turns":3},{"damage":6,"enemies":"Masked Bandits","floor":19,"turns":3},{"damage":8,"enemies":"2 Thieves","floor":20,"turns":3},{"damage":1,"enemies":"Snecko","floor":21,"turns":3},{"damage":53,"enemies":"Book of Stabbing","floor":24,"turns":7}],"seed_played":"3923991801297130408","potions_obtained":[{"floor":8,"key":"Energy Potion"},{"floor":12,"key":"CunningPotion"},{"floor":14,"key":"SteroidPotion"},{"floor":16,"key":"DistilledChaos"},{"floor":18,"key":"GhostInAJar"}],"is_trial":false,"path_per_floor":["M","$","?","?","M","R","$","E","T","E","R","E","$","M","R","B",null,"M","?","M","M","$","R","E"],"character_chosen":"THE_SILENT","items_purchased":["Well Laid Plans","Footwork","Tactician"],"campfire_rested":0,"item_purchase_floors":[2,13,22],"current_hp_per_floor":[59,59,48,30,30,30,45,45,45,30,30,24,39,39,39,39,59,51,45,37,36,51,51,0,0],"gold":80,"neow_bonus":"THREE_ENEMY_KILL","is_daily":false,"chose_seed":false,"campfire_upgraded":4,"win_rate":0.0,"timestamp":1610959560,"path_taken":["M","$","?","?","M","R","?","E","T","E","R","E","$","M","R","BOSS","M","?","M","M","$","R","E"],"items_purchased_type":["Card","Card","Card"],"build_version":"2020-12-22","purchased_purges":2,"victory":false,"max_hp_per_floor":[66,66,66,66,66,66,66,66,66,66,66,66,66,66,66,66,66,66,66,66,66,66,66,66,66],"card_choices":[{"not_picked":["Flying Knee","Poisoned Stab"],"picked":"Dash","floor":1},{"not_picked":["Acrobatics","Deflect"],"picked":"Dagger Spray","floor":5},{"not_picked":["Flying Knee","Dagger Throw"],"picked":"Storm of Steel","floor":8},{"not_picked":["Blur","Slice"],"picked":"Calculated Gamble","floor":10},{"not_picked":["Poisoned Stab","Concentrate"],"picked":"Crippling Poison","floor":12},{"not_picked":["Cloak And Dagger","Bane","PiercingWail"],"picked":"SKIP","floor":14},{"not_picked":["Doppelganger","Malaise"],"picked":"After Image","floor":16},{"not_picked":["Flying Knee","Dagger Throw"],"picked":"Blade Dance","floor":18},{"not_picked":["PiercingWail","Deadly Poison"],"picked":"Backflip+1","floor":19},{"not_picked":["Dodge and Roll","Deflect"],"picked":"Infinite Blades","floor":20},{"not_picked":["Outmaneuver","Bouncing Flask","Sucker Punch"],"picked":"SKIP","floor":21}],"player_experience":1042663,"relics_obtained":[{"floor":8,"key":"InkBottle"},{"floor":9,"key":"Bag of Preparation"},{"floor":10,"key":"Blue Candle"},{"floor":12,"key":"Shuriken"},{"floor":19,"key":"Red Mask"}],"event_choices":[{"damage_healed":0,"gold_gain":75,"player_choice":"Gather Gold","damage_taken":11,"max_hp_gain":0,"max_hp_loss":0,"event_name":"World of Goop","floor":3,"gold_loss":0},{"damage_healed":0,"gold_gain":0,"player_choice":"Success","damage_taken":18,"relics_obtained":["MealTicket"],"max_hp_gain":0,"max_hp_loss":0,"event_name":"Scrap Ooze","floor":4,"gold_loss":0},{"damage_healed":0,"gold_gain":0,"player_choice":"Fought Bandits","damage_taken":0,"max_hp_gain":0,"max_hp_loss":0,"event_name":"Masked Bandits","floor":19,"gold_loss":0}],"is_beta":false,"boss_relics":[{"not_picked":["Busted Crown","Sozu"],"picked":"Empty Cage"}],"items_purged_floors":[7,13],"is_endless":false,"potions_floor_spawned":[8,12,14,16,18,19],"killed_by":"Book of Stabbing","ascension_level":20}}