{"host":"s41rn2jhghpwfrvz","time":1610958228,"event":{"mods":["BaseMod","Minty Spire (QoL Compilation)","Quick Restart","Relic Stats","SuperFastMode"],"gold_per_floor":[117,117,129,54,69,95,111,137,137,152,183,198,198,118,118,195,195,211,0,0],"floor_reached":19,"language":"ENG","playtime":584,"items_purged":["Prepared","Consecrate"],"score":528,"play_id":"0fc2afbb-fcf4-419c-b16e-54a95522da79","local_time":"20210118102348","daily_mods":["SealedDeck","Diverse","DeadlyEvents"],"is_ascension_mode":true,"campfire_choices":[{"data":"Quick Slash","floor":13,"key":"SMITH"},{"data":"Blur","floor":15,"key":"SMITH"}],"circlet_count":0,"master_deck":["AscendersBane","Dagger Spray","Second Wind","Conserve Battery","Beam Cell","Quick Slash+1","Blur+1","Conserve Battery","Backflip"],"relics":["Burning Blood","Anchor","Peace Pipe","The Courier","Ornamental Fan","Black Star"],"acts_visited":["Exordium","TheCity"],"potions_floor_usage":[10],"damage_taken":[{"damage":0,"enemies":"Jaw Worm","floor":1,"turns":4},{"damage":2,"enemies":"2 Louse","floor":3,"turns":2},{"damage":0,"enemies":"Small Slimes","floor":5,"turns":3},{"damage":6,"enemies":"Lagavulin","floor":6,"turns":9},{"damage":0,"enemies":"3 Louse","floor":7,"turns":2},{"damage":36,"enemies":"3 Sentries","floor":8,"turns":9},{"damage":4,"enemies":"Large Slime","floor":10,"turns":6},{"damage":0,"enemies":"Lagavulin","floor":11,"turns":8},{"damage":0,"enemies":"Red Slaver","floor":12,"turns":4},{"damage":0,"enemies":"The Guardian","floor":16,"turns":14},{"damage":0,"enemies":"2 Thieves","floor":18,"turns":5},{"damage":0,"enemies":"2 Thieves","floor":19,"turns":1}],"seed_played":"-4574643112267115211","potions_obtained":[{"floor":3,"key":"SpeedPotion"},{"floor":6,"key":"Fruit Juice"},{"floor":10,"key":"SkillPotion"},{"floor":18,"key":"Fire Potion"}],"is_trial":true,"path_per_floor":["M","?","M","$","M","E","M","E","T","M","E","M","R","$","R","B",null,"M","?"],"character_chosen":"IRONCLAD","items_purchased":[],"campfire_rested":0,"item_purchase_floors":[],"current_hp_per_floor":[74,74,75,75,75,75,75,45,45,52,58,64,64,64,64,70,78,80,80,80],"gold":0,"neow_bonus":"","is_daily":false,"chose_seed":false,"campfire_upgraded":2,"win_rate":0.0,"timestamp":1610958228,"path_taken":["M","?","M","$","M","E","M","E","T","M","E","M","R","$","R","BOSS","M","?"],"items_purchased_type":[],"build_version":"2020-12-22","purchased_purges":2,"victory":false,"max_hp_per_floor":[75,75,75,75,75,75,75,75,75,80,80,80,80,80,80,80,80,80,80,80],"relic_stats":{"Peace Pipe":0,"counters":[11,66],"Ornamental Fan":[32],"Black Star":0,"obtain_stats":[{"Peace Pipe":8,"Anchor":6,"Ornamental Fan":11,"The Courier":9,"Black Star":17,"Burning Blood":0},{"Peace Pipe":6,"Anchor":4,"Ornamental Fan":8,"The Courier":6,"Black Star":10,"Burning Blood":0},{"Peace Pipe":29,"Anchor":18,"Ornamental Fan":43,"The Courier":29,"Black Star":61,"Burning Blood":0}],"Burning Blood":47},"card_choices":[{"not_picked":["Metallicize","Ball Lightning","Coolheaded"],"picked":"SKIP","floor":1},{"not_picked":["Terror","Compile Driver","Havoc"],"picked":"SKIP","floor":3},{"not_picked":["SashWhip","Tactician","Steam Power"],"picked":"SKIP","floor":5},{"not_picked":["Protect","Thunderclap","Evaluate"],"picked":"SKIP","floor":6},{"not_picked":["Sanctity","Cleave","Flechettes"],"picked":"SKIP","floor":7},{"not_picked":["Study","ForeignInfluence","Armaments"],"picked":"SKIP","floor":8},{"not_picked":["Cloak And Dagger","EmptyFist","Quick Slash"],"picked":"SKIP","floor":10},{"not_picked":["Heavy Blade","Biased Cognition","Prepared"],"picked":"SKIP","floor":11},{"not_picked":["Conserve Battery","Tactician","Reckless Charge"],"picked":"SKIP","floor":12},{"not_picked":["Turbo","Cloak And Dagger","Barrage"],"picked":"SKIP","floor":18}],"player_experience":1782155,"relics_obtained":[{"floor":6,"key":"Anchor"},{"floor":8,"key":"Peace Pipe"},{"floor":9,"key":"The Courier"},{"floor":11,"key":"Ornamental Fan"}],"event_choices":[{"damage_healed":0,"gold_gain":0,"player_choice":"Ignored","damage_taken":0,"max_hp_gain":0,"max_hp_loss":0,"event_name":"Liars Game","floor":2,"gold_loss":0},{"damage_healed":0,"gold_gain":0,"player_choice":"Paid Fearfully","damage_taken":0,"max_hp_gain":0,"max_hp_loss":0,"event_name":"Masked Bandits","floor":19,"gold_loss":211}],"is_beta":false,"boss_relics":[{"not_picked":["Runic Pyramid","Cursed Key"],"picked":"Black Star"}],"items_purged_floors":[4,14],"is_endless":false,"potions_floor_spawned":[3,6,10,18],"killed_by":"2 Thieves","ascension_level":20}}