{"host":"k9m1r4kqf7qgss6a","time":1610970767,"event":{"mods":["Abigail Mod","Act Like it!","Aspiration","Bard","BaseMod","Challenge The Spire","Colored Map","Colored Powertips","Conspire","FutureSeer","Highlight Path","Hubris","HumanHunterMod(π÷ŒÔ…±»Àmod)","Hunter ¡‘»À","Marisa£®ÏF”Í°°ƒß¿Ì…≥£©","Minty Spire (QoL Compilation)","MostiFishMod","Pale of the Ancients","Reimu£®≤©¿ˆ¡È√Œ£©","Relic Stats","Remilia£®¿Ÿ√◊¿Ú—«£©","Replay The Spire","RumiaBox-¬∂√◊Ê´µƒ…Ò√ÿ∫–◊”","Shop Mod","StSLib","TestMod","The Administrix","The Animator","The Bladedancer","The Bug Knight","The Construct","The Cursed","The Death Knight","The Gatherer","The Poker Player","The Runesmith","The Servant 0.9.4","Waifu the Spire","Youmu£®ªÍ∆«—˝√Œ£©","Yuyuko","[GremlinLeader]The Maniac","vexMod","°æπ¶ƒ‹Mod°øªÏ„Á÷Æª∑–ﬁ∏¥≤π∂°"],"gold_per_floor":[112,126,144,164,0,27,27,60,84,117,117,151,177,195,195,270,270,290,28,28,56,67,94,94,126,126,158,186,216,48,323,323,397,397,407,15,44,59,85,120,148,148,148,178,203,236,267,2,2,2,2],"floor_reached":50,"language":"ZHS","playtime":2542,"items_purged":["Regret"],"score":2696,"play_id":"60371d7c-68da-48aa-9f5a-d7664ecdd76a","local_time":"20210118195247","daily_mods":["SealedDeck","Heirloom","Flight","DeadlyEvents","Elite Swarm"],"is_ascension_mode":true,"campfire_choices":[{"data":"QueenOfMidnight","floor":7.0,"key":"SMITH"},{"data":"TransientEternity","floor":15.0,"key":"SMITH"},{"data":"EquivalentExchange","floor":24.0,"key":"SMITH"},{"data":"CeilingFear","floor":32.0,"key":"SMITH"},{"data":"Limit Break","floor":49,"key":"SMITH"}],"circlet_count":0,"master_deck":["AscendersBane","BloodHunter","MastersStateliness","HunterOfTheNight","ReincarnationDial","FitfulNightmare","DevilSight","VampireSweep","ChainGang","LeisurelyOfLord","DiffusionOfMisfortune+1","VampireSweep+1","Stigmanizer","MastersStateliness","QueenOfMidnight+1","DemonKingCradle","TransientEternity+1","BloodySeventeenLaser","ScarletMeister","BombardNight","ScarletCoffin","ChainGang","ScarletMeister","BadLadyScramble","EquivalentExchange+1","ForecastOfChange","CeilingFear+1","BloodySeventeenLaser","BatForm","TransientEternity","KillingBlow","BloodAndWine","Barricade","ScarletCoffin","CurseOfVladTepes","MostiFishMod:ATRI","HellCatastrophe","BatForm","BloodySeventeenLaser","HellCatastrophe","Limit Break+1","MostiFishMod:Confrontation","ReplayTheSpireMod:IOU"],"relics":["ScarletHat","testmod-TestBox","DaveBox","testmod-GiftOfSatan","ArrowTower","testmod-Fortitude","conspire:TreasureMap","testmod-InjuryResistance","vexMod:BarristanHead","Matryoshka","Runesmith:AutoHammer","Mercury Hourglass","testmod-Motorcycle","RhineSuit","Quantum Egg","InkBottle","Vajra","testmod-HeartOfDaVinci","Blue Doll","testmod-D®¶j®§vu","aspiration:FrozenJewel","Pear","hubris:CuriousFeather","Lantern","Ornamental Fan","MerchantsRug","CrownOfHeavens:ReiMu","TentaclePot:ReiMu","ReplayTheSpireMod:Lightbulb","hubris:64BitClover","ReplayTheSpireMod:Spearhead","SSSystem","TungstenRod","Omamori","hubris:Towel","HollowMod:QueensCombRelic","aspiration:MysteriousAuxiliaryCore","Replay:Ringing Soul","Replay:Wax Seal","Anchor","hubris:ChampionShield","Snake Skull","Sling"],"acts_visited":["Exordium","TheCity","TheBeyond"],"potions_floor_usage":[],"damage_taken":[{"damage":6.0,"enemies":"Small Slimes","floor":1.0,"turns":3.0},{"damage":0.0,"enemies":"Cultist","floor":2.0,"turns":2.0},{"damage":0.0,"enemies":"2 Louse","floor":3.0,"turns":3.0},{"damage":8.0,"enemies":"Large Slime","floor":4.0,"turns":3.0},{"damage":1.0,"enemies":"Replay:BlueRogue","floor":6.0,"turns":3.0},{"damage":12.0,"enemies":"Lagavulin","floor":8.0,"turns":5.0},{"damage":0.0,"enemies":"HollowMod:MossKnight","floor":10.0,"turns":4.0},{"damage":3.0,"enemies":"Replay:BlueRogue","floor":12.0,"turns":4.0},{"damage":7.0,"enemies":"Lagavulin","floor":13.0,"turns":4.0},{"damage":4.0,"enemies":"2 Fungi Beasts","floor":14.0,"turns":3.0},{"damage":9.0,"enemies":"The Guardian","floor":16.0,"turns":3.0},{"damage":19.0,"enemies":"conspire:FuzzyDice","floor":18.0,"turns":2.0},{"damage":0.0,"enemies":"conspire:Head Lice","floor":21.0,"turns":3.0},{"damage":7.0,"enemies":"2 Thieves","floor":22.0,"turns":3.0},{"damage":10.0,"enemies":"HollowMod:Nosk","floor":23.0,"turns":5.0},{"damage":1.0,"enemies":"Replay:Snechameleon","floor":25.0,"turns":3.0},{"damage":0.0,"enemies":"Gremlin Leader","floor":27.0,"turns":3.0},{"damage":1.0,"enemies":"conspire:SneckoGhost","floor":28.0,"turns":3.0},{"damage":11.0,"enemies":"Book of Stabbing","floor":29.0,"turns":2.0},{"damage":10.0,"enemies":"Pondfish","floor":33.0,"turns":5.0},{"damage":22.0,"enemies":"3 Darklings","floor":35.0,"turns":4.0},{"damage":7.0,"enemies":"Giant Head","floor":37.0,"turns":4.0},{"damage":3.0,"enemies":"3 Shapes","floor":38.0,"turns":3.0},{"damage":14,"enemies":"Nemesis","floor":40,"turns":5},{"damage":0,"enemies":"Giant Head","floor":41,"turns":4},{"damage":36,"enemies":"R_Hoarder","floor":44,"turns":2},{"damage":9,"enemies":"Giant Head","floor":45,"turns":3},{"damage":44,"enemies":"Nemesis","floor":46,"turns":5},{"damage":8,"enemies":"R_Hoarder","floor":47,"turns":3},{"damage":66,"enemies":"conspire:OrnateMirror","floor":50,"turns":1}],"seed_played":"-8868795915762609118","potions_obtained":[{"floor":6.0,"key":"Adrenaline Potion"},{"floor":10.0,"key":"Block Potion"}],"is_trial":true,"path_per_floor":["M","M","M","M","$","E","R","E","T","E","?","E","E","M","R","B",null,"M","$","T","E","M","E","R","E","T","E","E","E","$","?","R","B",null,"M","$","E","M","T","E","E","?","T","E","E","E","E","$","R","B"],"character_chosen":"REMILIA","items_purchased":["conspire:TreasureMap","Quantum Egg","MerchantsRug","TentaclePot:ReiMu","ReplayTheSpireMod:Lightbulb","hubris:ChampionShield","Snake Skull","Sling"],"campfire_rested":0,"item_purchase_floors":[5,19,30,36,36,48,48,48],"current_hp_per_floor":[61,73,80,72,72,72,72,70,70,71,69,69,72,73,73,78,80,71,71,71,76,99,92,92,94,104,104,105,116,116,116,116,113,115,97,97,108,105,105,108,116,116,76,76,75,51,54,57,57,0,0],"gold":2,"neow_bonus":"","is_daily":false,"chose_seed":false,"campfire_upgraded":5,"win_rate":0.0,"timestamp":1610970767,"path_taken":["M","M","M","M","$","E","R","E","T","E","?","E","?","M","R","BOSS","M","$","?","?","M","E","R","E","T","E","E","E","?","?","R","BOSS","M","?","?","M","?","E","?","?","T","E","E","E","E","$","R","BOSS"],"items_purchased_type":["Relic","Relic","Relic","Relic","Relic","Relic","Relic","Relic"],"build_version":"2020-12-22","purchased_purges":1,"victory":false,"max_hp_per_floor":[70,75,80,80,80,80,80,80,80,80,80,80,80,80,80,80,80,85,85,85,85,99,99,99,99,109,109,109,116,116,116,116,116,116,116,116,116,116,116,116,116,116,76,76,79,82,85,88,88,88,88],"relic_stats":{"counters":[30,96],"Ornamental Fan":[36],"Snake Skull":[0],"obtain_stats":[{"Lantern":28,"DaveBox":0,"Vajra":20,"SSSystem":40,"RhineSuit":17,"Blue Doll":23,"Snake Skull":48,"Sling":48,"ScarletHat":0,"Replay:Ringing Soul":45,"testmod-InjuryResistance":6,"Matryoshka":9,"testmod-Motorcycle":13,"testmod-D®¶j®§vu":25,"hubris:CuriousFeather":27,"Replay:Wax Seal":46,"hubris:ChampionShield":48,"InkBottle":20,"MerchantsRug":30,"HollowMod:QueensCombRelic":43,"conspire:TreasureMap":5,"testmod-TestBox":0,"Pear":26,"hubris:64BitClover":37,"Quantum Egg":19,"TentaclePot:ReiMu":36,"Omamori":41,"hubris:Towel":42,"aspiration:FrozenJewel":26,"Mercury Hourglass":12,"testmod-Fortitude":0,"CrownOfHeavens:ReiMu":34,"ReplayTheSpireMod:Spearhead":39,"Anchor":47,"testmod-GiftOfSatan":0,"vexMod:BarristanHead":8,"Ornamental Fan":29,"Runesmith:AutoHammer":10,"aspiration:MysteriousAuxiliaryCore":44,"ArrowTower":0,"ReplayTheSpireMod:Lightbulb":36,"TungstenRod":41,"testmod-HeartOfDaVinci":21},{"Lantern":18,"DaveBox":0,"Vajra":12,"SSSystem":24,"RhineSuit":11,"Blue Doll":15,"Snake Skull":29,"Sling":29,"ScarletHat":0,"Replay:Ringing Soul":27,"testmod-InjuryResistance":5,"Matryoshka":6,"testmod-Motorcycle":9,"testmod-D®¶j®§vu":16,"hubris:CuriousFeather":17,"Replay:Wax Seal":28,"hubris:ChampionShield":29,"InkBottle":12,"MerchantsRug":19,"HollowMod:QueensCombRelic":25,"conspire:TreasureMap":4,"testmod-TestBox":0,"Pear":16,"hubris:64BitClover":22,"Quantum Egg":12,"TentaclePot:ReiMu":21,"Omamori":25,"hubris:Towel":25,"aspiration:FrozenJewel":16,"Mercury Hourglass":8,"testmod-Fortitude":0,"CrownOfHeavens:ReiMu":20,"ReplayTheSpireMod:Spearhead":23,"Anchor":29,"testmod-GiftOfSatan":0,"vexMod:BarristanHead":6,"Ornamental Fan":19,"Runesmith:AutoHammer":7,"aspiration:MysteriousAuxiliaryCore":26,"ArrowTower":0,"ReplayTheSpireMod:Lightbulb":21,"TungstenRod":25,"testmod-HeartOfDaVinci":13},{"Lantern":55,"DaveBox":0,"Vajra":36,"SSSystem":78,"RhineSuit":34,"Blue Doll":46,"Snake Skull":95,"Sling":95,"ScarletHat":0,"Replay:Ringing Soul":87,"testmod-InjuryResistance":12,"Matryoshka":17,"testmod-Motorcycle":28,"testmod-D®¶j®§vu":49,"hubris:CuriousFeather":52,"Replay:Wax Seal":92,"hubris:ChampionShield":95,"InkBottle":36,"MerchantsRug":57,"HollowMod:QueensCombRelic":82,"conspire:TreasureMap":9,"testmod-TestBox":0,"Pear":49,"hubris:64BitClover":70,"Quantum Egg":36,"TentaclePot:ReiMu":66,"Omamori":82,"hubris:Towel":82,"aspiration:FrozenJewel":49,"Mercury Hourglass":24,"testmod-Fortitude":0,"CrownOfHeavens:ReiMu":62,"ReplayTheSpireMod:Spearhead":73,"Anchor":95,"testmod-GiftOfSatan":0,"vexMod:BarristanHead":17,"Ornamental Fan":57,"Runesmith:AutoHammer":21,"aspiration:MysteriousAuxiliaryCore":84,"ArrowTower":0,"ReplayTheSpireMod:Lightbulb":66,"TungstenRod":82,"testmod-HeartOfDaVinci":39}],"InkBottle":[26],"TungstenRod":9,"Mercury Hourglass":[255]},"card_choices":[{"not_picked":["UnderTheZenith","VampireKiss"],"picked":"VampireSweep","floor":1.0},{"not_picked":["BlasphemousPunishment","StarOfDavid","DevilSight"],"picked":"SKIP","floor":2.0},{"not_picked":["ScarletDevil","UnstableMagic"],"picked":"Stigmanizer","floor":3.0},{"not_picked":["UnderTheZenith","CharismaGuard"],"picked":"MastersStateliness","floor":4.0},{"not_picked":["HeartBreak","BloodySeventeenLaser"],"picked":"QueenOfMidnight","floor":6.0},{"not_picked":["BloodyCatastrophe","EquivalentExchange"],"picked":"DemonKingCradle","floor":8.0},{"not_picked":["ScarletMeister","DemonKingCradle"],"picked":"TransientEternity","floor":10.0},{"not_picked":["HeartBreak","DemonKingCradle"],"picked":"BloodySeventeenLaser","floor":12.0},{"not_picked":["BloodySeventeenLaser","ScarletCoffin"],"picked":"ScarletMeister","floor":13.0},{"not_picked":["BloodHunter","ScarletDevil"],"picked":"BombardNight","floor":14.0},{"not_picked":["EquivalentExchange","BloodySeventeenLaser"],"picked":"ScarletCoffin","floor":16.0},{"not_picked":["BombardNight","VampireKiss"],"picked":"ChainGang","floor":18.0},{"not_picked":["TransientEternity","HeartBreak"],"picked":"ScarletMeister","floor":21.0},{"not_picked":["Stigmanizer","StarOfDavid"],"picked":"BadLadyScramble","floor":22.0},{"not_picked":["TransientEternity","HellCatastrophe"],"picked":"EquivalentExchange","floor":23.0},{"not_picked":["TransientEternity","HellCatastrophe"],"picked":"ForecastOfChange","floor":25.0},{"not_picked":["KillingBlow","TransientEternity"],"picked":"CeilingFear","floor":27.0},{"not_picked":["ScarletCoffin","BloodyHallows"],"picked":"BloodySeventeenLaser","floor":28.0},{"not_picked":["QueenOfMidnight","HeartBreak"],"picked":"BatForm","floor":29.0},{"not_picked":["BatForm","ForecastOfChange"],"picked":"TransientEternity","floor":33.0},{"not_picked":["CharismaGuard","BloodHunter","EndlessAdversity"],"picked":"SKIP","floor":35.0},{"not_picked":["HeartBreak","BloodySeventeenLaser"],"picked":"KillingBlow","floor":37.0},{"not_picked":["ScarletImprint","MastersStateliness"],"picked":"BloodAndWine","floor":38.0},{"not_picked":["CeilingFear","KillingBlow"],"picked":"ScarletCoffin","floor":40},{"not_picked":["BloodyCatastrophe","BloodyHallows"],"picked":"CurseOfVladTepes","floor":41},{"not_picked":["BloodyCatastrophe","HeartBreak"],"picked":"HellCatastrophe","floor":44},{"not_picked":["ScarletCoffin","TransientEternity"],"picked":"BatForm","floor":45},{"not_picked":["EquivalentExchange","KillingBlow"],"picked":"BloodySeventeenLaser","floor":46},{"not_picked":["KillingBlow","QueenOfMidnight"],"picked":"HellCatastrophe","floor":47}],"player_experience":856168,"relics_obtained":[{"floor":6.0,"key":"testmod-InjuryResistance"},{"floor":8.0,"key":"vexMod:BarristanHead"},{"floor":9.0,"key":"Matryoshka"},{"floor":10.0,"key":"Runesmith:AutoHammer"},{"floor":12.0,"key":"Mercury Hourglass"},{"floor":13.0,"key":"testmod-Motorcycle"},{"floor":20.0,"key":"InkBottle"},{"floor":20.0,"key":"Vajra"},{"floor":21.0,"key":"testmod-HeartOfDaVinci"},{"floor":23.0,"key":"Blue Doll"},{"floor":25.0,"key":"testmod-D®¶j®§vu"},{"floor":26.0,"key":"aspiration:FrozenJewel"},{"floor":26.0,"key":"Pear"},{"floor":27.0,"key":"hubris:CuriousFeather"},{"floor":28.0,"key":"Lantern"},{"floor":29.0,"key":"Ornamental Fan"},{"floor":37.0,"key":"hubris:64BitClover"},{"floor":39,"key":"ReplayTheSpireMod:Spearhead"},{"floor":40,"key":"SSSystem"},{"floor":41,"key":"TungstenRod"},{"floor":41,"key":"Omamori"},{"floor":43,"key":"HollowMod:QueensCombRelic"},{"floor":44,"key":"aspiration:MysteriousAuxiliaryCore"},{"floor":45,"key":"Replay:Ringing Soul"},{"floor":46,"key":"Replay:Wax Seal"},{"floor":47,"key":"Anchor"}],"event_choices":[{"damage_healed":0.0,"max_hp_gain":0.0,"max_hp_loss":0.0,"gold_gain":0.0,"event_name":"The Woman in Blue","player_choice":"Bought 0 Potions","floor":11.0,"gold_loss":0.0,"damage_taken":0.0},{"damage_healed":0.0,"max_hp_gain":0.0,"max_hp_loss":0.0,"gold_gain":275.0,"event_name":"Golden Shrine","player_choice":"Desecrate","floor":31.0,"gold_loss":0.0,"damage_taken":0.0,"cards_obtained":["Regret"]}],"is_beta":false,"boss_relics":[{"not_picked":["EE1DDrone","Snecko Eye"],"picked":"RhineSuit"},{"not_picked":["Abe\u0027s Treasure","hubris:BlackHole"],"picked":"CrownOfHeavens:ReiMu"}],"items_purged_floors":[48],"is_endless":true,"potions_floor_spawned":[2,4,6,10,14,16,18,22,27,37,41,45],"killed_by":"conspire:OrnateMirror","ascension_level":20}}