{"host":"2cseu44fjxeibv3f","time":1610992748,"event":{"mods":["BaseMod","Better Third Choice","BetterRewards","Colored Powertips","Energized Spire","Friendly Minions","Googly Eyes","GungeonMod","Halation","Hubris","Infinite Spire","Mimic Mod","Minty Spire (QoL Compilation)","Replay The Spire","Spicy Shops","StS++","StSLib","The Exalted","The Jungle"],"gold_per_floor":[109,109,109,7,7,7,41,55,55,70,86,86,86,86,86,182,182,201,201,201,212,212,237,237,255,255,255,274,291,310,320,330,330,330,432,432,402,422,119,137,158,158,172,212,212,244,255,282,296,296,296,315],"floor_reached":53,"language":"ENG","playtime":2393,"items_purged":["Bromod:Strike_Bro","Bromod:Strike_Bro"],"score":930,"play_id":"f71bbfd6-38f8-4a1f-b3da-ad0c3923c0c6","local_time":"20210118125908","is_ascension_mode":true,"campfire_choices":[{"data":"Bromod:RelentlessCombination","floor":6.0,"key":"SMITH"},{"floor":12.0,"key":"REST"},{"data":"Bromod:Provoked","floor":15.0,"key":"SMITH"},{"data":"Replay:Fractal Strike","floor":27.0,"key":"SMITH"},{"data":"Bromod:FastHands","floor":33.0,"key":"SMITH"},{"data":"hubris:NaturalOne","floor":42.0,"key":"SMITH"},{"data":"Bromod:ToxicBarrage","floor":51,"key":"SMITH"}],"circlet_count":0,"master_deck":["Bromod:Defend_Bro","Bromod:Defend_Bro","Bromod:Defend_Bro","Bromod:Defend_Bro","Bromod:SlashDash","Bromod:SlashDash","Bromod:SlashDash","Apotheosis+1","Bromod:RelentlessCombination+1","Bromod:Provoked+1","Bromod:OrganShatter","Bromod:SlashDash+1","Bromod:ToxicFlight+1","Bromod:OrganShatter","Replay:Fractal Strike+1","Bromod:OrganShatter","Bromod:FastHands+1","Bromod:FastHands+1","Bromod:OrganShatter+1","DemoMod:Elimentaler","Bromod:ToxicBarrage+1","Bromod:SlashDash+1","Bromod:FastHands+1","Bromod:SlashDash+1","Bromod:RadialJavelin","Bromod:TacticalPump+1","Bromod:ArchwingLauncher+1"],"relics":["Ring of the Snake","Bromod:AscarisDevice","StSpp:BrokenTotem","hubris:GlazedTorus","DemoMod:GreenGuonStone","Mirror","Replay:Mystery Machine","hubris:Towel","infinitespire:Cubic Diamond","Runic Pyramid","hubris:Icosahedron","StSpp:WoodenPendulum","DemoMod:RatBoots","DemoMod:ResourcefulSack","DemoMod:PartiallyEatenCheese","Replay:Bronze Core","energizedSpire:OgreHead","halation:PrussianBluePaint","halation:IllGainedPizza","Nunchaku","Bromod:ArcaneGuardian","DemoMod:AgedBell","hubris:FunFungus","DemoMod:GlassGuonStoneRelic","DemoMod:GundromedaStrain"],"acts_visited":["Exordium","theJungle:Jungle","DemoMod:Maze","TheBeyond"],"potions_floor_usage":[52,52],"damage_taken":[{"damage":0.0,"enemies":"Small Slimes","floor":1.0,"turns":3.0},{"damage":19.0,"enemies":"Gremlin Nob","floor":7.0,"turns":4.0},{"damage":9.0,"enemies":"Jaw Worm","floor":8.0,"turns":2.0},{"damage":0.0,"enemies":"Cultist","floor":10.0,"turns":2.0},{"damage":0.0,"enemies":"Large Slime","floor":11.0,"turns":4.0},{"damage":3.0,"enemies":"Hexaghost","floor":16.0,"turns":6.0},{"damage":4.0,"enemies":"theJungle:Flameango_and_Byrd","floor":18.0,"turns":5.0},{"damage":0.0,"enemies":"theJungle:MUSHROOMGANG","floor":21.0,"turns":4.0},{"damage":0.0,"enemies":"theJungle:Cassacara","floor":23.0,"turns":3.0},{"damage":9.0,"enemies":"Snake Plant","floor":25.0,"turns":3.0},{"damage":0.0,"enemies":"DemoMod:4_Bullet_Kins","floor":28.0,"turns":3.0},{"damage":4.0,"enemies":"DemoMod:4_Bullet_Kins_with_one_veteran","floor":29.0,"turns":5.0},{"damage":13.0,"enemies":"DemoMod:2_Mousers","floor":30.0,"turns":4.0},{"damage":0.0,"enemies":"DemoMod:Veteran_shot_gun_kin_and_blue_shotgun_kin_with_gunsinger","floor":31.0,"turns":2.0},{"damage":22.0,"enemies":"DemoMod:Veteran_shot_gun_kin_and_red_shotgun_kin_with_gunsinger","floor":32.0,"turns":4.0},{"damage":46.0,"enemies":"DemoMod:ResourcefulRat","floor":35.0,"turns":10.0},{"damage":14.0,"enemies":"3 Darklings","floor":37.0,"turns":3.0},{"damage":2.0,"enemies":"3 Shapes","floor":38.0,"turns":2.0},{"damage":0.0,"enemies":"Sphere and 2 Shapes","floor":40.0,"turns":3.0},{"damage":12.0,"enemies":"Spire Growth","floor":41.0,"turns":3.0},{"damage":2.0,"enemies":"4 Shapes","floor":43.0,"turns":2.0},{"damage":22,"enemies":"Nemesis","floor":44,"turns":4},{"damage":6,"enemies":"Jaw Worm Horde","floor":46,"turns":4},{"damage":0,"enemies":"Jaw Worm Horde","floor":47,"turns":3},{"damage":0,"enemies":"Reptomancer","floor":48,"turns":3},{"damage":0,"enemies":"Spire Growth","floor":49,"turns":2},{"damage":10,"enemies":"infinitespire:MassOfShapes","floor":52,"turns":6}],"seed_played":"-2708593142813274934","potions_obtained":[{"floor":11.0,"key":"EssenceOfSteel"},{"floor":16.0,"key":"Explosive Potion"},{"floor":25.0,"key":"SpeedPotion"},{"floor":28.0,"key":"DistilledChaos"},{"floor":37.0,"key":"Elixir"},{"floor":40.0,"key":"ColorlessPotion"},{"floor":43,"key":"DistilledChaos"},{"floor":44,"key":"Block Potion"}],"is_trial":false,"path_per_floor":["M","?","?","$","?","R","E","M","T","M","M","R","?","?","R","B",null,"M","?","?","M","$","E","AVR","M","T","R","M","M","M","M","M","R","B","B",null,"M","M","$","M","M","R","M","E","T","MIM","M","E","M","AVR","R","B",null],"character_chosen":"THE_EXALTED","items_purchased":["StSpp:BrokenTotem","hubris:GlazedTorus","DemoMod:GnawedKey","Bromod:RelentlessCombination","halation:PrussianBluePaint","halation:IllGainedPizza"],"campfire_rested":1,"item_purchase_floors":[0,0,0,4,39,39],"current_hp_per_floor":[45,45,38,38,38,38,19,10,10,10,10,32,32,32,32,29,75,71,71,71,71,71,71,71,66,75,75,75,71,64,64,42,42,26,10,75,61,59,59,59,47,47,45,29,29,23,23,23,23,23,23,17],"gold":315,"neow_bonus":"","is_daily":false,"chose_seed":false,"campfire_upgraded":6,"win_rate":0.0,"timestamp":1610992748,"path_taken":["M","?","?","$","?","R","E","?","T","M","M","R","?","?","R","BOSS","M","?","?","?","$","E","AVR","M","T","R","M","M","M","M","M","R","BOSS","BOSS","M","M","$","M","M","R","M","E","T","?","M","E","M","AVR","R","BOSS"],"items_purchased_type":["Relic","Relic","Relic","Card","Relic","Relic"],"build_version":"2020-12-22","purchased_purges":2,"victory":true,"max_hp_per_floor":[75,75,75,75,75,75,75,75,75,75,75,75,75,75,75,75,75,75,75,75,75,75,75,75,75,75,75,75,75,75,75,75,75,75,75,75,75,75,75,75,75,75,75,75,75,75,75,75,75,75,75,75],"card_choices":[{"not_picked":["Bromod:Reflection","Bromod:Vitality"],"picked":"Bromod:PressurePoint","floor":1.0},{"not_picked":["Bromod:FastHands","Bromod:SlipMagazine","Bromod:Flow"],"picked":"SKIP","floor":7.0},{"not_picked":["Bromod:BloodRush","Bromod:ReflexCoil","Bromod:SlipMagazine"],"picked":"SKIP","floor":8.0},{"not_picked":["Bromod:SteelFiber","Bromod:KillingBlow"],"picked":"Bromod:OrganShatter","floor":10.0},{"not_picked":["Bromod:Foundry","Bromod:Reflection"],"picked":"Bromod:SlashDash","floor":11.0},{"not_picked":["Bromod:Rage","Bromod:Flow"],"picked":"Bromod:ToxicFlight","floor":16.0},{"not_picked":["Bromod:BodyCount","Bromod:Vitality","Bromod:SteelFiber"],"picked":"SKIP","floor":18.0},{"not_picked":["Bromod:HeatedCharge+1","Bromod:FastHands"],"picked":"Bromod:OrganShatter","floor":21.0},{"not_picked":["Bromod:BulletJump","Bromod:Stretch","Bromod:TacticalPump"],"picked":"SKIP","floor":23.0},{"not_picked":["Bromod:PressurePoint","Bromod:Serration+1","Bromod:NoReturn","Bromod:PointStrike+1"],"picked":"Bromod:OrganShatter","floor":25.0},{"not_picked":["Bromod:HeatedCharge","Bromod:RelentlessCombination","Bromod:SteelCharge","Bromod:Redirection+1","Bromod:ContagiousSpread"],"picked":"SKIP","floor":28.0},{"not_picked":["Bromod:KillingBlow","Bromod:RelentlessCombination+1","Bromod:PointStrike","Bromod:Stormbringer"],"picked":"Bromod:FastHands+1","floor":29.0},{"not_picked":["Bromod:Redirection","Bromod:PointStrike+1","Bromod:Foundry","Bromod:BodyCount"],"picked":"Bromod:FastHands","floor":30.0},{"not_picked":["Bromod:QuickDraw","Bromod:SteelCharge+1","Bromod:ShatteringImpact","Bromod:SlipMagazine","Bromod:FashionFrame"],"picked":"SKIP","floor":31.0},{"not_picked":["Bromod:SlipMagazine","Bromod:Serration+1","Bromod:PressurePoint","Bromod:Maglev+1"],"picked":"Bromod:OrganShatter+1","floor":32.0},{"not_picked":[],"picked":"DemoMod:Elimentaler","floor":35.0},{"not_picked":["Bromod:Continuity","Bromod:ConditionOverload","Bromod:Intensify","Bromod:DriftingContact"],"picked":"Bromod:ToxicBarrage","floor":35.0},{"not_picked":["Bromod:SlashDash","Bromod:QuickDraw","Bromod:RadialBlind+1","Bromod:SlipMagazine","Bromod:Serration"],"picked":"SKIP","floor":37.0},{"not_picked":["Bromod:Reflection","Bromod:BulletJump+1","Bromod:Redirection","Bromod:QuickDraw"],"picked":"Bromod:SlashDash+1","floor":38.0},{"not_picked":["Bromod:Redirection","Bromod:ShatteringImpact+1","Bromod:FormaBlueprint+1","Bromod:HeatedCharge"],"picked":"Bromod:FastHands+1","floor":40.0},{"not_picked":["Bromod:QuickThinking","Bromod:Redirection","Bromod:Foundry+1","Bromod:BodyCount"],"picked":"Bromod:SlashDash+1","floor":41.0},{"not_picked":["Bromod:OrganShatter+1","Bromod:HornetStrike+1","Bromod:PointStrike+1","Bromod:SlipMagazine+1"],"picked":"Bromod:RadialJavelin","floor":43},{"not_picked":["Bromod:ToxicBarrage","Bromod:ReflexCoil","Bromod:PressurePoint","Bromod:Reflection"],"picked":"Bromod:TacticalPump+1","floor":44},{"not_picked":["Bromod:Adaptation","Bromod:QuickDraw","Bromod:RelentlessCombination+1","Bromod:Reflection+1"],"picked":"Bromod:ArchwingLauncher+1","floor":46},{"not_picked":["Bromod:SteelFiber","Bromod:QuickDraw","Bromod:SlashDash","Bromod:SlipMagazine","Bromod:FastHands+1"],"picked":"SKIP","floor":47},{"not_picked":["Bromod:BriefRespite+1","Bromod:ShatteringImpact","Bromod:SteelCharge+1","Bromod:QuickDraw","Bromod:Continuity"],"picked":"SKIP","floor":48},{"not_picked":["Bromod:QuickDraw","Bromod:PressurePoint","Bromod:BodyCount+1","Bromod:NorthWind","Bromod:Provoked+1"],"picked":"SKIP","floor":49}],"player_experience":146523,"relics_obtained":[{"floor":7.0,"key":"Mirror"},{"floor":9.0,"key":"Replay:Mystery Machine"},{"floor":23.0,"key":"StSpp:WoodenPendulum"},{"floor":36.0,"key":"DemoMod:RatBoots"},{"floor":36.0,"key":"DemoMod:ResourcefulSack"},{"floor":36.0,"key":"DemoMod:PartiallyEatenCheese"},{"floor":36.0,"key":"Replay:Bronze Core"},{"floor":36.0,"key":"energizedSpire:OgreHead"},{"floor":44,"key":"Nunchaku"},{"floor":45,"key":"Bromod:ArcaneGuardian"},{"floor":46,"key":"DemoMod:AgedBell"},{"floor":46,"key":"hubris:FunFungus"},{"floor":48,"key":"DemoMod:GundromedaStrain"}],"event_choices":[{"damage_healed":45.0,"max_hp_gain":0.0,"max_hp_loss":75.0,"gold_gain":0.0,"event_name":"betterThird:BetterShining","player_choice":"Embrace","floor":2.0,"gold_loss":0.0,"damage_taken":0.0},{"cards_removed":["Bromod:Strike_Bro"],"damage_healed":0.0,"max_hp_gain":0.0,"max_hp_loss":0.0,"gold_gain":0.0,"event_name":"Golden Wing","player_choice":"Card Removal","floor":3.0,"gold_loss":0.0,"damage_taken":7.0},{"damage_healed":0.0,"max_hp_gain":0.0,"max_hp_loss":0.0,"gold_gain":0.0,"cards_transformed":["Bromod:PressurePoint"],"event_name":"Transmorgrifier","player_choice":"Transformed","floor":5.0,"gold_loss":0.0,"damage_taken":0.0,"cards_obtained":["Bromod:Provoked"]},{"damage_healed":0.0,"max_hp_gain":0.0,"max_hp_loss":0.0,"gold_gain":0.0,"event_name":"Upgrade Shrine","player_choice":"Upgraded","floor":20.0,"gold_loss":0.0,"damage_taken":0.0,"cards_upgraded":["Bromod:ToxicFlight"]}],"is_beta":false,"boss_relics":[{"not_picked":["Cursed Key","Empty Cage"],"picked":"Runic Pyramid"},{"not_picked":[]}],"items_purged_floors":[0,0],"is_endless":false,"potions_floor_spawned":[11,16,25,28,30,37,40,43,44,47],"ascension_level":1}}