{"host":"z0tqw7lu1gwakzxm","time":1610945467,"event":{"mods":["BaseMod","DeckTracker","Lobotomy","Minty Spire (QoL Compilation)","StSLib","slay the spire mod where everything is the same but ironclad has a cowboy hat"],"gold_per_floor":[114,114,37,37,51,51,84,102,129,145,145,173,185,238,250,393,405,437,463,192,192,211,211,211],"floor_reached":23,"language":"ENG","playtime":893,"items_purged":[],"score":293,"play_id":"1b3bc2ae-19c8-4ab7-8002-13491d127130","local_time":"20210117235107","is_ascension_mode":true,"campfire_choices":[{"data":"Bash","floor":6,"key":"SMITH"},{"floor":15,"key":"REST"}],"circlet_count":0,"master_deck":["Bash+1","Searing Blow","Battle Trance","Anger","Feed","Perfected Strike","Heavy Blade","Flex","Combust+1","Shockwave","Intimidate","Battle Trance","Feed","True Grit","Blood for Blood","Thunderclap","Wild Strike","Twin Strike","Whirlwind","Cleave"],"relics":["Burning Blood","NeowsBlessing","NlothsMask","Lantern","Frozen Egg 2","MawBank","Golden Idol","TungstenRod","Pandora\u0027s Box","Shuriken"],"acts_visited":["Exordium","TheCity"],"potions_floor_usage":[8,14,14,23],"damage_taken":[{"damage":0,"enemies":"Cultist","floor":1,"turns":1},{"damage":0,"enemies":"2 Louse","floor":5,"turns":1},{"damage":0,"enemies":"Lagavulin","floor":7,"turns":1},{"damage":0,"enemies":"Jaw Worm","floor":8,"turns":1},{"damage":8,"enemies":"3 Louse","floor":10,"turns":4},{"damage":25,"enemies":"3 Sentries","floor":12,"turns":8},{"damage":27,"enemies":"Lagavulin","floor":14,"turns":5},{"damage":62,"enemies":"Hexaghost","floor":16,"turns":10},{"damage":14,"enemies":"Shell Parasite","floor":18,"turns":4},{"damage":14,"enemies":"2 Thieves","floor":19,"turns":2},{"damage":38,"enemies":"Snecko","floor":22,"turns":5},{"damage":20,"enemies":"Gremlin Leader","floor":23,"turns":4}],"seed_played":"17280299735781556","potions_obtained":[{"floor":7,"key":"AttackPotion"},{"floor":10,"key":"GamblersBrew"},{"floor":12,"key":"BlessingOfTheForge"},{"floor":22,"key":"EssenceOfSteel"}],"is_trial":false,"path_per_floor":["M","?","$","?","M","R","E","M","T","M","?","E","?","E","R","B",null,"M","M","$","?","M","E"],"character_chosen":"IRONCLAD","items_purchased":["Battle Trance","Shuriken","Twin Strike"],"campfire_rested":1,"item_purchase_floors":[3,20,20],"current_hp_per_floor":[80,80,80,80,80,80,80,80,80,81,78,62,62,41,65,12,65,60,52,52,52,20,0,0],"gold":211,"neow_bonus":"THREE_ENEMY_KILL","is_daily":false,"chose_seed":false,"campfire_upgraded":1,"win_rate":0.0,"timestamp":1610945467,"path_taken":["M","?","?","?","?","R","E","M","T","M","?","E","?","E","R","BOSS","M","M","$","?","?","E"],"items_purchased_type":["Card","Relic","Card"],"build_version":"2020-12-22","purchased_purges":0,"victory":false,"max_hp_per_floor":[80,80,80,80,80,80,80,80,80,83,83,86,80,80,80,83,83,86,86,86,86,86,86,86],"card_choices":[{"not_picked":["Flex","Perfected Strike"],"picked":"Searing Blow","floor":1},{"not_picked":["Shrug It Off","True Grit"],"picked":"Anger","floor":5},{"not_picked":["Uppercut","Body Slam"],"picked":"Feed","floor":7},{"not_picked":["Warcry","Feel No Pain","Heavy Blade"],"picked":"SKIP","floor":8},{"not_picked":["Warcry","Twin Strike"],"picked":"Perfected Strike","floor":10},{"not_picked":["Havoc","Anger","Warcry"],"picked":"SKIP","floor":12},{"not_picked":["Burning Pact","Flame Barrier"],"picked":"Heavy Blade","floor":14},{"not_picked":["Juggernaut+1","Berserk+1"],"picked":"Immolate","floor":16},{"not_picked":["Shockwave","Pommel Strike+1"],"picked":"Thunderclap","floor":18},{"not_picked":["Searing Blow","Perfected Strike"],"picked":"Wild Strike","floor":19},{"not_picked":["Thunderclap","Headbutt"],"picked":"Cleave","floor":22}],"player_experience":338393,"relics_obtained":[{"floor":7,"key":"Lantern"},{"floor":12,"key":"MawBank"},{"floor":14,"key":"TungstenRod"}],"event_choices":[{"damage_healed":0,"gold_gain":0,"player_choice":"Trade","damage_taken":0,"relics_obtained":["NlothsMask"],"max_hp_gain":0,"max_hp_loss":0,"event_name":"FaceTrader","floor":2,"gold_loss":0},{"cards_removed":["Strike_R"],"damage_healed":0,"gold_gain":0,"player_choice":"Offered Basic","damage_taken":0,"max_hp_gain":0,"max_hp_loss":0,"event_name":"Bonfire Elementals","floor":4,"gold_loss":0},{"damage_healed":0,"gold_gain":0,"player_choice":"Success","damage_taken":3,"relics_obtained":["Frozen Egg 2"],"max_hp_gain":0,"max_hp_loss":0,"event_name":"Scrap Ooze","floor":11,"gold_loss":0},{"damage_healed":0,"gold_gain":0,"player_choice":"Lose Max HP","damage_taken":0,"relics_obtained":["Golden Idol"],"max_hp_gain":0,"max_hp_loss":6,"event_name":"Golden Idol","floor":13,"gold_loss":0},{"damage_healed":0,"gold_gain":0,"cards_transformed":["Immolate"],"player_choice":"Transformed","damage_taken":0,"max_hp_gain":0,"max_hp_loss":0,"event_name":"Transmorgrifier","floor":21,"gold_loss":0,"cards_obtained":["Whirlwind"]}],"is_beta":false,"boss_relics":[{"not_picked":["SacredBark","Philosopher\u0027s Stone"],"picked":"Pandora\u0027s Box"}],"items_purged_floors":[],"is_endless":false,"potions_floor_spawned":[7,10,12,22],"killed_by":"Gremlin Leader","ascension_level":5}}