{"host":"nlowmoq7gy18n72d","time":1610999534,"event":{"mods":["BaseMod","Colored Powertips","Downfall","Highlight Path","Minty Spire (QoL Compilation)","StSLib"],"gold_per_floor":[0,11,67,52,52,63,63,90,90,102,137,137,137,149,169,169,169],"floor_reached":16,"language":"ENG","playtime":571,"items_purged":[],"score":135,"play_id":"852e7622-0fa5-4e71-9f63-0442117ec306","local_time":"20210118225214","is_ascension_mode":false,"campfire_choices":[{"data":"bronze:InfiniteLoop","floor":1,"key":"SMITH"},{"data":"bronze:ForLoop","floor":9,"key":"SMITH"}],"circlet_count":0,"master_deck":["bronze:Strike","bronze:Strike","bronze:Strike","bronze:Strike","bronze:Defend","bronze:Defend","bronze:Defend","bronze:Defend","bronze:Replicate","bronze:Goto+1","bronze:InfiniteLoop+1","bronze:DelayedGuard","bronze:Invalidate+1","bronze:Separator+1","bronze:ForLoop+1","bronze:Frontload","bronze:Optimize","bronze:Refactor","bronze:Turbo"],"relics":["bronze:BronzeCore","Anchor","Pear","hexamod:Sixitude","Kunai","downfall:ShatteredFragment"],"acts_visited":["Exordium"],"potions_floor_usage":[4,16,16],"damage_taken":[{"damage":5,"enemies":"Cultist","floor":2,"turns":4},{"damage":13,"enemies":"3 Sentries","floor":3,"turns":8},{"damage":3,"enemies":"downfall:FleeingMerchant","floor":4,"turns":4},{"damage":0,"enemies":"2 Louse","floor":6,"turns":2},{"damage":19,"enemies":"3 Sentries","floor":8,"turns":8},{"damage":0,"enemies":"Small Slimes","floor":10,"turns":3},{"damage":0,"enemies":"Gremlin Nob","floor":11,"turns":4},{"damage":2,"enemies":"Exordium Thugs","floor":14,"turns":2},{"damage":0,"enemies":"Blue Slaver","floor":15,"turns":3},{"damage":40,"enemies":"SI_SHIV_ARCHETYPE","floor":16,"turns":3}],"seed_played":"-214127894842151137","potions_obtained":[{"floor":3,"key":"AttackPotion"},{"floor":6,"key":"Ancient Potion"},{"floor":14,"key":"Energy Potion"},{"floor":15,"key":"Dexterity Potion"}],"is_trial":false,"path_per_floor":["R","M","?","$","?","M","T","E","R","M","E","?","?","M","M","B"],"character_chosen":"THE_AUTOMATON","items_purchased":[],"campfire_rested":0,"item_purchase_floors":[],"current_hp_per_floor":[70,65,52,49,70,70,80,61,61,61,61,40,40,38,38,0,0],"gold":169,"neow_bonus":"THREE_RARE_CARDS","is_daily":false,"chose_seed":false,"campfire_upgraded":2,"win_rate":0.0,"timestamp":1610999534,"path_taken":["R","M","?","$","?","M","T","E","R","M","E","?","?","M","M","BOSS"],"items_purchased_type":[],"build_version":"2020-12-22","purchased_purges":0,"victory":false,"max_hp_per_floor":[70,70,70,70,70,70,80,80,80,80,80,80,80,80,80,80,80],"card_choices":[{"not_picked":["bronze:CleanCode","bronze:HyperBeam"],"picked":"bronze:InfiniteLoop","floor":0},{"not_picked":["bronze:Fortify","bronze:DigitalCarnage"],"picked":"bronze:DelayedGuard","floor":2},{"not_picked":["bronze:WildBeam","bronze:DelayedGuard"],"picked":"bronze:Invalidate","floor":3},{"not_picked":["bronze:BuggyMess","bronze:BugBarrage"],"picked":"bronze:Separator","floor":4},{"not_picked":["bronze:MaxOutput","bronze:Branch"],"picked":"bronze:ForLoop","floor":6},{"not_picked":["bronze:WhirlingStrike","bronze:ForLoop"],"picked":"bronze:Frontload","floor":8},{"not_picked":["bronze:Invalidate","bronze:Shield","bronze:BugBarrage"],"picked":"SKIP","floor":10},{"not_picked":["bronze:RecursiveStrike","bronze:BugBarrage"],"picked":"bronze:Optimize","floor":11},{"not_picked":["bronze:DigitalCarnage","bronze:WildBeam"],"picked":"bronze:Refactor","floor":14},{"not_picked":["bronze:Overheat","bronze:FollowUp"],"picked":"bronze:Turbo","floor":15}],"player_experience":685664,"relics_obtained":[{"floor":7,"key":"Pear"},{"floor":8,"key":"hexamod:Sixitude"},{"floor":11,"key":"Kunai"}],"event_choices":[{"damage_healed":23,"gold_gain":0,"player_choice":"Banana","damage_taken":0,"max_hp_gain":0,"max_hp_loss":0,"event_name":"Big Fish","floor":5,"gold_loss":0}],"is_beta":false,"boss_relics":[],"items_purged_floors":[],"is_endless":false,"potions_floor_spawned":[3,6,14,15],"killed_by":"SI_SHIV_ARCHETYPE","ascension_level":0}}