{"host":"yblq3p6acu4d7asa","time":1610994919,"event":{"mods":["AchievementEnabler","Act Like it!","Aspiration","BaseMod","Colored Map","Hermit","Highlight Path","Jedi Mod","Minty Spire (QoL Compilation)","Replay The Spire","Shop Mod","StSLib","The Mystic"],"gold_per_floor":[109,59,104,122,141,141,155,188,211,221,221,238,273,273,273,375,375,386,311,236,335,354,382,382,410,410,422,422,422],"floor_reached":28,"language":"RUS","playtime":2592,"items_purged":["Strike_B"],"score":318,"play_id":"b82e60c0-d719-45fd-90c2-d9d5ba9995c2","local_time":"20210118213519","is_ascension_mode":false,"campfire_choices":[{"floor":6.0,"key":"REST"},{"floor":11.0,"key":"REST"},{"floor":15.0,"key":"REST"},{"floor":24.0,"key":"REST"}],"circlet_count":0,"master_deck":["Strike_B","Defend_B","Defend_B","Defend_B","Zap","Dualcast","Coolheaded","BasicCrystalCard","jedi:locknload","BasicCrystalCard","Conserve Battery","Ball Lightning","aspiration:Polymerization","Electrodynamics","Capacitor+1","jedi:hex","jedi:blockon","Leap"],"relics":["Cracked Core","jedi:paperfaux","jedi:firstaidkit","Bag of Preparation","Replay:Bottled Flurry","Ring of Chaos","jedi:shrinkray","Replay:Wax Seal","Gremlin Horn"],"acts_visited":["Exordium","TheCity"],"potions_floor_usage":[28],"damage_taken":[{"damage":3.0,"enemies":"2 Louse","floor":1.0,"turns":2.0},{"damage":11.0,"enemies":"Jaw Worm","floor":4.0,"turns":2.0},{"damage":10.0,"enemies":"Small Slimes","floor":5.0,"turns":2.0},{"damage":11.0,"enemies":"Red Slaver","floor":7.0,"turns":3.0},{"damage":11.0,"enemies":"Lagavulin","floor":8.0,"turns":5.0},{"damage":11.0,"enemies":"Exordium Wildlife","floor":10.0,"turns":4.0},{"damage":8.0,"enemies":"Looter","floor":12.0,"turns":3.0},{"damage":26.0,"enemies":"3 Sentries","floor":13.0,"turns":7.0},{"damage":0.0,"enemies":"Slime Boss","floor":16.0,"turns":8.0},{"damage":38.0,"enemies":"3 Byrds","floor":18.0,"turns":4.0},{"damage":25.0,"enemies":"Spheric Guardian","floor":22.0,"turns":4.0},{"damage":30.0,"enemies":"Slavers","floor":23.0,"turns":3.0},{"damage":54.0,"enemies":"Book of Stabbing","floor":25.0,"turns":7.0},{"damage":14,"enemies":"Cultist and Chosen","floor":27,"turns":5},{"damage":31,"enemies":"Gremlin Leader","floor":28,"turns":3}],"seed_played":"-8600290957300259889","potions_obtained":[{"floor":5.0,"key":"Swift Potion"},{"floor":7.0,"key":"FearPotion"},{"floor":10.0,"key":"SpeedPotion"},{"floor":16.0,"key":"LifebloodPotion"},{"floor":25.0,"key":"Ancient Potion"}],"is_trial":false,"path_per_floor":["M","?","?","M","M","R","M","E","T","M","R","M","E","?","R","B",null,"M","$","?","?","M","E","R","E","T","M","E"],"character_chosen":"DEFECT","items_purchased":[],"campfire_rested":4,"item_purchase_floors":[],"current_hp_per_floor":[79,79,79,68,58,82,71,60,60,52,76,70,60,60,82,82,82,69,69,69,69,46,18,42,26,26,27,0,0],"gold":422,"neow_bonus":"TEN_PERCENT_HP_BONUS","is_daily":false,"chose_seed":false,"campfire_upgraded":0,"win_rate":0.0,"timestamp":1610994919,"path_taken":["M","?","?","M","M","R","M","E","T","M","R","M","E","?","R","BOSS","M","$","?","?","M","E","R","E","T","M","E"],"items_purchased_type":[],"build_version":"2020-12-22","purchased_purges":1,"victory":false,"max_hp_per_floor":[82,82,82,82,82,82,82,82,82,82,82,82,82,82,82,82,82,82,82,82,82,82,82,82,82,82,82,82,82],"card_choices":[{"not_picked":["Steam","jedi:overflow"],"picked":"Coolheaded","floor":1.0},{"not_picked":["Compile Driver","Time Bomb"],"picked":"BasicCrystalCard","floor":3.0},{"not_picked":["BootSequence","Tempest"],"picked":"jedi:locknload","floor":3.0},{"not_picked":["jedi:BurstLightning","Hologram","jedi:blockon"],"picked":"SKIP","floor":4.0},{"not_picked":["Sweeping Beam","Reprogram","Hologram"],"picked":"SKIP","floor":5.0},{"not_picked":["Leap","jedi:bruteforce"],"picked":"BasicCrystalCard","floor":7.0},{"not_picked":["Go for the Eyes","Skim","Machine Learning"],"picked":"SKIP","floor":8.0},{"not_picked":["Coolheaded","jedi:BurstFrost"],"picked":"Conserve Battery","floor":10.0},{"not_picked":["jedi:BurstLightning","Aggregate"],"picked":"Ball Lightning","floor":12.0},{"not_picked":["Darkness","Static Discharge"],"picked":"aspiration:Polymerization","floor":13.0},{"not_picked":["Multi-Cast","Amplify"],"picked":"Electrodynamics","floor":16.0},{"not_picked":["Compile Driver","ReplayGash+1"],"picked":"Capacitor+1","floor":18.0},{"not_picked":["Steam","Go for the Eyes","jedi:BurstFrost"],"picked":"SKIP","floor":22.0},{"not_picked":["Scrape","Reinforced Body"],"picked":"jedi:hex","floor":23.0},{"not_picked":["BasicCrystalCard","White Noise"],"picked":"jedi:blockon","floor":25.0},{"not_picked":["BasicCrystalCard","jedi:BurstLightning+1"],"picked":"Leap","floor":27}],"player_experience":9356,"relics_obtained":[{"floor":3.0,"key":"jedi:paperfaux"},{"floor":8.0,"key":"jedi:firstaidkit"},{"floor":9.0,"key":"Bag of Preparation"},{"floor":13.0,"key":"Replay:Bottled Flurry"},{"floor":23.0,"key":"jedi:shrinkray"},{"floor":25.0,"key":"Replay:Wax Seal"},{"floor":26,"key":"Gremlin Horn"}],"event_choices":[{"cards_removed":["Strike_B"],"damage_healed":0.0,"max_hp_gain":0.0,"max_hp_loss":0.0,"gold_gain":0.0,"event_name":"The Cleric","player_choice":"Card Removal","floor":2.0,"gold_loss":50.0,"damage_taken":0.0},{"cards_removed":["Defend_B"],"damage_healed":0.0,"max_hp_gain":0.0,"max_hp_loss":0.0,"gold_gain":0.0,"event_name":"Living Wall","player_choice":"Forget","floor":14.0,"gold_loss":0.0,"damage_taken":0.0},{"cards_removed":["Strike_B"],"damage_healed":0.0,"max_hp_gain":0.0,"max_hp_loss":0.0,"gold_gain":0.0,"event_name":"Beggar","player_choice":"Gave Gold","floor":20.0,"gold_loss":75.0,"damage_taken":0.0},{"damage_healed":0.0,"max_hp_gain":0.0,"max_hp_loss":0.0,"gold_gain":99.0,"event_name":"Nest","player_choice":"Stole From Cult","floor":21.0,"gold_loss":0.0,"damage_taken":0.0}],"is_beta":false,"boss_relics":[{"not_picked":["Velvet Choker","Replay:Ancient Bell"],"picked":"Ring of Chaos"}],"items_purged_floors":[19],"is_endless":false,"potions_floor_spawned":[5,7,10,16,18,25],"killed_by":"Gremlin Leader","ascension_level":0}}