{"host":"9xbpusgrz0p5n7ce","time":1610949186,"event":{"mods":["BaseMod","Downfall","Googly Eyes","Hermit","Marisa£®ÏF”Í°°ƒß¿Ì…≥£©","Minty Spire (QoL Compilation)","StSLib","The Cursed","The Servant 0.9.4"],"gold_per_floor":[99,114,131,41,41,41,66,78,78,92,127,127,12,74,88,184,184,184,184,184],"floor_reached":19,"language":"ZHS","playtime":4901,"items_purged":["sneckomod:Defend","sneckomod:Defend"],"score":165,"play_id":"23285c7f-3f0f-4752-bc6d-862d2cd201a6","local_time":"20210118135306","is_ascension_mode":false,"campfire_choices":[{"data":"sneckomod:UnendingSupply","floor":9.0,"key":"SMITH"},{"data":"sneckomod:TailWhip","floor":12,"key":"SMITH"}],"circlet_count":0,"master_deck":["sneckomod:Strike","sneckomod:Strike","sneckomod:Defend","sneckomod:TailWhip+1","sneckomod:SnekBite","sneckomod:Unknown","Swivel","sneckomod:SoulCleanse","sneckomod:UnendingSupply+1","sneckomod:UnknownDraw","sneckomod:RainOfDice","sneckomod:IronFang","sneckomod:SlitherStrike","Madness+1"],"relics":["sneckomod:SneckoSoul","Potion Belt","Frozen Egg 2","Calipers","Velvet Choker"],"acts_visited":["Exordium","TheCity"],"potions_floor_usage":[16,16,16],"damage_taken":[{"damage":5.0,"enemies":"Small Slimes","floor":2.0,"turns":3.0},{"damage":0.0,"enemies":"Jaw Worm","floor":3.0,"turns":3.0},{"damage":5.0,"enemies":"downfall:FleeingMerchant","floor":4.0,"turns":4.0},{"damage":0.0,"enemies":"Cultist","floor":8.0,"turns":3.0},{"damage":0.0,"enemies":"Large Slime","floor":10.0,"turns":5.0},{"damage":13.0,"enemies":"Lagavulin","floor":11.0,"turns":7.0},{"damage":2,"enemies":"downfall:FleeingMerchant","floor":13,"turns":4},{"damage":8,"enemies":"Lagavulin Event","floor":14,"turns":5},{"damage":4,"enemies":"Blue Slaver","floor":15,"turns":2},{"damage":43,"enemies":"DF_ARCHETYPE_STREAMLINE","floor":16,"turns":9},{"damage":0,"enemies":"Shell Parasite","floor":19,"turns":1}],"seed_played":"-3623930062588237187","potions_obtained":[{"floor":6.0,"key":"LiquidBronze"},{"floor":6.0,"key":"Dexterity Potion"},{"floor":6.0,"key":"LiquidBronze"},{"floor":10.0,"key":"Swift Potion"},{"floor":11.0,"key":"GamblersBrew"},{"floor":14,"key":"Energy Potion"},{"floor":16,"key":"sneckomod:DiceRollPotion"}],"is_trial":false,"path_per_floor":["R","M","M","$","?","?","T","M","R","M","E","R","$","?","M","B",null,"R","M"],"character_chosen":"THE_SNECKO","items_purchased":[],"campfire_rested":0,"item_purchase_floors":[],"current_hp_per_floor":[99,94,94,89,89,89,89,89,89,89,76,76,74,66,62,19,99,99,99,99],"gold":184,"neow_bonus":"TEN_PERCENT_HP_BONUS","is_daily":false,"chose_seed":false,"campfire_upgraded":2,"win_rate":0.0,"timestamp":1610949186,"path_taken":["R","M","M","$","?","?","T","?","R","M","E","R","$","?","M","BOSS","R","M"],"items_purchased_type":[],"build_version":"2020-12-22","purchased_purges":2,"victory":false,"max_hp_per_floor":[99,99,99,99,99,99,99,99,99,99,99,99,99,99,99,99,99,99,99,99],"card_choices":[{"not_picked":["sneckomod:CheapStock","sneckomod:QuickMove"],"picked":"sneckomod:SoulCleanse","floor":2.0},{"not_picked":["sneckomod:SnekBeam","sneckomod:QuickBite"],"picked":"sneckomod:UnendingSupply","floor":3.0},{"not_picked":["sneckomod:DefensiveFlair","sneckomod:ImprovisedAttack"],"picked":"sneckomod:UnknownDraw","floor":4.0},{"not_picked":["sneckomod:UnknownX","sneckomod:Unknown2Cost","sneckomod:UnendingSupply"],"picked":"SKIP","floor":8.0},{"not_picked":["sneckomod:UnknownBlock","sneckomod:DiceCrush","sneckomod:UnknownClassPURPLE"],"picked":"SKIP","floor":10.0},{"not_picked":["sneckomod:Nope","sneckomod:UnknownBlock","sneckomod:SoulRoll"],"picked":"SKIP","floor":11.0},{"not_picked":["sneckomod:Unknown1Cost","sneckomod:SoulRoll"],"picked":"sneckomod:RainOfDice","floor":13},{"not_picked":["sneckomod:DiceBlock","sneckomod:SnekBeam"],"picked":"sneckomod:IronFang","floor":14},{"not_picked":["sneckomod:DefensiveFlair","sneckomod:WideSting"],"picked":"sneckomod:SlitherStrike","floor":15},{"not_picked":["sneckomod:MorePower+1","sneckomod:UnknownRareSkill"],"picked":"sneckomod:UnknownRarePower+1","floor":16}],"player_experience":86471,"relics_obtained":[{"floor":7.0,"key":"Potion Belt"},{"floor":11.0,"key":"Frozen Egg 2"}],"event_choices":[{"damage_healed":0.0,"max_hp_gain":0.0,"max_hp_loss":0.0,"gold_gain":0.0,"event_name":"Lab","player_choice":"Got Potions","floor":6.0,"gold_loss":0.0,"damage_taken":0.0}],"is_beta":false,"boss_relics":[{"not_picked":["Busted Crown","SacredBark"],"picked":"Velvet Choker"}],"items_purged_floors":[4,13],"is_endless":false,"potions_floor_spawned":[10,11,14,16],"killed_by":"Shell Parasite","ascension_level":0}}