{"host":"u19jhb6amotr3ucl","time":1610943151,"event":{"mods":["Act Like it!","Astrologer","BaseMod","Better Match","BetterRewards","Conspire","Duelist Mod","Hubris","Infinite Spire","Jorbs\u0027s Wanderer Trilogy","Marisa????????","Minty Spire (QoL Compilation)","Quick Restart","Replay The Spire","Spicy Shops","StSLib","The Animator"],"gold_per_floor":[121,321,340,112,126,126,126],"floor_reached":6,"language":"ENG","playtime":449,"items_purged":[],"score":38,"play_id":"19e2221c-9172-435c-b781-6f0a1d96d0f3","local_time":"20210117231231","is_ascension_mode":true,"campfire_choices":[],"circlet_count":0,"master_deck":["animator:Strike_FullmetalAlchemist","animator:Defend_FullmetalAlchemist","animator:Strike","animator:Strike","animator:Strike","animator:Defend","animator:Defend","animator:Defend","animator:ElricEdward","animator:ElricAlphonse","animator:KrulTepes","animator:Aisha","animator:Gluttony","animator:Laby","animator:Layla","ReplayTheSpireMod:Splinters","animator:Gillette","animator:Megumin","animator:Cocytus"],"relics":["animator:LivingPicture","animator:TheMissingPiece","Toy Ornithopter","Medical Kit"],"acts_visited":["Exordium"],"potions_floor_usage":[6],"damage_taken":[{"damage":9,"enemies":"2 Louse","floor":1,"turns":4},{"damage":12,"enemies":"Cultist","floor":3,"turns":5},{"damage":6,"enemies":"Jaw Worm","floor":5,"turns":2},{"damage":43,"enemies":"3 Sentries","floor":6,"turns":9}],"seed_played":"-5176611852679425772","potions_obtained":[{"floor":5,"key":"FearPotion"}],"is_trial":false,"path_per_floor":["M","?","M","$","M","E"],"character_chosen":"THE_ANIMATOR","items_purchased":["animator:KrulTepes","animator:Aisha","animator:Gluttony","animator:Laby","Toy Ornithopter","Medical Kit"],"campfire_rested":0,"item_purchase_floors":[0,0,0,0,4,4],"current_hp_per_floor":[51,52,40,40,34,0,0],"gold":126,"neow_bonus":"","is_daily":false,"chose_seed":false,"campfire_upgraded":0,"win_rate":0.0,"timestamp":1610943151,"path_taken":["M","?","M","?","M","E"],"items_purchased_type":["Card","Card","Card","Card","Relic","Relic"],"build_version":"2020-12-22","purchased_purges":0,"victory":false,"max_hp_per_floor":[66,67,67,67,67,67,67],"card_choices":[{"not_picked":["animator:Mitsuba","animator:KrulTepes"],"picked":"animator:Layla","floor":1},{"not_picked":["animator:ElricEdward","animator:Verdia"],"picked":"animator:Gillette","floor":2},{"not_picked":["animator:PandorasActor","animator:Rena"],"picked":"animator:Megumin","floor":3},{"not_picked":["animator:Tyuule","animator:PandorasActor"],"picked":"animator:Cocytus","floor":5}],"player_experience":340423,"relics_obtained":[],"event_choices":[],"is_beta":false,"boss_relics":[],"items_purged_floors":[],"is_endless":false,"potions_floor_spawned":[5],"killed_by":"3 Sentries","ascension_level":1}}