{"host":"8d3fefv2347kqkpz","time":1610997031,"event":{"mods":["100% Spire Juice","AchievementEnabler","Act Like it!","Aspiration","BaseMod","Better Vampires","Colored Map","Colored Powertips","Conspire","GifTheSpireLib","Highlight Path","Mimic Mod","Minty Spire (QoL Compilation)","Quick Restart","Reimu£®≤©¿ˆ¡È√Œ£©","Relic Stats","Remilia£®¿Ÿ√◊¿Ú—«£©","Replay The Spire","Spicy Shops","StSLib","The Gatherer","The Jungle","The Senshi","The Servant 0.9.4","Waifu the Spire","vexMod"],"gold_per_floor":[118,118,118,118,134,134,151,170,203,203,231,231,43,89,89,202,202,240,274,303,303,340,86,112,156,156,209,209,209,209,257,257,279,279],"floor_reached":33,"language":"ZHS","playtime":1271,"items_purged":["Strike_R"],"score":313,"play_id":"fc4f36fa-22a8-412c-9e1e-01c5f0c18530","local_time":"20210119031031","is_ascension_mode":false,"campfire_choices":[{"data":"Inflame","floor":6,"key":"SMITH"},{"floor":10,"key":"REST"},{"floor":15,"key":"REST"},{"data":"Strike_R+1","floor":28,"key":"PURGE"},{"data":"Rage","floor":30,"key":"SMITH"},{"data":"Warcry","floor":32,"key":"SMITH"}],"circlet_count":0,"master_deck":["Strike_R","Defend_R+1","Defend_R","Defend_R","Bash","Inflame+1","Sword Boomerang+1","Rampage+1","Heavy Blade+1","Rage+1","Inflame","Inflame+1","ReplayTheSpireMod:Muscle Training","Crow Ritual","Warcry+1","Reaper+1","Armaments+1","ReplayTheSpireMod:LeadingStrike+1"],"relics":["Burning Blood","Molten Egg 2","Anchor","Ancient Tea Set","Replay:Bandana","ReplayTheSpireMod:TigerMarble","vexMod:DeviousBotling","Gambling Chip","Peace Pipe","conspire:BottledYoYo","Blue Candle","theJungle:SpiritDisease","Meat on the Bone"],"acts_visited":["Exordium","Exordium"],"potions_floor_usage":[14,20,25,25,33],"damage_taken":[{"damage":6,"enemies":"Jaw Worm","floor":1,"turns":5},{"damage":2,"enemies":"2 Louse","floor":5,"turns":3},{"damage":9,"enemies":"Small Slimes","floor":7,"turns":3},{"damage":11,"enemies":"Exordium Wildlife","floor":8,"turns":3},{"damage":15,"enemies":"3 Louse","floor":9,"turns":5},{"damage":23,"enemies":"Lagavulin","floor":11,"turns":5},{"damage":24,"enemies":"Gremlin Nob","floor":14,"turns":4},{"damage":41,"enemies":"The Guardian","floor":16,"turns":8},{"damage":22,"enemies":"theJungle:Flameango_and_Byrd","floor":18,"turns":5},{"damage":13,"enemies":"theJungle:5_Spyders","floor":19,"turns":6},{"damage":20,"enemies":"theJungle:Lyon","floor":20,"turns":3},{"damage":13,"enemies":"theJungle:SlimyTreeVines","floor":22,"turns":4},{"damage":35,"enemies":"Snake Plant","floor":24,"turns":4},{"damage":22,"enemies":"theJungle:2_Phrogs","floor":25,"turns":5},{"damage":10,"enemies":"theJungle:MamaSnecko","floor":27,"turns":4},{"damage":31,"enemies":"theJungle:2_Phrogs","floor":31,"turns":5},{"damage":100,"enemies":"theJungle:TotemBoss","floor":33,"turns":5}],"seed_played":"-3870629400070526489","potions_obtained":[{"floor":1,"key":"AttackPotion"},{"floor":5,"key":"DistilledChaos"},{"floor":16,"key":"Regen Potion"},{"floor":18,"key":"BlessingOfTheForge"},{"floor":22,"key":"BlessingOfTheForge"},{"floor":24,"key":"SneckoOil"},{"floor":27,"key":"Adrenaline Potion"}],"is_trial":false,"path_per_floor":["M","?","?","?","M","R","M","M","MIM","R","E","?","$","E","R","B",null,"M","M","M","?","M","$","M","E","T","E","R","?","R","E","R","B"],"character_chosen":"IRONCLAD","items_purchased":["Inflame","Replay:Bandana","Crow Ritual"],"campfire_rested":2,"item_purchase_floors":[13,13,23],"current_hp_per_floor":[88,88,88,70,74,74,71,66,57,83,66,66,66,48,74,39,88,72,77,63,63,61,61,32,30,30,79,79,79,79,68,68,0,0],"gold":279,"neow_bonus":"TEN_PERCENT_HP_BONUS","is_daily":false,"chose_seed":false,"campfire_upgraded":3,"win_rate":0.0,"timestamp":1610997031,"path_taken":["M","?","?","?","M","R","?","M","MIM","R","E","?","$","E","R","BOSS","M","M","M","?","M","$","?","E","T","E","R","?","R","E","R","BOSS"],"items_purchased_type":["Card","Relic","Card"],"build_version":"2020-12-22","purchased_purges":1,"victory":false,"max_hp_per_floor":[88,88,88,88,88,88,88,88,88,88,88,88,88,88,88,88,88,88,88,88,88,88,88,88,88,88,88,88,88,88,88,88,88,88],"relic_stats":{"Peace Pipe":2,"counters":[17,77],"Gambling Chip":[8],"Blue Candle":[0],"obtain_stats":[{"Blue Candle":27,"theJungle:SpiritDisease":29,"Ancient Tea Set":11,"Burning Blood":0,"Peace Pipe":25,"Anchor":9,"Replay:Bandana":13,"Gambling Chip":21,"Molten Egg 2":2,"vexMod:DeviousBotling":17,"ReplayTheSpireMod:TigerMarble":14,"conspire:BottledYoYo":26,"Meat on the Bone":31},{"Blue Candle":15,"theJungle:SpiritDisease":15,"Ancient Tea Set":6,"Burning Blood":0,"Peace Pipe":14,"Anchor":5,"Replay:Bandana":6,"Gambling Chip":11,"Molten Egg 2":1,"vexMod:DeviousBotling":8,"ReplayTheSpireMod:TigerMarble":7,"conspire:BottledYoYo":14,"Meat on the Bone":16},{"Blue Candle":67,"theJungle:SpiritDisease":67,"Ancient Tea Set":24,"Burning Blood":0,"Peace Pipe":63,"Anchor":19,"Replay:Bandana":24,"Gambling Chip":50,"Molten Egg 2":5,"vexMod:DeviousBotling":36,"ReplayTheSpireMod:TigerMarble":28,"conspire:BottledYoYo":63,"Meat on the Bone":72}],"Burning Blood":96,"Meat on the Bone":0},"card_choices":[{"not_picked":["ReplayTheSpireMod:LeadingStrike","Headbutt"],"picked":"Inflame","floor":1},{"not_picked":["Whirlwind+1","Clothesline+1"],"picked":"Sword Boomerang+1","floor":5},{"not_picked":["conspire:ExplosiveBarrier","Replay:Undeath\u0027s Touch+1","Havoc"],"picked":"SKIP","floor":7},{"not_picked":["Fire Breathing","Thunderclap+1"],"picked":"Rampage+1","floor":8},{"not_picked":["Sever Soul+1","Clash+1"],"picked":"Heavy Blade+1","floor":9},{"not_picked":["True Grit","Defy Death"],"picked":"Rage","floor":11},{"not_picked":["Corruption","Sword Boomerang+1","Disarm"],"picked":"SKIP","floor":14},{"not_picked":["Wild Strike+1","Havoc"],"picked":"Inflame+1","floor":18},{"not_picked":["Sever Soul+1","Clash+1","Evolve"],"picked":"SKIP","floor":19},{"not_picked":["Sword Boomerang+1","Thunderclap+1","Run Through+1"],"picked":"SKIP","floor":20},{"not_picked":["Perfected Strike+1","conspire:Charge+1"],"picked":"ReplayTheSpireMod:Muscle Training","floor":22},{"not_picked":["Burning Pact","Shockwave"],"picked":"Warcry","floor":24},{"not_picked":["Hemogenesis+1","ReplayTheSpireMod:Corrosion Curse+1"],"picked":"Reaper+1","floor":25},{"not_picked":["Sentinel","Headbutt+1"],"picked":"Armaments+1","floor":27},{"not_picked":["Perfected Strike+1","Sword Boomerang+1"],"picked":"ReplayTheSpireMod:LeadingStrike+1","floor":31}],"player_experience":95583,"relics_obtained":[{"floor":9,"key":"Anchor"},{"floor":11,"key":"Ancient Tea Set"},{"floor":14,"key":"ReplayTheSpireMod:TigerMarble"},{"floor":25,"key":"Peace Pipe"},{"floor":26,"key":"conspire:BottledYoYo"},{"floor":27,"key":"Blue Candle"},{"floor":31,"key":"Meat on the Bone"}],"event_choices":[{"damage_healed":0,"gold_gain":0,"player_choice":"Leave","damage_taken":0,"max_hp_gain":0,"max_hp_loss":0,"event_name":"conspire:Investor","floor":3,"gold_loss":0},{"damage_healed":0,"gold_gain":0,"player_choice":"Entered Light","damage_taken":18,"max_hp_gain":0,"max_hp_loss":0,"event_name":"Shining Light","floor":4,"gold_loss":0,"cards_upgraded":["Defend_R","Strike_R"]},{"cards_removed":["Strike_R"],"damage_healed":0,"gold_gain":0,"player_choice":"Forget","damage_taken":0,"max_hp_gain":0,"max_hp_loss":0,"event_name":"Living Wall","floor":12,"gold_loss":0},{"damage_healed":0,"gold_gain":0,"player_choice":"Gave Potion","damage_taken":0,"relics_obtained":["Gambling Chip"],"max_hp_gain":0,"max_hp_loss":0,"event_name":"WeMeetAgain","floor":21,"gold_loss":0}],"is_beta":false,"boss_relics":[{"not_picked":["aspiration:SecretTechniqueScroll","Replay:Wanted Poster"],"picked":"vexMod:DeviousBotling"}],"items_purged_floors":[23],"is_endless":false,"potions_floor_spawned":[1,5,16,18,22,24,27],"killed_by":"theJungle:TotemBoss","ascension_level":0}}