{"host":"yvlk1m4foro8gl4v","time":1610950995,"event":{"mods":["AchievementEnabler","Act Like it!","BaseMod","Minty Spire (QoL Compilation)","Relic Stats","StSLib","The Servant 0.9.4","Uncapped"],"gold_per_floor":[119,133,133,133,156,156,183,183,207,241,241,166,166,55,55,157,157,177,187,116,133,133,133,163,177,177,189,189,215,233,247,247,349,349,362,362,362,372,134,148,148,482,482,511,511,560,260,270,270,270],"floor_reached":51,"language":"ENG","playtime":3042,"items_purged":["Regret","Normality"],"score":1239,"play_id":"631ed5fd-11e2-4038-9fb8-6dccf19e67a1","local_time":"20210118062315","is_ascension_mode":true,"campfire_choices":[{"data":"Fire Breathing","floor":6.0,"key":"SMITH"},{"floor":8.0,"key":"REST"},{"floor":11.0,"key":"REST"},{"data":"Bash","floor":13.0,"key":"SMITH"},{"floor":15.0,"key":"REST"},{"floor":23.0,"key":"REST"},{"floor":28,"key":"REST"},{"floor":32,"key":"REST"},{"floor":41,"key":"REST"},{"data":"Shockwave","floor":45,"key":"SMITH"},{"data":"Impervious","floor":49,"key":"SMITH"}],"circlet_count":0,"master_deck":["AscendersBane","Strike_R","Defend_R","Defend_R","Defend_R","Defend_R","Bash+1","Dark Embrace","Fire Breathing+1","Decay","Injury","Entrench","Entrench","Metallicize","Impervious+1","Intimidate","Wild Strike","Power Through+1","Flame Barrier+1","Shrug It Off","Writhe","True Grit+1","Metallicize","Body Slam+1","Corruption","Evolve+1","Pommel Strike+1","Feel No Pain+1","Shockwave+1","Feel No Pain+1","Immolate","Reckless Charge","Shame","Body Slam+1","Demon Form","Ghostly Armor","Parasite"],"relics":["Cursed Key","Bronze Scales","Boot","Tiny Chest","Red Skull","Art of War","SlaversCollar","Shuriken","Meat on the Bone","Vajra","Astrolabe","Question Card","Old Coin","Sundial","Blue Candle"],"acts_visited":["Exordium","TheCity","TheBeyond"],"potions_floor_usage":[33,33,48,50],"damage_taken":[{"damage":2.0,"enemies":"Jaw Worm","floor":1.0,"turns":3.0},{"damage":0.0,"enemies":"2 Louse","floor":2.0,"turns":4.0},{"damage":39.0,"enemies":"Lagavulin","floor":7.0,"turns":7.0},{"damage":33.0,"enemies":"Gremlin Nob","floor":10.0,"turns":4.0},{"damage":60.0,"enemies":"The Guardian","floor":16.0,"turns":14.0},{"damage":4.0,"enemies":"3 Byrds","floor":18.0,"turns":3.0},{"damage":8.0,"enemies":"Chosen","floor":19.0,"turns":4.0},{"damage":24.0,"enemies":"Snake Plant","floor":21.0,"turns":4.0},{"damage":20.0,"enemies":"Gremlin Leader","floor":24.0,"turns":6.0},{"damage":1.0,"enemies":"Centurion and Healer","floor":25.0,"turns":5.0},{"damage":10.0,"enemies":"Snecko","floor":27.0,"turns":6.0},{"damage":16,"enemies":"Book of Stabbing","floor":29,"turns":6},{"damage":0,"enemies":"Snake Plant","floor":30,"turns":4},{"damage":31,"enemies":"Centurion and Healer","floor":31,"turns":10},{"damage":61,"enemies":"Champ","floor":33,"turns":14},{"damage":10,"enemies":"3 Shapes","floor":35,"turns":4},{"damage":18,"enemies":"3 Darklings","floor":38,"turns":6},{"damage":22,"enemies":"4 Shapes","floor":40,"turns":4},{"damage":10,"enemies":"Nemesis","floor":42,"turns":7},{"damage":18,"enemies":"Giant Head","floor":44,"turns":7},{"damage":0,"enemies":"Writhing Mass","floor":48,"turns":6},{"damage":24,"enemies":"Awakened One","floor":50,"turns":7}],"seed_played":"-9135539140883514402","potions_obtained":[{"floor":1.0,"key":"FairyPotion"},{"floor":2.0,"key":"Ancient Potion"},{"floor":16.0,"key":"ColorlessPotion"},{"floor":21.0,"key":"HeartOfIron"},{"floor":29,"key":"SkillPotion"},{"floor":30,"key":"EssenceOfSteel"},{"floor":35,"key":"Fruit Juice"},{"floor":42,"key":"GamblersBrew"},{"floor":48,"key":"Swift Potion"}],"is_trial":false,"path_per_floor":["M","M","?","?","T","R","E","R","T","E","R","$","R","$","R","B",null,"M","M","$","M","?","R","E","M","T","M","R","E","M","M","R","B",null,"M","?","$","M","$","M","R","E","T","E","R","T","$","M","R","B",null],"character_chosen":"IRONCLAD","items_purchased":["Entrench","Metallicize","Power Through","Question Card","Demon Form","Ghostly Armor"],"campfire_rested":7,"item_purchase_floors":[14,14,20,39,47,47],"current_hp_per_floor":[70,70,63,63,63,63,24,48,48,15,39,39,39,39,63,3,61,57,49,49,25,25,49,29,28,28,30,54,50,50,31,55,36,69,59,59,59,41,41,31,55,45,45,39,39,39,39,51,51,39],"gold":270,"neow_bonus":"BOSS_RELIC","is_daily":false,"chose_seed":false,"campfire_upgraded":4,"win_rate":0.0,"timestamp":1610950995,"path_taken":["M","M","?","?","?","R","E","R","T","E","R","$","R","$","R","BOSS","M","M","$","M","?","R","E","?","T","M","R","E","M","M","R","BOSS","M","?","$","M","$","M","R","E","T","E","R","?","?","M","R","BOSS"],"items_purchased_type":["Card","Card","Card","Relic","Card","Card"],"build_version":"2020-12-22","purchased_purges":2,"victory":true,"max_hp_per_floor":[80,80,80,80,80,80,80,80,80,80,80,80,80,80,80,80,80,80,80,80,80,80,80,80,80,80,80,80,80,80,80,80,80,80,80,80,80,80,80,80,80,80,80,80,80,80,80,80,80,80],"relic_stats":{"counters":[22,135],"Astrolabe":["Evolve","Pommel Strike","Feel No Pain"],"Blue Candle":[2],"Cursed Key":5,"Boot":[35],"Question Card":4,"Shuriken":[10],"Sundial":[2],"Bronze Scales":[461],"Tiny Chest":1,"Art of War":[34],"obtain_stats":[{"Astrolabe":34,"Blue Candle":44,"Vajra":29,"Cursed Key":0,"Boot":5,"Question Card":39,"Burning Blood":0,"Old Coin":42,"SlaversCollar":17,"Shuriken":24,"Sundial":43,"Bronze Scales":4,"Tiny Chest":7,"Art of War":10,"Red Skull":9,"Meat on the Bone":26},{"Astrolabe":15,"Blue Candle":20,"Vajra":12,"Cursed Key":0,"Boot":2,"Question Card":17,"Burning Blood":0,"Old Coin":19,"SlaversCollar":5,"Shuriken":9,"Sundial":19,"Bronze Scales":2,"Tiny Chest":3,"Art of War":4,"Red Skull":3,"Meat on the Bone":10},{"Astrolabe":94,"Blue Candle":122,"Vajra":66,"Cursed Key":0,"Boot":7,"Question Card":104,"Burning Blood":0,"Old Coin":115,"SlaversCollar":32,"Shuriken":49,"Sundial":115,"Bronze Scales":7,"Tiny Chest":14,"Art of War":18,"Red Skull":14,"Meat on the Bone":54}],"Meat on the Bone":96},"card_choices":[{"not_picked":["Anger","Headbutt"],"picked":"Dark Embrace","floor":1.0},{"not_picked":["Iron Wave","Clothesline"],"picked":"Fire Breathing","floor":2.0},{"not_picked":["Battle Trance","Havoc","Perfected Strike"],"picked":"SKIP","floor":7.0},{"not_picked":["Second Wind","Sword Boomerang"],"picked":"Entrench","floor":10.0},{"not_picked":["Bludgeon","Feed"],"picked":"Impervious","floor":16.0},{"not_picked":["Dual Wield+1","Bloodletting+1"],"picked":"Intimidate","floor":18.0},{"not_picked":["Rampage","Armaments"],"picked":"Wild Strike","floor":19.0},{"not_picked":["Clash+1","Pummel","Infernal Blade"],"picked":"SKIP","floor":21.0},{"not_picked":["Seeing Red","Twin Strike+1"],"picked":"Flame Barrier+1","floor":24.0},{"not_picked":["Whirlwind","Heavy Blade"],"picked":"Shrug It Off","floor":25.0},{"not_picked":["Clash","Perfected Strike"],"picked":"True Grit+1","floor":27.0},{"not_picked":["Perfected Strike+1","Disarm"],"picked":"Metallicize","floor":29},{"not_picked":["Clash","Carnage","Pummel"],"picked":"SKIP","floor":30},{"not_picked":["Infernal Blade","Pummel"],"picked":"Body Slam+1","floor":31},{"not_picked":["Impervious","Berserk"],"picked":"Corruption","floor":33},{"not_picked":["Second Wind","Shrug It Off+1"],"picked":"Shockwave","floor":35},{"not_picked":["Warcry","Clothesline"],"picked":"Immolate","floor":38},{"not_picked":["Anger+1","Wild Strike+1","Rampage","Combust"],"picked":"SKIP","floor":40},{"not_picked":["Uppercut","Shrug It Off+1","Intimidate+1"],"picked":"Reckless Charge","floor":42},{"not_picked":["Feed","Combust","Clothesline+1"],"picked":"Body Slam+1","floor":44},{"not_picked":["Armaments+1","Cleave","Anger","True Grit+1"],"picked":"SKIP","floor":48}],"player_experience":744750,"relics_obtained":[{"floor":5.0,"key":"Boot"},{"floor":7.0,"key":"Tiny Chest"},{"floor":9.0,"key":"Red Skull"},{"floor":10.0,"key":"Art of War"},{"floor":24.0,"key":"Shuriken"},{"floor":26.0,"key":"Meat on the Bone"},{"floor":29,"key":"Vajra"},{"floor":42,"key":"Old Coin"},{"floor":43,"key":"Sundial"},{"floor":44,"key":"Blue Candle"}],"event_choices":[{"cards_removed":["Strike_R"],"damage_healed":0.0,"max_hp_gain":0.0,"max_hp_loss":0.0,"gold_gain":0.0,"event_name":"Golden Wing","player_choice":"Card Removal","floor":3.0,"gold_loss":0.0,"damage_taken":7.0},{"damage_healed":0.0,"max_hp_gain":0.0,"max_hp_loss":0.0,"gold_gain":0.0,"event_name":"Big Fish","player_choice":"Box","floor":4.0,"gold_loss":0.0,"damage_taken":0.0,"relics_obtained":["Bronze Scales"],"cards_obtained":["Regret"]},{"damage_healed":0.0,"max_hp_gain":0.0,"max_hp_loss":0.0,"gold_gain":0.0,"event_name":"Accursed Blacksmith","player_choice":"Forge","floor":22.0,"gold_loss":0.0,"damage_taken":0.0,"cards_upgraded":["Power Through"]},{"damage_healed":0,"gold_gain":0,"player_choice":"Copied","damage_taken":0,"max_hp_gain":0,"max_hp_loss":0,"event_name":"Duplicator","floor":36,"gold_loss":0,"cards_obtained":["Feel No Pain"]}],"is_beta":false,"boss_relics":[{"not_picked":["Runic Dome","Coffee Dripper"],"picked":"SlaversCollar"},{"not_picked":["Sozu","Busted Crown"],"picked":"Astrolabe"}],"items_purged_floors":[12,47],"is_endless":false,"potions_floor_spawned":[1,2,16,21,29,30,31,35,42,48],"ascension_level":10}}