{"host":"7gewg82ormp6yt4e","time":1610974754,"event":{"mods":["BaseMod","Block Reminder","Colored Map","Colored Powertips","DeckTracker","Highlight Path","Minty Spire (QoL Compilation)","Relic Stats","StSLib","ojb\u0027s Info Mod"],"gold_per_floor":[16,16,26,44,119,119,134,134,182,202,221,246,258,299,311,394,406,435,447,459,40,40,40,40,40],"floor_reached":24,"language":"JPN","playtime":951,"items_purged":[],"score":458,"play_id":"12c4b4f4-0f25-41fd-a956-b2bb11a7e2ef","local_time":"20210118215914","is_ascension_mode":true,"campfire_choices":[{"data":"Doom and Gloom","floor":6,"key":"SMITH"},{"data":"Rip and Tear","floor":8,"key":"SMITH"},{"floor":13,"key":"REST"},{"floor":15,"key":"REST"},{"floor":23,"key":"REST"}],"circlet_count":0,"master_deck":["AscendersBane","Strike_B+1","Strike_B+1","Strike_B+1","Strike_B+1","Defend_B+1","Defend_B+1","Defend_B+1","Defend_B+1","Dualcast","Echo Form","Rip and Tear+1","Cold Snap","Doom and Gloom+1","Capacitor","Cold Snap","Consume","Biased Cognition","Seek","Ball Lightning","Darkness","Amplify","Buffer","Fusion"],"relics":["Cracked Core","NlothsMask","MawBank","Bottled Tornado","Snecko Eye","OrangePellets"],"acts_visited":["Exordium","TheCity"],"potions_floor_usage":[12,12,14],"damage_taken":[{"damage":4,"enemies":"Jaw Worm","floor":1,"turns":3},{"damage":0,"enemies":"Cultist","floor":3,"turns":2},{"damage":0,"enemies":"2 Louse","floor":4,"turns":2},{"damage":9,"enemies":"Looter","floor":7,"turns":3},{"damage":20,"enemies":"Exordium Wildlife","floor":10,"turns":4},{"damage":1,"enemies":"2 Fungi Beasts","floor":11,"turns":3},{"damage":0,"enemies":"Lagavulin","floor":12,"turns":6},{"damage":42,"enemies":"Gremlin Nob","floor":14,"turns":5},{"damage":29,"enemies":"Slime Boss","floor":16,"turns":8},{"damage":0,"enemies":"Chosen","floor":18,"turns":3},{"damage":74,"enemies":"Slavers","floor":24,"turns":3}],"seed_played":"5784934848483882591","potions_obtained":[{"floor":1,"key":"PotionOfCapacity"},{"floor":4,"key":"FocusPotion"},{"floor":7,"key":"Ancient Potion"},{"floor":11,"key":"Weak Potion"},{"floor":12,"key":"Regen Potion"}],"is_trial":false,"path_per_floor":["M","?","M","M","?","R","M","R","T","M","M","E","R","E","R","B",null,"M","?","?","$","?","R","E"],"character_chosen":"DEFECT","items_purchased":["OrangePellets","Buffer","Fusion"],"campfire_rested":3,"item_purchase_floors":[21,21,21],"current_hp_per_floor":[60,60,60,60,49,49,40,40,40,20,19,19,40,12,33,4,54,54,54,54,54,34,56,0,0],"gold":40,"neow_bonus":"THREE_RARE_CARDS","is_daily":false,"chose_seed":false,"campfire_upgraded":2,"win_rate":0.0,"timestamp":1610974754,"path_taken":["M","?","M","?","?","R","M","R","T","M","M","E","R","E","R","BOSS","M","?","?","$","?","R","E"],"items_purchased_type":["Relic","Card","Card"],"build_version":"2020-12-22","purchased_purges":0,"victory":false,"max_hp_per_floor":[71,71,71,71,71,71,71,71,71,71,71,71,71,71,71,71,71,71,71,71,71,76,76,76,76],"relic_stats":{"OrangePellets":[2],"counters":[11,42],"Snecko Eye":[8,5,9,3],"MawBank":108,"obtain_stats":[{"OrangePellets":21,"Snecko Eye":17,"Bottled Tornado":14,"Cracked Core":0,"MawBank":12,"NlothsMask":2},{"OrangePellets":10,"Snecko Eye":9,"Bottled Tornado":8,"Cracked Core":0,"MawBank":7,"NlothsMask":1},{"OrangePellets":39,"Snecko Eye":36,"Bottled Tornado":28,"Cracked Core":0,"MawBank":23,"NlothsMask":3}]},"card_choices":[{"not_picked":["Fission","Creative AI"],"picked":"Echo Form","floor":0},{"not_picked":["Blizzard","Hologram"],"picked":"Rip and Tear","floor":1},{"not_picked":["Storm","FTL"],"picked":"Cold Snap","floor":3},{"not_picked":["Steam Power","Sweeping Beam"],"picked":"Doom and Gloom","floor":4},{"not_picked":["Recycle","BootSequence"],"picked":"Capacitor","floor":7},{"not_picked":["Compile Driver","Meteor Strike"],"picked":"Cold Snap","floor":10},{"not_picked":["Chaos","Barrage"],"picked":"Consume","floor":11},{"not_picked":["Leap","Conserve Battery"],"picked":"Biased Cognition","floor":12},{"not_picked":["Cold Snap","Steam"],"picked":"Turbo","floor":14},{"not_picked":["Hyperbeam","Echo Form"],"picked":"Seek","floor":16},{"not_picked":["Redo","Reprogram"],"picked":"Ball Lightning","floor":18}],"player_experience":2615420,"relics_obtained":[{"floor":12,"key":"MawBank"},{"floor":14,"key":"Bottled Tornado"}],"event_choices":[{"damage_healed":0,"gold_gain":0,"player_choice":"Trade","damage_taken":0,"relics_obtained":["NlothsMask"],"max_hp_gain":0,"max_hp_loss":0,"event_name":"FaceTrader","floor":2,"gold_loss":0},{"damage_healed":0,"gold_gain":75,"player_choice":"Gather Gold","damage_taken":11,"max_hp_gain":0,"max_hp_loss":0,"event_name":"World of Goop","floor":5,"gold_loss":0},{"damage_healed":0,"gold_gain":0,"player_choice":"Simplicity","damage_taken":0,"max_hp_gain":0,"max_hp_loss":0,"event_name":"Back to Basics","floor":19,"gold_loss":0,"cards_upgraded":["Strike_B","Strike_B","Strike_B","Strike_B","Defend_B","Defend_B","Defend_B","Defend_B"]},{"damage_healed":0,"gold_gain":0,"cards_transformed":["Turbo","Zap"],"player_choice":"Became Test Subject","damage_taken":0,"max_hp_gain":0,"max_hp_loss":0,"event_name":"Drug Dealer","floor":20,"gold_loss":0,"cards_obtained":["Darkness","Amplify"]},{"damage_healed":0,"gold_gain":0,"player_choice":"Shed Blood","damage_taken":25,"max_hp_gain":5,"max_hp_loss":0,"event_name":"Forgotten Altar","floor":22,"gold_loss":0}],"is_beta":false,"boss_relics":[{"not_picked":["Nuclear Battery","Fusion Hammer"],"picked":"Snecko Eye"}],"items_purged_floors":[],"is_endless":false,"potions_floor_spawned":[1,4,7,11,12],"killed_by":"Slavers","ascension_level":20}}