{"host":"dftyqn972q7tuon4","time":1610932372,"event":{"mods":["AchievementEnabler","BaseMod","Better Altar","Better Match","Better Note","Better Sensory Stone","Better Skull","Better Third Choice","Colored Powertips","Highlight Path","Minty Spire (QoL Compilation)","Permanent Neow","Quick Restart","StSLib"],"gold_per_floor":[114,129,129,304,42,72,72,97,122,122,122,122,122,137,137,237,237,252,252,212,62,83,113,212,212,212,212,312,312,312,312,312],"floor_reached":31,"language":"ENG","playtime":887,"items_purged":["Doubt"],"score":268,"play_id":"1573c6a4-41a2-4a79-9443-a9221cd78247","local_time":"20210118021252","daily_mods":["Draft","Flight","Lethality"],"is_ascension_mode":false,"campfire_choices":[{"data":"True Grit","floor":12.0,"key":"SMITH"},{"data":"True Grit","floor":13.0,"key":"SMITH"},{"data":"Dark Embrace","floor":15.0,"key":"SMITH"},{"data":"Limit Break","floor":27.0,"key":"SMITH"}],"circlet_count":0,"master_deck":["Second Wind","Feel No Pain","Twin Strike","Sword Boomerang+1","Sentinel","Wild Strike","Heavy Blade","Dual Wield","Armaments+1","Feel No Pain+1","Sentinel","True Grit+1","Armaments+1","Shrug It Off","True Grit+1","Wild Strike","Dark Embrace+1","Heavy Blade","Violence+1","Carnage","Limit Break+1","Fire Breathing","Sword Boomerang+1","Disarm","Intimidate","Demon Form"],"relics":["Burning Blood","MealTicket","Juzu Bracelet","Tiny Chest","Boot","Omamori","WarpedTongs","Mark of Pain","Darkstone Periapt","DollysMirror","Red Mask","Happy Flower","HornCleat","Lantern"],"acts_visited":["Exordium","TheCity"],"potions_floor_usage":[],"damage_taken":[{"damage":0.0,"enemies":"Cultist","floor":1.0,"turns":2.0},{"damage":0.0,"enemies":"2 Louse","floor":2.0,"turns":1.0},{"damage":7.0,"enemies":"Lagavulin","floor":6.0,"turns":6.0},{"damage":0.0,"enemies":"Small Slimes","floor":14.0,"turns":3.0},{"damage":19.0,"enemies":"Slime Boss","floor":16.0,"turns":6.0},{"damage":16.0,"enemies":"2 Thieves","floor":18.0,"turns":3.0},{"damage":11.0,"enemies":"Masked Bandits","floor":22.0,"turns":2.0},{"damage":30.0,"enemies":"Book of Stabbing","floor":23.0,"turns":5.0},{"damage":37,"enemies":"Slavers","floor":31,"turns":3}],"seed_played":"-1283480827410872575","potions_obtained":[{"floor":1.0,"key":"SkillPotion"},{"floor":14.0,"key":"Swift Potion"},{"floor":16.0,"key":"LiquidMemories"},{"floor":22.0,"key":"Dexterity Potion"}],"is_trial":false,"path_per_floor":["M","M","?","?","$","E","T","T","T","?","?","R","R","M","R","B",null,"M","T","?","$","?","E","?","T","T","R","?","?","?","E"],"character_chosen":"IRONCLAD","items_purchased":["Dark Embrace","MealTicket","DollysMirror"],"campfire_rested":0,"item_purchase_floors":[5,5,21],"current_hp_per_floor":[80,80,64,64,64,63,63,63,63,63,63,63,63,69,69,56,80,70,70,70,80,75,51,51,51,51,51,51,35,35,0,0],"gold":312,"neow_bonus":"","is_daily":true,"chose_seed":false,"campfire_upgraded":4,"win_rate":0.0,"timestamp":1610932372,"path_taken":["M","?","?","?","?","E","?","?","T","?","?","R","R","M","R","BOSS","M","?","?","$","?","E","?","?","T","R","?","?","?","E"],"items_purchased_type":["Card","Relic","Relic"],"build_version":"2020-12-22","purchased_purges":1,"victory":false,"max_hp_per_floor":[80,80,80,80,80,80,80,80,80,80,80,80,80,80,80,80,80,80,80,80,80,80,80,80,80,80,80,80,80,80,80,80],"card_choices":[{"not_picked":["True Grit","Rampage"],"picked":"Second Wind","floor":0.0},{"not_picked":["Cleave","Metallicize"],"picked":"Feel No Pain","floor":0.0},{"not_picked":["Flex","Hemokinesis"],"picked":"Anger","floor":0.0},{"not_picked":["Armaments","Clash"],"picked":"Twin Strike","floor":0.0},{"not_picked":["Hemokinesis","Armaments"],"picked":"Sword Boomerang","floor":0.0},{"not_picked":["Cleave","Inflame"],"picked":"Sentinel","floor":0.0},{"not_picked":["Iron Wave","Entrench"],"picked":"Wild Strike","floor":0.0},{"not_picked":["True Grit","Cleave"],"picked":"Heavy Blade","floor":0.0},{"not_picked":["Cleave","Thunderclap"],"picked":"Dual Wield","floor":0.0},{"not_picked":["Dropkick","Flex"],"picked":"Armaments","floor":0.0},{"not_picked":["True Grit","Anger"],"picked":"Feel No Pain","floor":0.0},{"not_picked":["Anger","Clothesline"],"picked":"Sentinel","floor":0.0},{"not_picked":["Armaments","Anger"],"picked":"True Grit","floor":0.0},{"not_picked":["Wild Strike","Flex"],"picked":"Armaments","floor":0.0},{"not_picked":["Warcry","Bloodletting"],"picked":"Shrug It Off","floor":0.0},{"not_picked":["Body Slam","Cleave"],"picked":"True Grit","floor":1.0},{"not_picked":["Flex","Anger"],"picked":"Wild Strike","floor":2.0},{"not_picked":["Limit Break","Havoc"],"picked":"Heavy Blade","floor":6.0},{"not_picked":["Sadistic Nature+1","Secret Technique+1"],"picked":"Violence+1","floor":10.0},{"not_picked":["Havoc","Wild Strike"],"picked":"Carnage","floor":14.0},{"not_picked":["Impervious","Immolate"],"picked":"Limit Break","floor":16.0},{"not_picked":["Iron Wave","Clash"],"picked":"Fire Breathing","floor":18.0},{"not_picked":["Sword Boomerang","Anger"],"picked":"Disarm","floor":22.0},{"not_picked":["Cleave+1","Perfected Strike"],"picked":"Intimidate","floor":23.0}],"player_experience":690625,"relics_obtained":[{"floor":6.0,"key":"Juzu Bracelet"},{"floor":7.0,"key":"Tiny Chest"},{"floor":8.0,"key":"Boot"},{"floor":9.0,"key":"Omamori"},{"floor":19.0,"key":"Darkstone Periapt"},{"floor":22.0,"key":"Red Mask"},{"floor":23.0,"key":"Happy Flower"},{"floor":25.0,"key":"HornCleat"},{"floor":26.0,"key":"Lantern"}],"event_choices":[{"damage_healed":80.0,"max_hp_gain":0.0,"max_hp_loss":80.0,"gold_gain":0.0,"event_name":"betterThird:BetterShining","player_choice":"Upgrade","floor":3.0,"gold_loss":0.0,"damage_taken":16.0,"cards_upgraded":["Sword Boomerang","Feel No Pain"]},{"damage_healed":0.0,"max_hp_gain":0.0,"max_hp_loss":0.0,"gold_gain":175.0,"event_name":"betterThird:BetterSerpent","player_choice":"AGREE","floor":4.0,"gold_loss":0.0,"damage_taken":129.0},{"damage_healed":0.0,"max_hp_gain":0.0,"max_hp_loss":0.0,"gold_gain":0.0,"event_name":"betterMatch:BetterMatch","player_choice":"2","floor":10.0,"gold_loss":0.0,"damage_taken":0.0,"cards_obtained":["betterMatch:ColorlessRareCard"]},{"damage_healed":0.0,"max_hp_gain":0.0,"max_hp_loss":0.0,"gold_gain":0.0,"event_name":"Accursed Blacksmith","player_choice":"Rummage","floor":11.0,"gold_loss":0.0,"damage_taken":0.0,"relics_obtained":["WarpedTongs"],"cards_obtained":["Pain"]},{"damage_healed":0.0,"max_hp_gain":0.0,"max_hp_loss":0.0,"gold_gain":0.0,"event_name":"Designer","player_choice":"Upgraded Two","floor":20.0,"gold_loss":40.0,"damage_taken":0.0,"cards_upgraded":["Armaments","Armaments"]},{"damage_healed":0.0,"max_hp_gain":0.0,"max_hp_loss":0.0,"gold_gain":0.0,"event_name":"Masked Bandits","player_choice":"Fought Bandits","floor":22.0,"gold_loss":0.0,"damage_taken":0.0},{"damage_healed":0.0,"max_hp_gain":0.0,"max_hp_loss":0.0,"gold_gain":99.0,"event_name":"betterThird:BetterNest","player_choice":"Steal","floor":24.0,"gold_loss":0.0,"damage_taken":0.0},{"damage_healed":0.0,"max_hp_gain":0.0,"max_hp_loss":0.0,"gold_gain":100.0,"event_name":"Golden Shrine","player_choice":"Pray","floor":28.0,"gold_loss":0.0,"damage_taken":0.0},{"damage_healed":0.0,"max_hp_gain":0.0,"max_hp_loss":16.0,"gold_gain":2.0,"event_name":"betterStone:BetterStone","player_choice":"2","floor":29.0,"gold_loss":0.0,"damage_taken":0.0},{"cards_removed":["Anger"],"damage_healed":0.0,"max_hp_gain":0.0,"max_hp_loss":0.0,"gold_gain":0.0,"event_name":"betterThird:BetterWriting","player_choice":"Elegance","floor":30.0,"gold_loss":0.0,"damage_taken":0.0}],"is_beta":false,"boss_relics":[{"not_picked":["Runic Dome","Sozu"],"picked":"Mark of Pain"}],"items_purged_floors":[5],"is_endless":false,"potions_floor_spawned":[1,14,16,22],"killed_by":"Slavers","ascension_level":0}}