{"host":"2cseu44fjxeibv3f","time":1610983138,"event":{"mods":["BaseMod","Better Third Choice","BetterRewards","Colored Powertips","Energized Spire","Friendly Minions","Googly Eyes","GungeonMod","Halation","Hubris","Infinite Spire","Mimic Mod","Minty Spire (QoL Compilation)","Replay The Spire","Spicy Shops","StS++","StSLib","The Exalted","The Jungle"],"gold_per_floor":[111,111,131,16,32,32,70,70,70,81,6,6,32,46,46,149,149,160,175,175,175,175,175,175,200,234,234,247,247,282,292,292,397,447,467,484,424,424,436,450,484,484,522,541,575,590,590,606,606,606],"floor_reached":51,"language":"ENG","playtime":2326,"items_purged":["Bromod:Defend_Bro"],"score":822,"play_id":"bdd95015-e3e1-4e30-8a83-29a31488df4b","local_time":"20210118101858","is_ascension_mode":false,"campfire_choices":[{"data":"Bromod:FinishingTouch","floor":6,"key":"SMITH"},{"data":"Bromod:SlashDash","floor":8,"key":"SMITH"},{"data":"Bromod:Serration","floor":15,"key":"SMITH"},{"data":"Bromod:HornetStrike","floor":23,"key":"SMITH"},{"data":"Bromod:SlashDash","floor":27,"key":"SMITH"},{"floor":29,"key":"REST"},{"data":"Bromod:NoReturn","floor":32,"key":"SMITH"},{"data":"Bromod:Frostbite","floor":49,"key":"SMITH"}],"circlet_count":0,"master_deck":["Bromod:Strike_Bro","Bromod:Strike_Bro","Bromod:Defend_Bro+1","Bromod:Defend_Bro+1","Bromod:SlashDash+1","Bromod:SlashDash+1","Bromod:SlashDash+1","Bromod:FinishingTouch+1","Bromod:NoReturn+1","Bromod:ContagiousSpread","Bromod:Serration+1","Bromod:HornetStrike+1","Bromod:CollisionForce+1","Bromod:ShatteringImpact+1","Bromod:NorthWind","Bromod:Frostbite+1","Bromod:FinishingTouch","Parasite","Bromod:OrganShatter","Bromod:SlipMagazine+1"],"relics":["Bromod:Ordis","Bromod:AscarisDevice","DemoMod:GnawedKey","Dream Catcher","Snack Pack","Mummified Hand","halation:PinkAlligatorPlush","Turnip","infinitespire:Lucky Rock","InkBottle","War Paint","Tiny House","Bottled Lightning","Blue Doll","infinitespire:Golems Mask","halation:PinkSoulGem"],"acts_visited":["Exordium","TheCity","TheBeyond"],"potions_floor_usage":[16,19,25,33,41],"damage_taken":[{"damage":1,"enemies":"2 Louse","floor":1,"turns":2},{"damage":5,"enemies":"Cultist","floor":3,"turns":3},{"damage":0,"enemies":"Small Slimes","floor":5,"turns":3},{"damage":2,"enemies":"Gremlin Gang","floor":7,"turns":6},{"damage":9,"enemies":"Gremlin Gang","floor":10,"turns":4},{"damage":24,"enemies":"Gremlin Nob","floor":13,"turns":4},{"damage":3,"enemies":"Large Slime","floor":14,"turns":5},{"damage":34,"enemies":"Fading Forest","floor":16,"turns":11},{"damage":20,"enemies":"Chosen","floor":18,"turns":5},{"damage":10,"enemies":"3 Byrds","floor":19,"turns":5},{"damage":25,"enemies":"Gremlin Leader","floor":25,"turns":5},{"damage":10,"enemies":"Snecko","floor":26,"turns":5},{"damage":11,"enemies":"Snecko","floor":28,"turns":3},{"damage":39,"enemies":"Book of Stabbing","floor":30,"turns":7},{"damage":13,"enemies":"Chosen and Byrds","floor":31,"turns":5},{"damage":21,"enemies":"hubris:MusketHawk","floor":33,"turns":6},{"damage":31,"enemies":"3 Shapes","floor":35,"turns":4},{"damage":12,"enemies":"Orb Walker","floor":36,"turns":4},{"damage":20,"enemies":"Writhing Mass","floor":39,"turns":4},{"damage":23,"enemies":"Jaw Worm Horde","floor":40,"turns":4},{"damage":28,"enemies":"Reptomancer","floor":41,"turns":2},{"damage":3,"enemies":"Spire Growth","floor":43,"turns":7},{"damage":0,"enemies":"Spire Growth","floor":44,"turns":2},{"damage":8,"enemies":"R_Hoarder","floor":45,"turns":5},{"damage":14,"enemies":"Sphere and 2 Shapes","floor":46,"turns":4},{"damage":0,"enemies":"Transient","floor":48,"turns":3},{"damage":32,"enemies":"Awakened One","floor":50,"turns":6}],"seed_played":"8048301654825870579","potions_obtained":[{"floor":1,"key":"Regen Potion"},{"floor":3,"key":"Reflective Coating"},{"floor":13,"key":"SpeedPotion"},{"floor":16,"key":"FairyPotion"},{"floor":18,"key":"Bromod:Endo"},{"floor":19,"key":"Bromod:AmmoRestore"},{"floor":33,"key":"Bromod:ClemClone"},{"floor":34,"key":"Flashbang"},{"floor":39,"key":"Languid Potion"},{"floor":44,"key":"Toxic Potion"}],"is_trial":false,"path_per_floor":["M","?","M","$","M","R","MIM","R","T","M","$","?","E","M","R","B",null,"M","M","AVR","?","$","R","?","E","MIM","R","M","R","E","M","R","B",null,"M","M","?","AVR","M","M","E","?","MIM","M","E","M","?","M","R","B",null],"character_chosen":"THE_EXALTED","items_purchased":["DemoMod:GnawedKey"],"campfire_rested":1,"item_purchase_floors":[4],"current_hp_per_floor":[81,65,60,60,60,60,58,58,58,51,51,51,31,30,30,35,82,64,60,60,60,60,60,60,37,31,31,24,48,11,4,4,32,87,62,50,50,50,34,19,87,87,86,87,85,75,75,75,75,49],"gold":606,"neow_bonus":"TEN_PERCENT_HP_BONUS","is_daily":false,"chose_seed":false,"campfire_upgraded":7,"win_rate":0.0,"timestamp":1610983138,"path_taken":["M","?","M","$","M","R","?","R","T","M","$","?","E","M","R","BOSS","M","?","AVR","?","$","R","?","E","MIM","R","M","R","E","M","R","BOSS","M","M","?","AVR","?","M","E","?","MIM","M","E","M","?","M","R","BOSS"],"items_purchased_type":["Relic"],"build_version":"2020-12-22","purchased_purges":1,"victory":true,"max_hp_per_floor":[82,82,82,82,82,82,82,82,82,82,82,82,82,82,82,82,82,82,82,82,82,82,82,82,82,82,82,82,82,82,82,82,82,87,87,87,87,87,87,87,87,87,87,87,87,87,87,87,87,87],"card_choices":[{"not_picked":["Bromod:Reflection","Bromod:Redirection"],"picked":"Bromod:FinishingTouch","floor":1},{"not_picked":["Bromod:PointStrike","Bromod:BulletJump"],"picked":"Bromod:NoReturn","floor":3},{"not_picked":["Bromod:Vitality","Bromod:FastHands"],"picked":"Bromod:ContagiousSpread","floor":5},{"not_picked":["Bromod:Redirection","Bromod:SlipMagazine"],"picked":"Bromod:Serration","floor":10},{"not_picked":["Bromod:PointBlank","Bromod:BriefRespite","Bromod:Maglev"],"picked":"SKIP","floor":13},{"not_picked":["Bromod:PressurePoint","Bromod:Reflection"],"picked":"Bromod:HornetStrike","floor":14},{"not_picked":["Bromod:SplitChamber","Bromod:ThermiteRounds"],"picked":"Bromod:CollisionForce","floor":16},{"not_picked":["Bromod:EnergySiphon","Bromod:SlipMagazine","Bromod:Foundry"],"picked":"SKIP","floor":18},{"not_picked":["Bromod:Foundry","Bromod:BodyCount","Bromod:SlashDash"],"picked":"SKIP","floor":19},{"not_picked":["Bromod:BriefRespite","Bromod:Vitality","Bromod:Provoked+1"],"picked":"SKIP","floor":25},{"not_picked":["Bromod:PointStrike+1","Bromod:Foundry+1"],"picked":"Bromod:ShatteringImpact+1","floor":28},{"not_picked":["Bromod:BodyCount","Bromod:BulletJump"],"picked":"Bromod:FormaBlueprint","floor":29},{"not_picked":["Bromod:PressurePoint+1","Bromod:Maglev","Bromod:SlipMagazine"],"picked":"SKIP","floor":30},{"not_picked":["Bromod:PressurePoint","Bromod:BulletJump"],"picked":"Bromod:NorthWind","floor":31},{"not_picked":["Bromod:RadialJavelin","Bromod:CollisionForce"],"picked":"Bromod:Frostbite","floor":33},{"not_picked":["Bromod:OrganShatter","Bromod:Reflection"],"picked":"Bromod:FinishingTouch","floor":34},{"not_picked":["Bromod:FormaBlueprint","Bromod:BodyCount","Bromod:TacticalPump+1"],"picked":"SKIP","floor":35},{"not_picked":["Bromod:BulletJump","Bromod:FormaBlueprint","Bromod:SlipMagazine"],"picked":"SKIP","floor":36},{"not_picked":["Bromod:Vitality+1","Bromod:QuickDraw+1"],"picked":"Bromod:OrganShatter","floor":39},{"not_picked":["Bromod:FormaBlueprint","Bromod:FastHands+1","Bromod:ArchwingLauncher+1"],"picked":"SKIP","floor":40},{"not_picked":["Bromod:FastHands+1","Bromod:OrganShatter","Bromod:Reflection"],"picked":"SKIP","floor":41},{"not_picked":["Bromod:Maglev+1","Bromod:OrganShatter"],"picked":"Bromod:SlipMagazine+1","floor":44},{"not_picked":["Bromod:Reflection+1","Bromod:NoReturn","Bromod:BulletJump+1"],"picked":"SKIP","floor":45},{"not_picked":["Bromod:Reflection","Bromod:Vitality+1","Bromod:TargetCracker+1"],"picked":"SKIP","floor":46},{"not_picked":["Bromod:Patagium","Bromod:SlashDash+1","Bromod:Redirection+1"],"picked":"SKIP","floor":48}],"player_experience":144197,"relics_obtained":[{"floor":7,"key":"Dream Catcher"},{"floor":9,"key":"Snack Pack"},{"floor":13,"key":"Mummified Hand"},{"floor":25,"key":"infinitespire:Lucky Rock"},{"floor":26,"key":"InkBottle"},{"floor":30,"key":"War Paint"},{"floor":41,"key":"Blue Doll"},{"floor":45,"key":"infinitespire:Golems Mask"}],"event_choices":[{"damage_healed":81,"gold_gain":0,"player_choice":"Upgrade","damage_taken":16,"max_hp_gain":0,"max_hp_loss":82,"event_name":"betterThird:BetterShining","floor":2,"gold_loss":0,"cards_upgraded":["Bromod:Defend_Bro","Bromod:SlashDash"]},{"cards_removed":["Bromod:Strike_Bro"],"damage_healed":0,"gold_gain":0,"player_choice":"Offered Basic","damage_taken":0,"max_hp_gain":0,"max_hp_loss":0,"event_name":"Bonfire Elementals","floor":12,"gold_loss":0},{"cards_removed":["Bromod:FormaBlueprint"],"damage_healed":0,"gold_gain":0,"player_choice":"Single Remove","damage_taken":0,"max_hp_gain":0,"max_hp_loss":0,"event_name":"Designer","floor":37,"gold_loss":60},{"cards_removed":["Bromod:Defend_Bro"],"damage_healed":0,"gold_gain":0,"player_choice":"Removed Skill","damage_taken":0,"max_hp_gain":0,"max_hp_loss":0,"event_name":"Falling","floor":42,"gold_loss":0}],"is_beta":false,"boss_relics":[{"not_picked":["Replay:Ancient Bell","Replay:Bronze Core"],"picked":"halation:PinkAlligatorPlush"},{"not_picked":["ReplayTheSpireMod:DimensionalGlitch","Honey Jar"],"picked":"Tiny House"}],"items_purged_floors":[11],"is_endless":false,"potions_floor_spawned":[1,3,13,16,18,19,33,35,36,39,44,45],"ascension_level":0}}