{"host":"bq4pt811tk9yrmjl","time":1610977306,"event":{"mods":["AchievementEnabler","BaseMod","Colored Map","Colored Powertips","Defuse TimeMaze Blight","Hermit","Minty Spire (QoL Compilation)","StSLib","SuperFastMode"],"gold_per_floor":[116,291,69,43,43,43,76,76,76,76,86,41,74,94,94,190,190,207,259,259,43,43,72,72,72,147,147,164,164,184,216,216,319,319,330,380,394,404,404,404,435,458,458,458,470,483,501,511,511,511,511],"floor_reached":50,"language":"ENG","playtime":909,"items_purged":["Doubt"],"score":621,"play_id":"8ae578a7-afe3-47c3-9b61-6a8db68c37b9","local_time":"20210118114146","is_ascension_mode":true,"campfire_choices":[{"data":"Caltrops","floor":6.0,"key":"SMITH"},{"data":"1","floor":8.0,"key":"LIFT"},{"data":"2","floor":10.0,"key":"LIFT"},{"data":"3","floor":15.0,"key":"LIFT"},{"floor":25.0,"key":"RECALL"},{"data":"Accuracy","floor":27.0,"key":"SMITH"},{"data":"Noxious Fumes","floor":29.0,"key":"SMITH"},{"floor":32.0,"key":"REST"},{"data":"Neutralize","floor":40,"key":"SMITH"},{"floor":49,"key":"REST"}],"circlet_count":0,"master_deck":["Strike_G","Strike_G","Strike_G","Strike_G","Strike_G","Defend_G","Defend_G","Defend_G","Defend_G","Defend_G","Survivor","Neutralize+1","Caltrops+1","Accuracy+1","Blade Dance","Slice","Noxious Fumes+1","Blade Dance","Flying Knee+1","Blade Dance+1","Escape Plan+1","After Image+1","Dodge and Roll+1","Bouncing Flask+1"],"relics":["Ring of the Snake","NeowsBlessing","Nunchaku","Girya","Akabeko","Philosopher\u0027s Stone","Snake Skull","Lee\u0027s Waffle","Bag of Preparation","Mercury Hourglass","Frozen Egg 2","Busted Crown","Pocketwatch","Ancient Tea Set","Dream Catcher","Toxic Egg 2"],"acts_visited":["Exordium","TheCity","TheBeyond"],"potions_floor_usage":[45,48,50],"damage_taken":[{"damage":0.0,"enemies":"Small Slimes","floor":1.0,"turns":1.0},{"damage":0.0,"enemies":"3 Sentries","floor":7.0,"turns":1.0},{"damage":0.0,"enemies":"2 Louse","floor":11.0,"turns":2.0},{"damage":0.0,"enemies":"Gremlin Nob","floor":13.0,"turns":3.0},{"damage":0.0,"enemies":"Cultist","floor":14.0,"turns":2.0},{"damage":24.0,"enemies":"Hexaghost","floor":16.0,"turns":8.0},{"damage":0.0,"enemies":"Spheric Guardian","floor":18.0,"turns":1.0},{"damage":0.0,"enemies":"Gremlin Leader","floor":23.0,"turns":6.0},{"damage":0.0,"enemies":"Shell Parasite","floor":28.0,"turns":3.0},{"damage":0.0,"enemies":"Snake Plant","floor":30.0,"turns":2.0},{"damage":33.0,"enemies":"Slavers","floor":31.0,"turns":4.0},{"damage":49.0,"enemies":"Collector","floor":33.0,"turns":6.0},{"damage":0.0,"enemies":"3 Shapes","floor":35.0,"turns":3.0},{"damage":3,"enemies":"Mind Bloom Boss Battle","floor":36,"turns":4},{"damage":0,"enemies":"Orb Walker","floor":37,"turns":3},{"damage":0,"enemies":"4 Shapes","floor":38,"turns":6},{"damage":6,"enemies":"Nemesis","floor":41,"turns":6},{"damage":9,"enemies":"Maw","floor":45,"turns":6},{"damage":0,"enemies":"Spire Growth","floor":46,"turns":3},{"damage":0,"enemies":"Transient","floor":47,"turns":5},{"damage":2,"enemies":"Sphere and 2 Shapes","floor":48,"turns":5},{"damage":66,"enemies":"Donu and Deca","floor":50,"turns":7}],"seed_played":"7493048973272666519","potions_obtained":[{"floor":11.0,"key":"ColorlessPotion"},{"floor":13.0,"key":"SkillPotion"},{"floor":16.0,"key":"SneckoOil"},{"floor":18.0,"key":"AttackPotion"},{"floor":28.0,"key":"Poison Potion"},{"floor":31.0,"key":"CunningPotion"},{"floor":38,"key":"GhostInAJar"},{"floor":41,"key":"AttackPotion"},{"floor":45,"key":"ColorlessPotion"},{"floor":47,"key":"Energy Potion"}],"is_trial":false,"path_per_floor":["M","?","$","?","?","R","E","R","T","R","M","$","E","M","R","B",null,"M","T","?","$","?","E","?","R","T","R","M","R","M","E","R","B",null,"M","?","M","M","?","R","E","T","T","?","M","M","M","M","R","B"],"character_chosen":"THE_SILENT","items_purchased":["Nunchaku","Blade Dance","Lee\u0027s Waffle","Noxious Fumes"],"campfire_rested":2,"item_purchase_floors":[3,12,21,21],"current_hp_per_floor":[70,70,70,70,70,70,70,70,70,70,70,70,70,70,70,46,70,70,70,70,77,77,77,63,63,63,63,63,63,63,30,54,5,82,82,79,79,79,79,79,73,73,73,73,64,64,64,62,78,12,12],"gold":511,"neow_bonus":"THREE_ENEMY_KILL","is_daily":false,"chose_seed":false,"campfire_upgraded":4,"win_rate":0.0,"timestamp":1610977306,"path_taken":["M","?","$","?","?","R","E","R","T","R","M","$","E","M","R","BOSS","M","?","?","$","?","E","?","R","T","R","M","R","M","E","R","BOSS","M","?","M","M","?","R","E","?","T","?","?","M","M","M","R","BOSS"],"items_purchased_type":["Relic","Card","Relic","Card"],"build_version":"2020-12-22","purchased_purges":1,"victory":false,"max_hp_per_floor":[70,70,70,70,70,70,70,70,70,70,70,70,70,70,70,70,70,70,70,70,77,77,77,82,82,82,82,82,82,82,82,82,82,82,82,82,82,82,82,82,82,82,82,78,78,78,78,78,78,78,78],"card_choices":[{"not_picked":["Dagger Throw","Bane"],"picked":"Caltrops","floor":1.0},{"not_picked":["Leg Sweep","Dagger Throw","Accuracy"],"picked":"SKIP","floor":7.0},{"not_picked":["Sucker Punch","Backstab","Quick Slash"],"picked":"SKIP","floor":11.0},{"not_picked":["Acrobatics","Distraction","Crippling Poison"],"picked":"SKIP","floor":13.0},{"not_picked":["Flying Knee","Choke","Dodge and Roll"],"picked":"SKIP","floor":14.0},{"not_picked":["Flying Knee","Eviscerate"],"picked":"Slice","floor":18.0},{"not_picked":["Sucker Punch","Escape Plan"],"picked":"Blade Dance","floor":23.0},{"not_picked":["Underhanded Strike","Deadly Poison"],"picked":"Flying Knee+1","floor":28.0},{"not_picked":["Underhanded Strike+1","All Out Attack"],"picked":"Blade Dance+1","floor":30.0},{"not_picked":["Choke","Sucker Punch"],"picked":"Escape Plan+1","floor":31.0},{"not_picked":["A Thousand Cuts+1","Burst"],"picked":"After Image+1","floor":33.0},{"not_picked":["Underhanded Strike"],"picked":"SKIP","floor":35.0},{"not_picked":["Riddle With Holes"],"picked":"SKIP","floor":37},{"not_picked":["Leg Sweep"],"picked":"SKIP","floor":38},{"not_picked":["Sucker Punch"],"picked":"SKIP","floor":41},{"not_picked":[],"picked":"Dodge and Roll+1","floor":45},{"not_picked":["Bane+1"],"picked":"SKIP","floor":46},{"not_picked":["Flying Knee"],"picked":"SKIP","floor":47},{"not_picked":["Concentrate+1"],"picked":"SKIP","floor":48},{"not_picked":[],"picked":"Bouncing Flask+1","floor":49}],"player_experience":181831,"relics_obtained":[{"floor":7.0,"key":"Girya"},{"floor":13.0,"key":"Akabeko"},{"floor":19.0,"key":"Snake Skull"},{"floor":23.0,"key":"Bag of Preparation"},{"floor":26.0,"key":"Mercury Hourglass"},{"floor":31.0,"key":"Frozen Egg 2"},{"floor":36,"key":"Pocketwatch"},{"floor":41,"key":"Ancient Tea Set"},{"floor":42,"key":"Dream Catcher"},{"floor":43,"key":"Toxic Egg 2"}],"event_choices":[{"damage_healed":0.0,"max_hp_gain":0.0,"max_hp_loss":0.0,"gold_gain":175.0,"event_name":"Liars Game","player_choice":"AGREE","floor":2.0,"gold_loss":0.0,"damage_taken":0.0,"cards_obtained":["Doubt"]},{"damage_healed":0.0,"max_hp_gain":0.0,"max_hp_loss":0.0,"gold_gain":0.0,"event_name":"World of Goop","player_choice":"Left Gold","floor":4.0,"gold_loss":26.0,"damage_taken":0.0},{"damage_healed":0.0,"max_hp_gain":0.0,"max_hp_loss":0.0,"gold_gain":0.0,"event_name":"Match and Keep!","player_choice":"1 cards matched","floor":5.0,"gold_loss":0.0,"damage_taken":0.0,"cards_obtained":["Accuracy"]},{"damage_healed":0.0,"max_hp_gain":0.0,"max_hp_loss":0.0,"gold_gain":0.0,"event_name":"Cursed Tome","player_choice":"Ignored","floor":20.0,"gold_loss":0.0,"damage_taken":0.0},{"damage_healed":0.0,"max_hp_gain":0.0,"max_hp_loss":0.0,"gold_gain":0.0,"event_name":"Vampires","player_choice":"Ignored","floor":22.0,"gold_loss":0.0,"damage_taken":0.0},{"damage_healed":0.0,"max_hp_gain":5.0,"max_hp_loss":0.0,"gold_gain":0.0,"event_name":"Forgotten Altar","player_choice":"Shed Blood","floor":24.0,"gold_loss":0.0,"damage_taken":19.0},{"damage_healed":0,"gold_gain":0,"player_choice":"Fight","damage_taken":0,"max_hp_gain":0,"max_hp_loss":0,"event_name":"MindBloom","floor":36,"gold_loss":0},{"damage_healed":0,"gold_gain":0,"player_choice":"Ignored","damage_taken":0,"max_hp_gain":0,"max_hp_loss":0,"event_name":"Mysterious Sphere","floor":39,"gold_loss":0},{"damage_healed":0,"gold_gain":0,"player_choice":"Max HP","damage_taken":0,"max_hp_gain":0,"max_hp_loss":4,"event_name":"Winding Halls","floor":44,"gold_loss":0}],"is_beta":false,"boss_relics":[{"not_picked":["Fusion Hammer","Coffee Dripper"],"picked":"Philosopher\u0027s Stone"},{"not_picked":["Runic Dome","Ring of the Serpent"],"picked":"Busted Crown"}],"items_purged_floors":[3],"is_endless":false,"potions_floor_spawned":[11,13,16,18,28,31,38,41,45,47],"killed_by":"Donu and Deca","ascension_level":1}}