{"host":"56ghxnzsglgdq727","time":1610931786,"event":{"mods":["AchievementEnabler","BaseMod","Downfall","Duelist Mod","Minty Spire (QoL Compilation)","Rare Cards Sparkle","StSLib","The Bug Knight","The Exalted","The Senshi","The Wild Card"],"gold_per_floor":[144,144,155,155,168,168,168,39,39,39,4,29,29,104,104,200,200,213,232,82,82,82,82],"floor_reached":22,"language":"ENG","playtime":568,"items_purged":["theDuelist:CastleWalls"],"score":252,"play_id":"9857240f-31ac-4602-bac7-d86e70cb80b4","local_time":"20210117200306","is_ascension_mode":true,"campfire_choices":[{"data":"theDuelist:CallGrave","floor":6,"key":"SMITH"},{"floor":15,"key":"REST"}],"circlet_count":0,"master_deck":["theDuelist:ArchfiendSoldier+1","theDuelist:ArchfiendSoldier","theDuelist:ArchfiendSoldier","theDuelist:CastleWalls+1","theDuelist:FiendMegacyber","theDuelist:Sparks","theDuelist:Sparks","theDuelist:SummonedSkull","theDuelist:CallGrave+1","theDuelist:GiantOrc","theDuelist:DarkCubicLord","theDuelist:DarkMasterZorc","Bandage Up+1"],"relics":["theDuelist:MillenniumPuzzle","theDuelist:CardPoolRelic","theDuelist:CardPoolBasicRelic","theDuelist:BoosterPackPoolRelic","theDuelist:CardPoolAddRelic","theDuelist:CardPoolMinusRelic","theDuelist:CardPoolSaveRelic","theDuelist:CardPoolOptionsRelic","Red Skull","InkBottle","theDuelist:MetronomeRelicB","theDuelist:DuelistTeaSet","Runic Cube","theDuelist:ZoneToken","Letter Opener"],"acts_visited":["Exordium","TheCity"],"potions_floor_usage":[3,12,12,16,16,22],"damage_taken":[{"damage":3,"enemies":"Small Slimes","floor":1,"turns":3},{"damage":0,"enemies":"Jaw Worm","floor":3,"turns":4},{"damage":6,"enemies":"Cultist","floor":5,"turns":3},{"damage":16,"enemies":"Gremlin Nob","floor":12,"turns":4},{"damage":44,"enemies":"The Guardian","floor":16,"turns":7},{"damage":32,"enemies":"Chosen","floor":18,"turns":5},{"damage":13,"enemies":"Shell Parasite","floor":19,"turns":3},{"damage":12,"enemies":"Shelled Parasite and Fungi","floor":22,"turns":2}],"seed_played":"-8297122866706059853","potions_obtained":[{"floor":0,"key":"theDuelist:MegaupgradePotion"},{"floor":0,"key":"theDuelist:WaterBottle"},{"floor":0,"key":"Regen Potion"},{"floor":5,"key":"BlessingOfTheForge"},{"floor":12,"key":"sneckomod:MuddlingPotion"},{"floor":19,"key":"ColorlessPotion"}],"is_trial":false,"path_per_floor":["M","?","M","?","M","R","?","$","T","$","?","E","?","?","R","B",null,"M","M","$","T","M"],"character_chosen":"THE_DUELIST","items_purchased":["theDuelist:GiantOrc","theDuelist:ZoneToken"],"campfire_rested":1,"item_purchase_floors":[8,20],"current_hp_per_floor":[69,51,63,63,57,57,41,41,41,41,61,45,39,31,55,11,63,31,18,18,18,12,12],"gold":82,"neow_bonus":"THREE_SMALL_POTIONS","is_daily":false,"chose_seed":false,"campfire_upgraded":1,"win_rate":0.0,"timestamp":1610931786,"path_taken":["M","?","M","?","?","R","?","$","T","$","?","E","?","?","R","BOSS","M","M","$","?","M"],"items_purchased_type":["Card","Relic"],"build_version":"2020-12-22","purchased_purges":1,"victory":false,"max_hp_per_floor":[80,80,80,80,80,80,80,80,80,80,80,80,80,80,80,80,80,80,80,80,80,80,80],"card_choices":[{"not_picked":["theDuelist:DokiDoki","theDuelist:EarthquakeGiant","theDuelist:MudGolem"],"picked":"SKIP","floor":1},{"not_picked":["theDuelist:FeatherShot","theDuelist:Wildfire"],"picked":"theDuelist:CallGrave","floor":3},{"not_picked":["theDuelist:DrivenDaredevil","theDuelist:DarkFusion","theDuelist:CheerfulCoffin"],"picked":"SKIP","floor":5},{"not_picked":["theDuelist:TwinHeadedWolf","theDuelist:DarkTinker","theDuelist:Pumpking"],"picked":"SKIP","floor":12},{"not_picked":["theDuelist:Tierra","theDuelist:DarkMasterZorc"],"picked":"theDuelist:DarkCubicLord","floor":16},{"not_picked":["theDuelist:RedSprinter","theDuelist:VanityFiend"],"picked":"theDuelist:DarkMasterZorc","floor":18},{"not_picked":["PanicButton"],"picked":"Bandage Up+1","floor":19}],"player_experience":279734,"relics_obtained":[{"floor":9,"key":"InkBottle"},{"floor":12,"key":"theDuelist:MetronomeRelicB"},{"floor":21,"key":"Letter Opener"}],"event_choices":[{"damage_healed":0,"gold_gain":0,"player_choice":"Success","damage_taken":18,"relics_obtained":["Red Skull"],"max_hp_gain":0,"max_hp_loss":0,"event_name":"Scrap Ooze","floor":2,"gold_loss":0},{"cards_removed":["theDuelist:CastleWalls"],"damage_healed":0,"gold_gain":0,"player_choice":"Purged","damage_taken":0,"max_hp_gain":0,"max_hp_loss":0,"event_name":"Purifier","floor":4,"gold_loss":0},{"damage_healed":0,"gold_gain":0,"player_choice":"Entered Light","damage_taken":16,"max_hp_gain":0,"max_hp_loss":0,"event_name":"Shining Light","floor":7,"gold_loss":0,"cards_upgraded":["theDuelist:CastleWalls","theDuelist:ArchfiendSoldier"]},{"damage_healed":20,"gold_gain":0,"player_choice":"Healed","damage_taken":0,"max_hp_gain":0,"max_hp_loss":0,"event_name":"The Cleric","floor":11,"gold_loss":35},{"damage_healed":0,"gold_gain":0,"player_choice":"Dig - random Duelist relic","duelist":true,"damage_taken":0,"max_hp_gain":0,"max_hp_loss":0,"event_name":"Aknamkanon\u0027s Tomb","floor":13,"gold_loss":0},{"damage_healed":0,"gold_gain":75,"player_choice":"Touch","damage_taken":8,"max_hp_gain":0,"max_hp_loss":0,"event_name":"FaceTrader","floor":14,"gold_loss":0}],"is_beta":false,"boss_relics":[{"not_picked":["Runic Dome","Runic Pyramid"],"picked":"Runic Cube"}],"items_purged_floors":[8],"is_endless":false,"potions_floor_spawned":[5,12,19],"killed_by":"Shelled Parasite and Fungi","ascension_level":8}}