{"host":"r6jigiblrojhp6xe","time":1610977710,"event":{"mods":["AchievementEnabler","BaseMod","DeckTracker","Minty Spire (QoL Compilation)","Quick Restart","Rare Cards Sparkle","Relic Stats","StSLib","SuperFastMode","The Cursed","everything is the same but u backflip on backflip"],"gold_per_floor":[362,362,202,216,216,216,235,235,235,253,263,279,17,17,17,88,88,99,36,55,74,85,85,85],"floor_reached":23,"language":"KOR","playtime":803,"items_purged":["Strike_B","Zap","Dualcast"],"score":370,"play_id":"fdc8174b-0119-4e4c-a805-5fd3a113ce52","local_time":"20210118224830","is_ascension_mode":true,"campfire_choices":[{"data":"Rip and Tear","floor":6.0,"key":"SMITH"},{"data":"Reprogram","floor":8.0,"key":"SMITH"},{"data":"Reprogram","floor":15.0,"key":"SMITH"}],"circlet_count":0,"master_deck":["AscendersBane","Strike_B","Strike_B+1","Defend_B","Defend_B","Defend_B+1","Defend_B","Go for the Eyes","Rip and Tear+1","Hologram","Reprogram+1","Reprogram+1","Undo","Conserve Battery","FTL","Reboot","Rebound","Beam Cell","Self Repair"],"relics":["Cracked Core","Mummified Hand","Membership Card","Velvet Choker"],"acts_visited":["Exordium","TheCity"],"potions_floor_usage":[23],"damage_taken":[{"damage":1.0,"enemies":"2 Louse","floor":1.0,"turns":3.0},{"damage":0.0,"enemies":"Small Slimes","floor":4.0,"turns":3.0},{"damage":2.0,"enemies":"Jaw Worm","floor":7.0,"turns":3.0},{"damage":8.0,"enemies":"Gremlin Gang","floor":10.0,"turns":7.0},{"damage":3.0,"enemies":"Exordium Thugs","floor":11.0,"turns":4.0},{"damage":0.0,"enemies":"2 Fungi Beasts","floor":12.0,"turns":3.0},{"damage":24.0,"enemies":"The Guardian","floor":16.0,"turns":11.0},{"damage":4.0,"enemies":"Shell Parasite","floor":18.0,"turns":7.0},{"damage":7.0,"enemies":"Chosen","floor":20.0,"turns":4.0},{"damage":6.0,"enemies":"Sentry and Sphere","floor":21.0,"turns":6.0},{"damage":20.0,"enemies":"Centurion and Healer","floor":22.0,"turns":5.0},{"damage":47,"enemies":"Gremlin Leader","floor":23,"turns":4}],"seed_played":"-1610344310663489570","potions_obtained":[{"floor":7.0,"key":"FocusPotion"},{"floor":11.0,"key":"Ancient Potion"},{"floor":12.0,"key":"ColorlessPotion"},{"floor":20.0,"key":"CultistPotion"},{"floor":21.0,"key":"SteroidPotion"}],"is_trial":false,"path_per_floor":["M","?","$","M","?","R","M","R","T","M","M","M","$","?","R","B",null,"M","$","M","M","M","E"],"character_chosen":"DEFECT","items_purchased":["Rip and Tear","Membership Card","Conserve Battery","FTL"],"campfire_rested":0,"item_purchase_floors":[3,13,13,13],"current_hp_per_floor":[45,24,24,24,24,24,22,22,22,14,11,11,11,81,81,57,75,71,71,64,58,38,0,0],"gold":85,"neow_bonus":"TWO_FIFTY_GOLD","is_daily":false,"chose_seed":false,"campfire_upgraded":3,"win_rate":0.0,"timestamp":1610977710,"path_taken":["M","?","$","M","?","R","M","R","T","M","M","M","$","?","R","BOSS","M","$","M","?","?","E"],"items_purchased_type":["Card","Relic","Card","Card"],"build_version":"2020-12-22","purchased_purges":3,"victory":false,"max_hp_per_floor":[71,71,71,71,71,71,71,71,71,71,71,71,71,81,81,81,81,81,81,81,81,81,81,81],"relic_stats":{"counters":[12,60],"Mummified Hand":[1],"obtain_stats":[{"Mummified Hand":9,"Velvet Choker":17,"Membership Card":13,"Cracked Core":0},{"Mummified Hand":3,"Velvet Choker":7,"Membership Card":6,"Cracked Core":0},{"Mummified Hand":9,"Velvet Choker":34,"Membership Card":23,"Cracked Core":0}]},"card_choices":[{"not_picked":["Beam Cell","Hologram"],"picked":"Go for the Eyes","floor":1.0},{"not_picked":["Barrage","Heatsinks"],"picked":"Reboot","floor":4.0},{"not_picked":["White Noise","Rebound"],"picked":"Reprogram","floor":7.0},{"not_picked":["Barrage","Genetic Algorithm"],"picked":"Reprogram","floor":10.0},{"not_picked":["Go for the Eyes","Steam"],"picked":"Undo","floor":11.0},{"not_picked":["Tempest","White Noise","Ball Lightning"],"picked":"SKIP","floor":12.0},{"not_picked":["Creative AI","Meteor Strike"],"picked":"Reboot","floor":16.0},{"not_picked":["Tempest","Barrage"],"picked":"Rebound","floor":18.0},{"not_picked":["Streamline","Lockon"],"picked":"Beam Cell","floor":20.0},{"not_picked":["Gash","Rebound","Turbo"],"picked":"SKIP","floor":21.0},{"not_picked":["Sweeping Beam","Reprogram"],"picked":"Self Repair","floor":22.0}],"player_experience":578807,"relics_obtained":[{"floor":9.0,"key":"Mummified Hand"}],"event_choices":[{"damage_healed":0.0,"max_hp_gain":0.0,"max_hp_loss":0.0,"gold_gain":0.0,"event_name":"Shining Light","player_choice":"Entered Light","floor":2.0,"gold_loss":0.0,"damage_taken":21.0,"cards_upgraded":["Defend_B","Strike_B"]},{"damage_healed":0.0,"max_hp_gain":0.0,"max_hp_loss":0.0,"gold_gain":0.0,"cards_transformed":["Strike_B"],"event_name":"Living Wall","player_choice":"Change","floor":5.0,"gold_loss":0.0,"damage_taken":0.0,"cards_obtained":["Hologram"]},{"cards_removed":["Reboot"],"damage_healed":60.0,"max_hp_gain":10.0,"max_hp_loss":0.0,"gold_gain":0.0,"event_name":"Bonfire Elementals","player_choice":"Offered Rare","floor":14.0,"gold_loss":0.0,"damage_taken":0.0}],"is_beta":false,"boss_relics":[{"not_picked":["Black Star","SlaversCollar"],"picked":"Velvet Choker"}],"items_purged_floors":[3,13,19],"is_endless":false,"potions_floor_spawned":[7,11,12,20,21],"killed_by":"Gremlin Leader","ascension_level":20}}