{"host":"k2qahyfnbpqixgl3","time":1610982070,"event":{"mods":["Act Like it!","Ascension Reborn","BaseMod","Card Forge","Colored Powertips","Highlight Path","KinomotoSakuraMod(¤ì¤§¥»?)","Minty Spire (QoL Compilation)","Pale of the Ancients","Remilia¡]Á¢¦Ì²ú?¡^","Replay The Spire","StSLib","The Animator","The Jungle","Unceasing Turn Reminder","Youmu¡]»î¾z§¯?¡^"],"gold_per_floor":[117,128,128,146,166,192,192,222,222,23,38,67,83,83,83,187,187,206,206],"floor_reached":18,"language":"ZHS","playtime":705,"items_purged":[],"score":259,"play_id":"b807ba9a-63c7-44c6-8b15-b5654de26d1d","local_time":"20210118230110","is_ascension_mode":true,"campfire_choices":[{"data":"TenKingsRetributionOnThePreta","floor":7,"key":"SMITH"},{"floor":15,"key":"REST"}],"circlet_count":0,"master_deck":["Strike_YM","Strike_YM","Strike_YM","Strike_YM","Defend_YM","Defend_YM","Defend_YM","Defend_YM","SlashOfPresentWorld","WheelOfPainOfLivingAndDead","HumanRealmSword","SwordOfBindingDesires","CrescentMoonSlash","ThreeKonsSevenHakus","TenKingsRetributionOnThePreta+1","HumanGodSword","SlashOfMeditation","DispleasureOfTheSevenHakus","CherryBlossomFlashing","HumanKnowledgeSword","PhosphoricSlash","VoidnessSword","LifeCuttingSword+1"],"relics":["HalfPhantom","Hammer of Thor","Seething Fire","Anvil of the Gods","Dream Catcher","PreservedInsect","Sundial","Lantern","Roukanken","AntiCross","ReplayTheSpireMod:Ninjato","Black Star"],"acts_visited":["Exordium","Exordium"],"potions_floor_usage":[5,5,16],"damage_taken":[{"damage":6.0,"enemies":"2 Louse","floor":1.0,"turns":4.0},{"damage":6,"enemies":"Jaw Worm","floor":2,"turns":6},{"damage":2,"enemies":"Small Slimes","floor":4,"turns":5},{"damage":0,"enemies":"Exordium Wildlife","floor":5,"turns":5},{"damage":7,"enemies":"Lagavulin","floor":6,"turns":7},{"damage":0,"enemies":"Replay:BlueRogue","floor":8,"turns":3},{"damage":0,"enemies":"Exordium Thugs","floor":11,"turns":3},{"damage":5,"enemies":"3 Sentries","floor":12,"turns":4},{"damage":0,"enemies":"2 Fungi Beasts","floor":13,"turns":2},{"damage":0,"enemies":"Slime Boss","floor":16,"turns":4},{"damage":21,"enemies":"theJungle:GiantWrat","floor":18,"turns":4}],"seed_played":"-7892543013021900927","potions_obtained":[{"floor":1,"key":"Block Potion"},{"floor":2,"key":"SteroidPotion"},{"floor":8,"key":"BlessingOfTheForge"},{"floor":11,"key":"Languid Potion"},{"floor":12,"key":"Block Potion"},{"floor":18,"key":"ColorlessPotion"}],"is_trial":false,"path_per_floor":["M","M","?","M","M","E","R","E","T","$","M","E","M","T","R","B",null,"M"],"character_chosen":"YOUMU","items_purchased":["Roukanken","SlashOfMeditation"],"campfire_rested":1,"item_purchase_floors":[10,10],"current_hp_per_floor":[69,63,63,61,61,54,54,54,54,54,54,49,49,49,73,73,82,61,61],"gold":206,"neow_bonus":"TEN_PERCENT_HP_BONUS","is_daily":false,"chose_seed":false,"campfire_upgraded":1,"win_rate":0.0,"timestamp":1610982070,"path_taken":["M","M","?","M","M","E","R","E","T","$","M","E","M","?","R","BOSS","M"],"items_purchased_type":["Relic","Card"],"build_version":"2020-12-22","purchased_purges":0,"victory":false,"max_hp_per_floor":[82,82,82,82,82,82,82,82,82,82,82,82,82,82,82,82,82,82,82],"card_choices":[{"not_picked":["BloodOfAsura","PretaSword"],"picked":"HumanRealmSword","floor":1},{"not_picked":["SpiritCuttingSword","AsTheSilentNirvana"],"picked":"SwordOfBindingDesires","floor":2},{"not_picked":["SwordExtraction","SpiritCuttingSword"],"picked":"CrescentMoonSlash","floor":4},{"not_picked":["CrescentMoonSlash","SlashOfAscensionToBuddhahood"],"picked":"ThreeKonsSevenHakus","floor":5},{"not_picked":["HellRealmSword","HumanKnowledgeSword"],"picked":"TenKingsRetributionOnThePreta","floor":6},{"not_picked":["LowerRealmReflectionSlash","TwoHundredYojanaInOneSlash"],"picked":"HumanGodSword","floor":8},{"not_picked":["FlashingScatteredFlowers","FantasyOfEnteringEnlightenment"],"picked":"DispleasureOfTheSevenHakus","floor":11},{"not_picked":["SwordOfBindingDesires","SlashOfAscensionToBuddhahood"],"picked":"CherryBlossomFlashing","floor":12},{"not_picked":["SpiritMediumsBind","LowerRealmReflectionSlash"],"picked":"HumanKnowledgeSword","floor":13},{"not_picked":["SwordExtraction","ThreeKonsSevenHakus"],"picked":"PhosphoricSlash","floor":15},{"not_picked":["SuddenDivineSeveringOfKarmicWind","AsuraSword"],"picked":"VoidnessSword","floor":16},{"not_picked":["KarmicPunishmentOfTheIdleAndUnfocused","SanzenSekai"],"picked":"LifeCuttingSword+1","floor":18}],"player_experience":548145,"relics_obtained":[{"floor":6,"key":"PreservedInsect"},{"floor":8,"key":"Sundial"},{"floor":9,"key":"Lantern"},{"floor":12,"key":"AntiCross"},{"floor":14,"key":"ReplayTheSpireMod:Ninjato"}],"event_choices":[{"damage_healed":0,"gold_gain":0,"player_choice":"Box","damage_taken":0,"relics_obtained":["Dream Catcher"],"max_hp_gain":0,"max_hp_loss":0,"event_name":"Big Fish","floor":3,"gold_loss":0,"cards_obtained":["Regret"]}],"is_beta":false,"boss_relics":[{"not_picked":["Kintsugi","Replay:Fungal Core"],"picked":"Black Star"}],"items_purged_floors":[],"is_endless":false,"potions_floor_spawned":[1,2,8,11,12,18],"killed_by":"theJungle:GiantWrat","ascension_level":0}}