{"host":"ss2ocoam53r2lno0","time":1610971938,"event":{"mods":["Act Like it!","BaseMod","ChefMod","Clockwork Mod","Colored Powertips","Curses Come First","Displayed Cursed Tome","Downfall","Evolution","Googly Eyes","Hallownest","Highlight Path","Minty Spire (QoL Compilation)","Poor People Problems","Rare Cards Sparkle","Robot Space Explorer","Shade Mod","Shop Mod","Spicy Shops","StSLib","The Marked"],"gold_per_floor":[110,110,35,53,64,64,64,64,64,139,197,20,32,46,46,150,150,160,171,190,190,190],"floor_reached":21,"language":"ENG","playtime":2265,"items_purged":["Clockwork:ChargingBlade","Clockwork:ChargingBlade+1"],"score":257,"play_id":"c63758c2-2fa4-4c4f-9f3e-b47496152a1f","local_time":"20210118131218","is_ascension_mode":true,"campfire_choices":[{"data":"Clockwork:Tinker","floor":6.0,"key":"SMITH"},{"floor":15,"key":"REST"}],"circlet_count":0,"master_deck":["AscendersBane","Clockwork:ChargingBlade+1","Clockwork:Shield","Clockwork:Shield","Clockwork:Shield","Clockwork:Shield","Clockwork:Tinker+1","Clockwork:WarmUp+1","Clockwork:ZeroPointEnergy"],"relics":["Clockwork:MomentumEngine","EVO:Axolotl","White Beast Statue","TungstenRod","sneckomod:SneckoTalon"],"acts_visited":["Exordium","TheCity"],"potions_floor_usage":[11,11,13,13,20,20],"damage_taken":[{"damage":21.0,"enemies":"Small Slimes","floor":1.0,"turns":6.0},{"damage":4.0,"enemies":"Cultist","floor":4.0,"turns":6.0},{"damage":1.0,"enemies":"Jaw Worm","floor":5.0,"turns":7.0},{"damage":19,"enemies":"Lagavulin Event","floor":11,"turns":26},{"damage":10,"enemies":"Large Slime","floor":13,"turns":11},{"damage":3,"enemies":"2 Fungi Beasts","floor":14,"turns":4},{"damage":39,"enemies":"Slime Boss","floor":16,"turns":12},{"damage":23,"enemies":"3 Byrds","floor":18,"turns":10},{"damage":16,"enemies":"Chosen","floor":19,"turns":6},{"damage":13,"enemies":"Snecko","floor":20,"turns":6},{"damage":15,"enemies":"Shelled Parasite and Fungi","floor":21,"turns":4}],"seed_played":"8559650050266991527","potions_obtained":[{"floor":4.0,"key":"SpeedPotion"},{"floor":5.0,"key":"Regen Potion"},{"floor":11,"key":"ColorlessPotion"},{"floor":13,"key":"Ancient Potion"},{"floor":14,"key":"DuplicationPotion"},{"floor":16,"key":"Energy Potion"},{"floor":20,"key":"FearPotion"}],"is_trial":false,"path_per_floor":["M","?","$","M","M","R","$","?","T","?","?","$","M","M","R","B",null,"M","M","M","M"],"character_chosen":"CLOCKWORK","items_purchased":["Regen Potion"],"campfire_rested":1,"item_purchase_floors":[12],"current_hp_per_floor":[56,56,56,52,51,51,51,34,34,23,19,19,24,21,46,7,66,43,27,14,0,0],"gold":190,"neow_bonus":"UPGRADE_CARD","is_daily":false,"chose_seed":false,"campfire_upgraded":1,"win_rate":0.0,"timestamp":1610971938,"path_taken":["M","?","?","M","?","R","$","?","T","?","?","$","M","M","R","BOSS","M","M","M","M"],"items_purchased_type":["Potion"],"build_version":"2020-12-22","purchased_purges":2,"victory":false,"max_hp_per_floor":[85,85,85,85,85,85,85,85,85,85,85,85,85,85,85,85,85,85,85,85,85,85],"card_choices":[{"not_picked":["Clockwork:SystemScan","Clockwork:CogToss","Clockwork:AdaptiveCannon"],"picked":"SKIP","floor":1.0},{"not_picked":["Clockwork:Pluck","Clockwork:Roundhouse","Clockwork:StasisBreak"],"picked":"SKIP","floor":4.0},{"not_picked":["Clockwork:Roundhouse","Clockwork:ReserveSystems","Clockwork:CogShield"],"picked":"SKIP","floor":5.0},{"not_picked":["Clockwork:SearchingStrike","Clockwork:SnapKeep","Clockwork:AdaptiveShield"],"picked":"SKIP","floor":13},{"not_picked":["Clockwork:SystemHardening","Clockwork:AdaptiveCannon","Clockwork:CogBarrier"],"picked":"SKIP","floor":14},{"not_picked":["Clockwork:WindupStrike","Clockwork:Halt"],"picked":"Clockwork:ZeroPointEnergy","floor":16},{"not_picked":["Clockwork:SnapKeep+1","Clockwork:InertialShield","Clockwork:ForgeStrike"],"picked":"SKIP","floor":18},{"not_picked":["Clockwork:CogToss","Clockwork:Minimalism","Clockwork:SnapKeep+1"],"picked":"SKIP","floor":19},{"not_picked":["Clockwork:SnapKeep","Clockwork:AdaptiveCannon","Clockwork:SmithsMallet"],"picked":"SKIP","floor":20}],"player_experience":768155,"relics_obtained":[{"floor":9.0,"key":"White Beast Statue"},{"floor":11,"key":"TungstenRod"}],"event_choices":[{"cards_removed":["Clockwork:Strike"],"damage_healed":0.0,"max_hp_gain":0.0,"max_hp_loss":0.0,"gold_gain":0.0,"event_name":"Bonfire Elementals","player_choice":"Offered Basic","floor":2.0,"gold_loss":0.0,"damage_taken":0.0},{"damage_healed":0.0,"max_hp_gain":0.0,"max_hp_loss":0.0,"gold_gain":0.0,"event_name":"Shining Light","player_choice":"Entered Light","floor":8.0,"gold_loss":0.0,"damage_taken":17.0,"cards_upgraded":["Clockwork:WarmUp","Clockwork:ChargingBlade"]},{"damage_healed":0.0,"max_hp_gain":0.0,"max_hp_loss":0.0,"gold_gain":75.0,"event_name":"World of Goop","player_choice":"Gather Gold","floor":10.0,"gold_loss":0.0,"damage_taken":11.0},{"damage_healed":0,"gold_gain":0,"player_choice":"Searched \u00271\u0027 times","damage_taken":0,"max_hp_gain":0,"max_hp_loss":0,"event_name":"Dead Adventurer","floor":11,"gold_loss":0}],"is_beta":false,"boss_relics":[{"not_picked":["Clockwork:PerpetualMotionMachine","expansioncontent:StudyCardRelic"],"picked":"sneckomod:SneckoTalon"}],"items_purged_floors":[3,12],"is_endless":false,"potions_floor_spawned":[4,5,11,13,14,16,18,19,20],"killed_by":"Shelled Parasite and Fungi","ascension_level":10}}