{"host":"4jkyggjfmxcpengt","time":1610936036,"event":{"mods":["AchievementEnabler","BaseMod","Better Note","Block Reminder","Colored Powertips","Fiend Mod","Hermit","Minty Spire (QoL Compilation)","Quick Restart","Replay The Spire","SacredBarkPlus","StSLib","The Animator","Transform Curses","Unceasing Turn Reminder"],"gold_per_floor":[115,127,152,31,49,82,82,99,150,161,186,198,250,32,32,105,105,125,40,40,51,70,70,88,88,141,155,166,166,181,181,181,258,258,273,296,308,65,65,93,93,93,93,93,113,142,142,168,168,168],"floor_reached":51,"language":"SPA","playtime":3111,"items_purged":["Strike_G","Well Laid Plans"],"score":1670,"play_id":"3a2b3329-7ce7-4bcf-8ef7-b384038700dc","local_time":"20210118031356","is_ascension_mode":true,"campfire_choices":[{"data":"Blade Dance","floor":7.0,"key":"SMITH"},{"floor":15.0,"key":"REST"},{"data":"Backflip","floor":23,"key":"SMITH"},{"floor":25,"key":"REST"},{"floor":32,"key":"REST"},{"data":"Blade Dance","floor":41,"key":"SMITH"},{"data":"Madness","floor":44,"key":"SMITH"},{"data":"ReplayTheSpireMod:Scrap Shanks","floor":47,"key":"SMITH"},{"data":"Calculated Gamble","floor":49,"key":"SMITH"}],"circlet_count":0,"master_deck":["AscendersBane","Strike_G","Strike_G","Strike_G","Defend_G","Defend_G","Defend_G","Defend_G","Defend_G","Survivor","Neutralize","Noxious Fumes","Blade Dance+1","Infinite Blades","Endless Agony","Backflip+1","Masterful Stab","Footwork","Blade Dance+1","Phantasmal Killer","Hidden Blade","Blade Dance+1","Escape Plan","Cloak And Dagger+1","Calculated Gamble+1","PiercingWail","Leg Sweep","Quick Slash+1","Madness+1","Madness","ReplayTheSpireMod:Scrap Shanks+1"],"relics":["Philosopher\u0027s Stone","Dead Branch","StrikeDummy","Potion Belt","ReplayTheSpireMod:Lightbulb","Bronze Scales","ReplayTheSpireMod:TigerMarble","Molten Egg 2","MutagenicStrength","Smiling Mask","Ring of Peace","WristBlade","Dream Catcher","PreservedInsect","Mirror","Lantern","Akabeko","Replay:Bottled Eggs"],"acts_visited":["Exordium","TheCity","TheBeyond"],"potions_floor_usage":[22,22,22,33,50,50],"damage_taken":[{"damage":0.0,"enemies":"Small Slimes","floor":1.0,"turns":5.0},{"damage":9.0,"enemies":"Jaw Worm","floor":2.0,"turns":5.0},{"damage":0.0,"enemies":"Cultist","floor":5.0,"turns":3.0},{"damage":12.0,"enemies":"3 Sentries","floor":6.0,"turns":5.0},{"damage":1.0,"enemies":"Exordium Wildlife","floor":8.0,"turns":2.0},{"damage":0.0,"enemies":"Large Slime","floor":10.0,"turns":4.0},{"damage":14.0,"enemies":"Replay:BlueRogue","floor":11.0,"turns":4.0},{"damage":2.0,"enemies":"3 Louse","floor":12.0,"turns":2.0},{"damage":8.0,"enemies":"The Guardian","floor":16.0,"turns":9.0},{"damage":0.0,"enemies":"Chosen","floor":18.0,"turns":3.0},{"damage":0.0,"enemies":"Shell Parasite","floor":21.0,"turns":2.0},{"damage":25,"enemies":"Centurion and Healer","floor":22,"turns":3},{"damage":14,"enemies":"Snecko","floor":24,"turns":3},{"damage":10,"enemies":"Snake Plant","floor":27,"turns":3},{"damage":0,"enemies":"Sentry and Sphere","floor":28,"turns":2},{"damage":5,"enemies":"Centurion and Healer","floor":30,"turns":5},{"damage":28,"enemies":"Pondfish","floor":33,"turns":9},{"damage":0,"enemies":"Orb Walker","floor":35,"turns":3},{"damage":0,"enemies":"3 Darklings","floor":37,"turns":3},{"damage":0,"enemies":"Giant Head","floor":40,"turns":2},{"damage":0,"enemies":"Jaw Worm Horde","floor":45,"turns":3},{"damage":0,"enemies":"Reptomancer","floor":46,"turns":2},{"damage":0,"enemies":"Giant Head","floor":48,"turns":2},{"damage":5,"enemies":"Donu and Deca","floor":50,"turns":5}],"seed_played":"-877004478419810229","potions_obtained":[{"floor":5.0,"key":"FearPotion"},{"floor":10.0,"key":"Fire Potion"},{"floor":11.0,"key":"BlessingOfTheForge"},{"floor":12.0,"key":"Poison Potion"},{"floor":16.0,"key":"SkillPotion"},{"floor":22,"key":"Fire Potion"},{"floor":24,"key":"Ancient Potion"},{"floor":28,"key":"Regen Potion"},{"floor":35,"key":"CultistPotion"}],"is_trial":false,"path_per_floor":["M","M","?","$","M","E","R","M","T","M","E","M","T","$","R","B",null,"M","?","?","M","M","R","M","R","T","M","M","?","M","?","R","B",null,"M","T","M","$","?","E","R","?","T","R","M","E","R","E","R","B",null],"character_chosen":"THE_SILENT","items_purchased":["Endless Agony","Backflip","ReplayTheSpireMod:TigerMarble","PreservedInsect","Energy Potion"],"campfire_rested":3,"item_purchase_floors":[4,4,14,38,38],"current_hp_per_floor":[63,54,54,54,54,42,42,41,41,41,27,25,25,25,46,38,62,62,62,62,62,37,37,23,44,44,34,34,34,29,29,50,37,62,62,62,62,62,62,62,62,53,53,53,53,53,53,53,53,48],"gold":168,"neow_bonus":"BOSS_RELIC","is_daily":false,"chose_seed":false,"campfire_upgraded":6,"win_rate":0.0,"timestamp":1610936036,"path_taken":["M","M","?","?","M","E","R","M","T","M","E","M","?","$","R","BOSS","M","?","?","M","M","R","?","R","T","M","M","?","M","?","R","BOSS","M","?","M","$","?","E","R","?","T","R","M","E","R","E","R","BOSS"],"items_purchased_type":["Card","Card","Relic","Relic","Potion"],"build_version":"2020-12-22","purchased_purges":2,"victory":true,"max_hp_per_floor":[70,70,70,70,70,70,70,70,70,70,70,70,70,70,70,70,70,70,70,70,70,70,70,70,70,70,70,70,70,70,70,70,70,70,70,70,70,70,70,70,70,70,70,70,70,70,70,70,70,70],"card_choices":[{"not_picked":["Dagger Throw","PiercingWail"],"picked":"Noxious Fumes","floor":1.0},{"not_picked":["Bane","PiercingWail"],"picked":"Blade Dance","floor":2.0},{"not_picked":["Hidden Blade","ReplayTheSpireMod:Shiv Toss"],"picked":"Infinite Blades","floor":3.0},{"not_picked":["Deflect","Concentrate"],"picked":"Well Laid Plans","floor":5.0},{"not_picked":["Poisoned Stab","Underhanded Strike"],"picked":"Masterful Stab","floor":6.0},{"not_picked":["Riddle With Holes","Bane"],"picked":"Footwork","floor":8.0},{"not_picked":["Blade Dance","Poison Darts"],"picked":"Dagger Spray","floor":10.0},{"not_picked":["Distraction","Setup","Deadly Poison"],"picked":"SKIP","floor":11.0},{"not_picked":["Bouncing Flask","Outmaneuver"],"picked":"Blade Dance","floor":12.0},{"not_picked":["Poison Darts","Tools of the Trade"],"picked":"Phantasmal Killer","floor":16.0},{"not_picked":["Sucker Punch","Dagger Throw"],"picked":"Hidden Blade","floor":18.0},{"not_picked":["Poisoned Stab+1","ReplayTheSpireMod:Speed Training"],"picked":"Blade Dance","floor":21.0},{"not_picked":["Dagger Throw+1","Terror"],"picked":"Escape Plan","floor":22},{"not_picked":["Prepared","Leg Sweep"],"picked":"Cloak And Dagger+1","floor":24},{"not_picked":["Bullet Time","Outmaneuver","Flechettes+1"],"picked":"SKIP","floor":27},{"not_picked":["Blade Dance","Backstab+1"],"picked":"Calculated Gamble","floor":28},{"not_picked":["Backstab+1","Slice+1"],"picked":"PiercingWail","floor":30},{"not_picked":["Replay:Poison Smokescreen","Calculated Gamble+1"],"picked":"Quick Slash+1","floor":35},{"not_picked":["Predator+1","Outmaneuver","Sucker Punch+1"],"picked":"SKIP","floor":37},{"not_picked":["Burst","Deflect","Dodge and Roll"],"picked":"SKIP","floor":40},{"not_picked":["Quick Slash+1","Calculated Gamble+1","Sneak Up+1"],"picked":"SKIP","floor":45},{"not_picked":["Underhanded Strike+1","Deadly Poison"],"picked":"ReplayTheSpireMod:Scrap Shanks","floor":46},{"not_picked":["Bane+1","ReplayTheSpireMod:Shiv Toss","Deadly Poison+1"],"picked":"SKIP","floor":48}],"player_experience":994594,"relics_obtained":[{"floor":3.0,"key":"Dead Branch"},{"floor":6.0,"key":"StrikeDummy"},{"floor":9.0,"key":"Potion Belt"},{"floor":11.0,"key":"ReplayTheSpireMod:Lightbulb"},{"floor":13.0,"key":"Bronze Scales"},{"floor":26,"key":"Smiling Mask"},{"floor":29,"key":"Ring of Peace"},{"floor":36,"key":"Dream Catcher"},{"floor":40,"key":"Mirror"},{"floor":43,"key":"Lantern"},{"floor":46,"key":"Akabeko"},{"floor":48,"key":"Replay:Bottled Eggs"}],"event_choices":[{"damage_healed":0.0,"max_hp_gain":0.0,"max_hp_loss":0.0,"gold_gain":0.0,"event_name":"Addict","player_choice":"Obtained Relic","floor":19.0,"gold_loss":85.0,"damage_taken":0.0,"relics_obtained":["Molten Egg 2"]},{"damage_healed":0.0,"max_hp_gain":0.0,"max_hp_loss":0.0,"gold_gain":0.0,"event_name":"Drug Dealer","player_choice":"Inject Mutagens","floor":20.0,"gold_loss":0.0,"damage_taken":0.0,"relics_obtained":["MutagenicStrength"]},{"damage_healed":0,"gold_gain":0,"cards_transformed":["Strike_G"],"player_choice":"Transformed","damage_taken":0,"max_hp_gain":0,"max_hp_loss":0,"event_name":"Transmorgrifier","floor":31,"gold_loss":0,"cards_obtained":["Leg Sweep"]},{"cards_removed":["Dagger Spray"],"damage_healed":0,"gold_gain":0,"player_choice":"Removed Attack","damage_taken":0,"max_hp_gain":0,"max_hp_loss":0,"event_name":"Falling","floor":39,"gold_loss":0},{"damage_healed":0,"gold_gain":0,"player_choice":"Embrace Madness","damage_taken":9,"max_hp_gain":0,"max_hp_loss":0,"event_name":"Winding Halls","floor":42,"gold_loss":0,"cards_obtained":["Madness","Madness"]}],"is_beta":false,"boss_relics":[{"not_picked":["Replay:Wanted Poster","Pandora\u0027s Box","Velvet Choker"]},{"not_picked":["Snecko Eye","Runic Dome"],"picked":"WristBlade"}],"items_purged_floors":[14,38],"is_endless":false,"potions_floor_spawned":[5,10,11,12,16,22,24,28,35,46,48],"ascension_level":13}}