{"host":"545ma68kbj6ggddn","time":1610999074,"event":{"mods":["BaseMod","Downfall","Minty Spire (QoL Compilation)","SIMod","StSLib"],"gold_per_floor":[99,116,116,134,3,103,156,168,202,213,231,246,246,277,291,393,393,393,493,510,43,43,43,43,72,72,72,82,102,102,119,130,231,231,231,246,77,90,100,153,153,153,153,167,195,210,226,243,263,263],"floor_reached":51,"language":"ENG","playtime":9654,"items_purged":["Pain"],"score":765,"play_id":"91ac51f4-b5cb-4850-a29a-114b956c0c9e","local_time":"20210118134434","is_ascension_mode":false,"campfire_choices":[{"data":"Slimebound:Split","floor":1,"key":"SMITH"},{"data":"Slimebound:SplitAcid","floor":13,"key":"SMITH"},{"data":"Slimebound:LeadByExample","floor":18,"key":"SMITH"},{"data":"expansioncontent:QuickStudy","floor":23,"key":"SMITH"},{"data":"Slimebound:Repurpose","floor":27,"key":"SMITH"},{"data":"Slimebound:OneTwoCombo","floor":35,"key":"SMITH"},{"data":"Slimebound:RallyTheTroops","floor":42,"key":"SMITH"}],"circlet_count":0,"master_deck":["Slimebound:Strike_Slimebound","Slimebound:Strike_Slimebound","Slimebound:Strike_Slimebound","Slimebound:Tackle","Slimebound:Defend_Slimebound+1","Slimebound:Defend_Slimebound","Slimebound:Defend_Slimebound","Slimebound:Defend_Slimebound","Slimebound:Split+1","Slimebound:CorrosiveSpit","Slimebound:SplitAcid+1","Slimebound:PressTheAttack","Slimebound:RejuvenatingLick","Slimebound:LeadByExample+1","Slimebound:LivingWall","Slimebound:SlimeBarrage","Slimebound:SlimeBarrage","Slimebound:ItLooksTasty","Slimebound:SamplingLick+1","Slimebound:RejuvenatingLick","Slimebound:Teamwork","Slimebound:SplitMire","Slimebound:OneTwoCombo+1","expansioncontent:QuickStudy+1","Slimebound:FirmFortitude","Slimebound:Gluttony","Slimebound:SlimeSpikes","Slimebound:Repurpose+1","Regret","Writhe","Injury","Slimebound:LeechEnergy+1","Slimebound:RallyTheTroops+1","Slimebound:SplitLeeching+1","Slimebound:OneTwoCombo+1","Slimebound:RejuvenatingLick+1","Slimebound:Replication+1","Slimebound:SpikyOuterGoop","Slimebound:SelfFormingGoo","Slimebound:GoopSpray+1","Slimebound:SpikyOuterGoop","Slimebound:FormOfPuddle+1"],"relics":["Slimebound:AbsorbEndCombatUpgraded","WarpedTongs","Art of War","Matryoshka","Omamori","Turnip","Slimebound:MaxSlimesRelic","MarkOfWind","Centennial Puzzle","Eternal Feather","Letter Opener","Cursed Key","Ancient Tea Set","Bird Faced Urn","Sozu","DollysMirror","Incense Burner","Orichalcum"],"acts_visited":["Exordium","TheCity","TheBeyond"],"potions_floor_usage":[14,19,33,33,36],"damage_taken":[{"damage":2,"enemies":"Small Slimes","floor":2,"turns":4},{"damage":1,"enemies":"Cultist","floor":4,"turns":3},{"damage":7,"enemies":"downfall:FleeingMerchant","floor":5,"turns":4},{"damage":6,"enemies":"Jaw Worm","floor":8,"turns":3},{"damage":11,"enemies":"Lagavulin","floor":9,"turns":7},{"damage":7,"enemies":"Blue Slaver","floor":10,"turns":3},{"damage":8,"enemies":"3 Louse","floor":11,"turns":4},{"damage":2,"enemies":"2 Fungi Beasts","floor":12,"turns":3},{"damage":0,"enemies":"3 Sentries","floor":14,"turns":4},{"damage":12,"enemies":"Exordium Wildlife","floor":15,"turns":4},{"damage":38,"enemies":"DF_ARCHETYPE_STREAMLINE","floor":16,"turns":9},{"damage":23,"enemies":"IC_STATUS_ARCHETYPE","floor":19,"turns":6},{"damage":9,"enemies":"3 Byrds","floor":20,"turns":3},{"damage":0,"enemies":"downfall:FleeingMerchant","floor":21,"turns":4},{"damage":29,"enemies":"Slavers","floor":25,"turns":4},{"damage":0,"enemies":"Spheric Guardian","floor":28,"turns":3},{"damage":14,"enemies":"Snake Plant","floor":29,"turns":3},{"damage":0,"enemies":"Sentry and Sphere","floor":31,"turns":4},{"damage":6,"enemies":"Centurion and Healer","floor":32,"turns":3},{"damage":5,"enemies":"WA_ARCHETYPE_CALM","floor":33,"turns":5},{"damage":16,"enemies":"3 Darklings","floor":36,"turns":3},{"damage":2,"enemies":"downfall:FleeingMerchant","floor":37,"turns":4},{"damage":9,"enemies":"3 Shapes","floor":38,"turns":3},{"damage":10,"enemies":"Writhing Mass","floor":39,"turns":3},{"damage":6,"enemies":"2 Orb Walkers","floor":40,"turns":3},{"damage":3,"enemies":"3 Darklings","floor":44,"turns":4},{"damage":12,"enemies":"Nemesis","floor":45,"turns":5},{"damage":16,"enemies":"Maw","floor":46,"turns":6},{"damage":0,"enemies":"Sphere and 2 Shapes","floor":47,"turns":5},{"damage":4,"enemies":"4 Shapes","floor":48,"turns":3},{"damage":10,"enemies":"Spire Growth","floor":49,"turns":5},{"damage":57,"enemies":"SI_POISON_ARCHETYPE","floor":50,"turns":9}],"seed_played":"-5900972382939490000","potions_obtained":[{"floor":2,"key":"CultistPotion"},{"floor":8,"key":"LiquidBronze"},{"floor":9,"key":"GamblersBrew"},{"floor":11,"key":"Ancient Potion"},{"floor":19,"key":"hexamod:SoulburnPotion"},{"floor":20,"key":"sneckomod:MuddlingPotion"},{"floor":25,"key":"AttackPotion"},{"floor":29,"key":"BlessingOfTheForge"},{"floor":33,"key":"FearPotion"}],"is_trial":false,"path_per_floor":["R","M","?","M","$","?","T","M","E","M","M","M","R","E","M","B",null,"R","?","M","$","?","R","T","E","?","R","M","M","T","M","M","B",null,"R","M","$","M","M","?","T","R","?","M","E","M","M","M","M","B",null],"character_chosen":"SLIMEBOUND","items_purchased":["Slimebound:LeadByExample","expansioncontent:QuickStudy","Slimebound:FirmFortitude","Slimebound:Gluttony","Slimebound:SlimeSpikes","DollysMirror"],"campfire_rested":0,"item_purchase_floors":[5,21,21,21,21,37],"current_hp_per_floor":[71,69,69,68,61,61,61,58,52,47,41,41,41,42,34,4,71,71,62,55,67,67,67,67,44,44,62,62,52,52,58,64,71,71,71,61,69,70,71,67,67,71,63,71,67,62,70,71,71,36],"gold":263,"neow_bonus":"TEN_PERCENT_HP_BONUS","is_daily":false,"chose_seed":false,"campfire_upgraded":7,"win_rate":0.0,"timestamp":1610999074,"path_taken":["R","M","?","M","?","?","T","M","E","M","M","M","R","E","M","BOSS","R","?","M","$","?","R","T","E","?","R","M","M","?","M","M","BOSS","R","M","$","M","M","?","T","R","?","M","E","M","?","M","M","BOSS"],"items_purchased_type":["Card","Card","Card","Card","Card","Relic"],"build_version":"2020-12-22","purchased_purges":1,"victory":true,"max_hp_per_floor":[71,71,71,71,71,71,71,71,71,71,71,71,71,71,71,71,71,71,71,71,71,71,71,71,71,71,71,71,71,71,71,71,71,71,71,71,71,71,71,71,71,71,71,71,71,71,71,71,71,71],"card_choices":[{"not_picked":["Slimebound:Grow","Slimebound:GrowthPunch"],"picked":"Slimebound:SplitAcid","floor":2},{"not_picked":["Slimebound:SamplingLick","Slimebound:SlimeSpikes"],"picked":"Slimebound:PressTheAttack","floor":4},{"not_picked":["Slimebound:LivingWall","Slimebound:GrowthPunch"],"picked":"Slimebound:RejuvenatingLick","floor":5},{"not_picked":["Slimebound:GoopTackle","Slimebound:FinishingTackle"],"picked":"Slimebound:LivingWall","floor":8},{"not_picked":["Slimebound:Replication","Slimebound:ForwardTackle"],"picked":"Slimebound:SlimeBarrage","floor":9},{"not_picked":["Slimebound:SamplingLick","Slimebound:GoopTackle"],"picked":"Slimebound:SlimeBarrage","floor":10},{"not_picked":["Slimebound:Schlurp","Slimebound:DouseInSlime"],"picked":"Slimebound:ItLooksTasty","floor":11},{"not_picked":["Slimebound:FinishingTackle","Slimebound:Grow"],"picked":"Slimebound:SamplingLick","floor":12},{"not_picked":["Slimebound:TongueLash","Slimebound:SplitMire","Slimebound:ProtectTheBoss"],"picked":"SKIP","floor":14},{"not_picked":["Slimebound:SlimeTap","Slimebound:SlimeBarrage"],"picked":"Slimebound:RejuvenatingLick","floor":15},{"not_picked":["Slimebound:DouseInSlime","Slimebound:PrepareCrush"],"picked":"Slimebound:Teamwork","floor":16},{"not_picked":["Slimebound:SplitBruiser","Slimebound:FinishingTackle"],"picked":"Slimebound:SplitMire","floor":19},{"not_picked":["Slimebound:Repurpose","Slimebound:SplitBruiser"],"picked":"Slimebound:OneTwoCombo","floor":20},{"not_picked":["Slimebound:ItLooksTasty","Slimebound:BestDefense","Slimebound:FormOfPuddle"],"picked":"SKIP","floor":21},{"not_picked":["Slimebound:SplitAcid","Slimebound:SplitMire"],"picked":"Slimebound:Repurpose","floor":25},{"not_picked":["Slimebound:ItLooksTasty+1","Slimebound:GoopTackle+1","Slimebound:GrowthPunch+1"],"picked":"SKIP","floor":28},{"not_picked":["Slimebound:GoopTackle+1","Slimebound:GrowthPunch","Slimebound:GoopSpray"],"picked":"SKIP","floor":29},{"not_picked":["Slimebound:SamplingLick","Slimebound:SplitBruiser"],"picked":"Slimebound:LeechEnergy+1","floor":31},{"not_picked":["Slimebound:ItLooksTasty","Slimebound:Chomp","Slimebound:LeadByExample"],"picked":"SKIP","floor":32},{"not_picked":["Slimebound:Overexert","Slimebound:SlimeSlap"],"picked":"Slimebound:RallyTheTroops","floor":33},{"not_picked":["Slimebound:SlimeSpikes","Slimebound:ViciousTackle"],"picked":"Slimebound:SplitLeeching+1","floor":36},{"not_picked":["Slimebound:GoopSpray","Slimebound:SamplingLick","Slimebound:ItLooksTasty"],"picked":"SKIP","floor":37},{"not_picked":["Slimebound:ComboTackle","Slimebound:RollThrough"],"picked":"Slimebound:RejuvenatingLick+1","floor":38},{"not_picked":["Slimebound:PressTheAttack","Slimebound:SplitBruiser","Slimebound:LeechingTouch"],"picked":"SKIP","floor":39},{"not_picked":["Slimebound:LivingWall+1","Slimebound:FinishingTackle+1"],"picked":"Slimebound:Replication+1","floor":40},{"not_picked":["Slimebound:Nibble+1","Slimebound:RollThrough"],"picked":"Slimebound:SpikyOuterGoop","floor":44},{"not_picked":["Slimebound:LeechEnergy","Slimebound:BestDefense+1"],"picked":"Slimebound:SelfFormingGoo","floor":45},{"not_picked":["Slimebound:RollThrough+1","Slimebound:GoopTackle"],"picked":"Slimebound:GoopSpray+1","floor":46},{"not_picked":["Slimebound:LeechEnergy+1","Slimebound:LeechingTouch+1"],"picked":"Slimebound:SpikyOuterGoop","floor":47},{"not_picked":["Slimebound:FinishingTackle","Slimebound:ProtectTheBoss+1","Slimebound:RollThrough+1"],"picked":"SKIP","floor":48},{"not_picked":["Slimebound:ComboTackle","Slimebound:SlimeSlap"],"picked":"Slimebound:FormOfPuddle+1","floor":49}],"player_experience":191793,"relics_obtained":[{"floor":7,"key":"Art of War"},{"floor":9,"key":"Matryoshka"},{"floor":14,"key":"Omamori"},{"floor":19,"key":"Turnip"},{"floor":19,"key":"Slimebound:MaxSlimesRelic"},{"floor":24,"key":"Centennial Puzzle"},{"floor":24,"key":"Eternal Feather"},{"floor":25,"key":"Letter Opener"},{"floor":30,"key":"Ancient Tea Set"},{"floor":30,"key":"Bird Faced Urn"},{"floor":40,"key":"Incense Burner"},{"floor":45,"key":"Orichalcum"}],"event_choices":[{"damage_healed":0,"gold_gain":0,"player_choice":"Rummage","damage_taken":0,"relics_obtained":["WarpedTongs"],"max_hp_gain":0,"max_hp_loss":0,"event_name":"Accursed Blacksmith","floor":3,"gold_loss":0,"cards_obtained":["Pain"]},{"damage_healed":0,"gold_gain":0,"player_choice":"Fight","damage_taken":0,"max_hp_gain":0,"max_hp_loss":0,"event_name":"Mysterious Sphere","floor":40,"gold_loss":0}],"is_beta":false,"boss_relics":[{"not_picked":["Snecko Eye","bronze:MakeshiftBattery"],"picked":"Slimebound:AbsorbEndCombatUpgraded"},{"not_picked":["Black Star","Philosopher\u0027s Stone"],"picked":"Sozu"}],"items_purged_floors":[5],"is_endless":false,"potions_floor_spawned":[2,8,9,11,19,20,25,29,33,36,39,40,44,46,48],"ascension_level":0}}