{"host":"pec1bvkeldr5yzx1","time":1610984613,"event":{"mods":["ATMod(°¢èªMod)","AchievementEnabler","Act Like it!","Aspiration","BaseMod","Better Altar","Better Match","Better Sensory Stone","Better Skull","Better Vampires","BetterRewards","Conspire","Dota2Spire","Energized Spire","Friendly Minions","GifTheSpireLib","Hubris","Minty Spire (QoL Compilation)","Replay The Spire","Spicy Shops","StSLib","Stuff the Spire","SuperFastMode","vexMod","óô»ðÖ¸ÄÏ"],"gold_per_floor":[112,127,157,251,264,293,293,328,328,303,319,319,319,319,319,319,319],"floor_reached":16,"language":"ZHS","playtime":530,"items_purged":[],"score":174,"play_id":"c2adbc09-7deb-4b3e-a0ea-aa5fb93eb5f3","local_time":"20210118234333","is_ascension_mode":true,"campfire_choices":[{"floor":7,"key":"REST"},{"floor":12,"key":"REST"},{"floor":15,"key":"RECALL"}],"circlet_count":0,"master_deck":["Strike_B+1","Strike_B+1","Strike_B","Strike_B","Defend_B","Defend_B","Defend_B","Defend_B+1","Zap","Dualcast","Crow Ritual+1","ReplayGash","Self Repair","Spreading Infection","Beam Cell","ReplayTheSpireMod:Calculation Training","Genetic Algorithm","ReplayTheSpireMod:Splinters","Coolheaded","Storm","Streamline","White Noise","StuffTheSpire:Plugnplay","Redo","Regret","Injury"],"relics":["Cracked Core","AT_ATBox","Guide Book","Raider\u0027s Mask","Dota2Spire:ArcaneBoots","conspire:GlowingRock","Gremlin Food","AT_SilvercatRing","AT_SilverBalance","hubris:SlimyHat","hubris:BallOfYels","StuffTheSpire:Wildfire","aspiration:FaultyCoupler","StuffTheSpire:RedRose","Toxic Egg 2"],"acts_visited":["Exordium"],"potions_floor_usage":[8,16,16],"damage_taken":[{"damage":2,"enemies":"2 Louse","floor":1,"turns":2},{"damage":2,"enemies":"Jaw Worm","floor":2,"turns":2},{"damage":4,"enemies":"conspire:MimicChest","floor":3,"turns":4},{"damage":3,"enemies":"Cultist","floor":5,"turns":3},{"damage":28,"enemies":"3 Sentries","floor":6,"turns":8},{"damage":31,"enemies":"Gremlin Nob","floor":8,"turns":4},{"damage":14,"enemies":"Looter","floor":11,"turns":3},{"damage":37,"enemies":"Hexaghost","floor":16,"turns":7}],"seed_played":"7614287511512138043","potions_obtained":[{"floor":3,"key":"SteroidPotion"},{"floor":5,"key":"Languid Potion"},{"floor":8,"key":"Dota2Spire:Clarity"}],"is_trial":false,"path_per_floor":["M","M","?","?","M","E","R","E","T","?","M","R","?","?","R","B"],"character_chosen":"DEFECT","items_purchased":["Guide Book","Crow Ritual","ReplayGash","Self Repair","Raider\u0027s Mask","Dota2Spire:ArcaneBoots","AT_SilvercatRing"],"campfire_rested":2,"item_purchase_floors":[0,0,0,0,0,0,0],"current_hp_per_floor":[26,24,27,27,41,16,38,13,13,13,30,52,52,52,52,0,0],"gold":319,"neow_bonus":"","is_daily":false,"chose_seed":false,"campfire_upgraded":0,"win_rate":0.0,"timestamp":1610984613,"path_taken":["M","M","?","?","M","E","R","E","T","?","M","R","?","?","R","BOSS"],"items_purchased_type":["Relic","Card","Card","Card","Relic","Relic","Relic"],"build_version":"2020-12-22","purchased_purges":0,"victory":false,"max_hp_per_floor":[75,75,75,75,75,75,75,75,75,75,75,75,75,75,75,75,75],"card_choices":[{"not_picked":["Compile Driver","Reinforced Body"],"picked":"Beam Cell","floor":1},{"not_picked":["Beam Cell","AT_EMC2"],"picked":"ReplayTheSpireMod:Calculation Training","floor":2},{"not_picked":["ReplaySort","Darkness"],"picked":"Genetic Algorithm","floor":3},{"not_picked":["ReplayGash","Panic Button"],"picked":"Coolheaded","floor":4},{"not_picked":["Static Discharge","Streamline"],"picked":"Storm","floor":4},{"not_picked":["conspire:SharedLibrary","BasicCrystalCard"],"picked":"Streamline","floor":5},{"not_picked":["Conserve Battery","StuffTheSpire:Rend"],"picked":"White Noise","floor":6},{"not_picked":["StuffTheSpire:Purify","Sweeping Beam"],"picked":"StuffTheSpire:Plugnplay","floor":8},{"not_picked":["Steam Power","Streamline"],"picked":"Redo","floor":11}],"player_experience":89981,"relics_obtained":[{"floor":3,"key":"AT_SilverBalance"},{"floor":4,"key":"hubris:SlimyHat"},{"floor":6,"key":"hubris:BallOfYels"},{"floor":8,"key":"StuffTheSpire:Wildfire"},{"floor":9,"key":"aspiration:FaultyCoupler"}],"event_choices":[],"is_beta":false,"boss_relics":[],"items_purged_floors":[],"is_endless":false,"potions_floor_spawned":[3,5,8],"killed_by":"Hexaghost","ascension_level":2}}