{"host":"wogey4gsknv4ot2d","time":1610964311,"event":{"mods":["2.2 Compatiblity","AchievementEnabler","BaseMod","Bestiary","Better Third Choice","Colored Map","Colored Powertips","Googly Eyes","Key Reminder","Minty Spire (QoL Compilation)","Permanent Neow","Rare Cards Sparkle","Relic Stats","StSLib"],"gold_per_floor":[109,109,39,52,52,52,78,93,93,69,69,99,99,127,127,231,231,251,350,350,51,67,93,93,107,130,143,143,143,162,193,193,290,290,305,305,90,110,160,160,188,43,43,56,84,103,103,53,53,53,53],"floor_reached":50,"language":"ENG","playtime":1512,"items_purged":[],"score":710,"play_id":"54059584-0ab6-476c-984c-2b57f60fd9bd","local_time":"20210118040511","is_ascension_mode":true,"campfire_choices":[{"data":"Defend_B","floor":6,"key":"SMITH"},{"data":"Stack","floor":11,"key":"SMITH"},{"data":"Electrodynamics","floor":13,"key":"SMITH"},{"data":"Self Repair","floor":15,"key":"SMITH"},{"floor":29,"key":"REST"},{"floor":32,"key":"REST"},{"floor":40,"key":"REST"},{"data":"Electrodynamics","floor":49,"key":"SMITH"}],"circlet_count":0,"master_deck":["Strike_B","Strike_B","Strike_B","Strike_B","Defend_B","Defend_B","Defend_B","Defend_B+1","Zap","Dualcast","Streamline","Doom and Gloom+1","Streamline","Beam Cell","Stack+1","Beam Cell","Electrodynamics+1","Self Repair+1","Electrodynamics+1","Beam Cell+1","Go for the Eyes+1","Lockon","Redo+1","Leap+1","Multi-Cast+1","Redo+1","Steam+1","Stack+1","Self Repair","Zap+1","Machine Learning","Go for the Eyes","Streamline+1","Steam+1","Go for the Eyes+1","The Bomb+1","Leap+1","Redo+1","BootSequence+1","Beam Cell+1","Leap+1","Lockon+1","Static Discharge+1","Beam Cell","Auto Shields+1"],"relics":["Cracked Core","NeowsBlessing","Torii","Prayer Wheel","Happy Flower","Question Card","SacredBark","Toxic Egg 2","Vajra","Boot","Omamori","SlaversCollar","Du-Vu Doll","Strawberry","Juzu Bracelet","Bottled Tornado","White Beast Statue"],"acts_visited":["Exordium","TheCity","TheBeyond"],"potions_floor_usage":[14,16,31,33,41,45,45,50,50],"damage_taken":[{"damage":0,"enemies":"Cultist","floor":1,"turns":1},{"damage":0,"enemies":"2 Louse","floor":4,"turns":1},{"damage":0,"enemies":"Gremlin Nob","floor":7,"turns":1},{"damage":1,"enemies":"Small Slimes","floor":8,"turns":3},{"damage":12,"enemies":"3 Sentries","floor":12,"turns":4},{"damage":0,"enemies":"Gremlin Nob","floor":14,"turns":3},{"damage":35,"enemies":"Hexaghost","floor":16,"turns":8},{"damage":1,"enemies":"Spheric Guardian","floor":18,"turns":3},{"damage":13,"enemies":"Shell Parasite","floor":22,"turns":4},{"damage":0,"enemies":"Gremlin Leader","floor":23,"turns":4},{"damage":12,"enemies":"Centurion and Healer","floor":25,"turns":5},{"damage":2,"enemies":"Chosen and Byrds","floor":27,"turns":3},{"damage":12,"enemies":"Snecko","floor":30,"turns":4},{"damage":38,"enemies":"Book of Stabbing","floor":31,"turns":6},{"damage":55,"enemies":"Collector","floor":33,"turns":9},{"damage":4,"enemies":"3 Shapes","floor":35,"turns":2},{"damage":17,"enemies":"Orb Walker","floor":38,"turns":4},{"damage":5,"enemies":"Mind Bloom Boss Battle","floor":39,"turns":6},{"damage":29,"enemies":"Reptomancer","floor":41,"turns":6},{"damage":2,"enemies":"4 Shapes","floor":44,"turns":3},{"damage":45,"enemies":"Giant Head","floor":45,"turns":9},{"damage":28,"enemies":"Maw","floor":46,"turns":8},{"damage":99,"enemies":"Awakened One","floor":50,"turns":8}],"seed_played":"-7933527984747833783","potions_obtained":[{"floor":4,"key":"Energy Potion"},{"floor":12,"key":"Regen Potion"},{"floor":22,"key":"FearPotion"},{"floor":23,"key":"Ancient Potion"},{"floor":33,"key":"BlessingOfTheForge"},{"floor":39,"key":"FearPotion"},{"floor":46,"key":"PowerPotion"}],"is_trial":false,"path_per_floor":["M","?","$","M","?","R","E","M","T","$","R","E","R","E","R","B",null,"M","?","?","$","M","E","?","M","T","M","?","R","M","E","R","B",null,"M","?","$","M","?","R","E","$","T","M","E","M","?","$","R","B"],"character_chosen":"DEFECT","items_purchased":["Doom and Gloom","Beam Cell","Toxic Egg 2","Lockon","The Bomb+1","Fire Potion","Juzu Bracelet","SkillPotion"],"campfire_rested":3,"item_purchase_floors":[3,10,21,21,37,37,42,48],"current_hp_per_floor":[75,75,75,75,75,75,75,74,74,74,74,62,62,62,62,52,75,75,75,61,61,58,68,68,66,66,64,64,80,68,47,71,33,80,76,76,76,59,61,80,75,75,75,73,45,34,76,76,76,0,0],"gold":53,"neow_bonus":"THREE_ENEMY_KILL","is_daily":false,"chose_seed":false,"campfire_upgraded":5,"win_rate":0.0,"timestamp":1610964311,"path_taken":["M","?","?","M","?","R","E","M","T","$","R","E","R","E","R","BOSS","M","?","?","?","M","E","?","M","T","M","?","R","?","E","R","BOSS","M","?","$","M","?","R","E","$","T","M","E","M","?","?","R","BOSS"],"items_purchased_type":["Card","Card","Relic","Card","Card","Potion","Relic","Potion"],"build_version":"2020-12-22","purchased_purges":0,"victory":false,"max_hp_per_floor":[75,75,75,75,75,75,75,75,75,75,75,75,75,75,75,75,75,75,75,80,80,80,80,80,80,80,80,80,80,80,80,80,80,80,80,80,80,80,80,80,87,87,87,87,87,87,76,76,76,76,76],"relic_stats":{"Torii":67,"Happy Flower":[31],"counters":[23,105],"Prayer Wheel":9,"Juzu Bracelet":0,"Question Card":25,"Boot":[24],"obtain_stats":[{"NeowsBlessing":0,"Torii":7,"Happy Flower":12,"SacredBark":17,"Vajra":23,"Omamori":31,"Juzu Bracelet":42,"Bottled Tornado":43,"Question Card":14,"Boot":26,"White Beast Statue":45,"Du-Vu Doll":39,"SlaversCollar":34,"Strawberry":41,"Prayer Wheel":9,"Toxic Egg 2":21,"Cracked Core":0},{"NeowsBlessing":0,"Torii":3,"Happy Flower":5,"SacredBark":7,"Vajra":10,"Omamori":14,"Juzu Bracelet":19,"Bottled Tornado":19,"Question Card":6,"Boot":11,"White Beast Statue":21,"Du-Vu Doll":18,"SlaversCollar":15,"Strawberry":19,"Prayer Wheel":4,"Toxic Egg 2":8,"Cracked Core":0},{"NeowsBlessing":0,"Torii":3,"Happy Flower":10,"SacredBark":21,"Vajra":32,"Omamori":50,"Juzu Bracelet":77,"Bottled Tornado":77,"Question Card":13,"Boot":37,"White Beast Statue":89,"Du-Vu Doll":71,"SlaversCollar":59,"Strawberry":77,"Prayer Wheel":6,"Toxic Egg 2":24,"Cracked Core":0}]},"card_choices":[{"not_picked":["White Noise","Gash"],"picked":"Streamline","floor":1},{"not_picked":["Gash","Rebound"],"picked":"Streamline","floor":4},{"not_picked":["Tempest","Rebound"],"picked":"Beam Cell","floor":7},{"not_picked":["Steam","Compile Driver"],"picked":"Stack","floor":8},{"not_picked":["Recycle","Barrage"],"picked":"Electrodynamics","floor":12},{"not_picked":["Turbo","Streamline"],"picked":"Self Repair","floor":14},{"not_picked":["Seek","Creative AI","All For One"],"picked":"Electrodynamics","floor":16},{"not_picked":["Gash","Go for the Eyes","Defragment+1"],"picked":"Beam Cell+1","floor":18},{"not_picked":["Leap","Streamline","Stack+1"],"picked":"Go for the Eyes+1","floor":18},{"not_picked":["Rebound","Heatsinks","FTL"],"picked":"Redo+1","floor":22},{"not_picked":["Lockon","Chill+1","Sweeping Beam"],"picked":"Leap+1","floor":22},{"not_picked":["Ball Lightning","Rip and Tear","FTL"],"picked":"Multi-Cast+1","floor":23},{"not_picked":["Chill+1","Scrape+1","Turbo+1"],"picked":"Redo+1","floor":25},{"not_picked":["Static Discharge","Gash","Self Repair"],"picked":"Steam+1","floor":25},{"not_picked":["Hello World","White Noise+1","Beam Cell"],"picked":"Stack+1","floor":27},{"not_picked":["Sweeping Beam","FTL","Hologram+1"],"picked":"Self Repair","floor":27},{"not_picked":["Hologram+1","Barrage","Rainbow+1"],"picked":"Go for the Eyes","floor":30},{"not_picked":["Cold Snap","Turbo+1","Chill+1"],"picked":"Capacitor","floor":30},{"not_picked":["Self Repair","Sweeping Beam+1","Darkness+1"],"picked":"Streamline+1","floor":31},{"not_picked":["Coolheaded+1","Chaos+1","Barrage"],"picked":"Steam+1","floor":35},{"not_picked":["Turbo+1","Sweeping Beam+1","Rebound+1"],"picked":"Go for the Eyes+1","floor":35},{"not_picked":["Sweeping Beam","Sunder+1","Stack+1"],"picked":"Leap+1","floor":38},{"not_picked":["Compile Driver","Steam+1","Streamline+1"],"picked":"Redo+1","floor":38},{"not_picked":["Chaos+1","Barrage","Steam+1"],"picked":"BootSequence+1","floor":39},{"not_picked":["Compile Driver","FTL","Fission+1"],"picked":"Beam Cell+1","floor":41},{"not_picked":["Go for the Eyes","Turbo+1","Stack+1"],"picked":"Leap+1","floor":44},{"not_picked":["Go for the Eyes+1","Beam Cell+1","Ball Lightning"],"picked":"Lockon+1","floor":44},{"not_picked":["Redo+1","Rebound","Reprogram+1"],"picked":"Static Discharge+1","floor":45},{"not_picked":["Heatsinks","Seek+1","Reprogram+1"],"picked":"Beam Cell","floor":46},{"not_picked":["Coolheaded+1","White Noise+1","Redo+1"],"picked":"Auto Shields+1","floor":46}],"player_experience":54045,"relics_obtained":[{"floor":7,"key":"Torii"},{"floor":9,"key":"Prayer Wheel"},{"floor":12,"key":"Happy Flower"},{"floor":14,"key":"Question Card"},{"floor":23,"key":"Vajra"},{"floor":26,"key":"Boot"},{"floor":31,"key":"Omamori"},{"floor":39,"key":"Du-Vu Doll"},{"floor":41,"key":"Strawberry"},{"floor":43,"key":"Bottled Tornado"},{"floor":45,"key":"White Beast Statue"}],"event_choices":[{"damage_healed":0,"gold_gain":0,"player_choice":"Ignored","damage_taken":0,"max_hp_gain":0,"max_hp_loss":0,"event_name":"Purifier","floor":2,"gold_loss":0},{"damage_healed":0,"gold_gain":0,"player_choice":"Upgraded","damage_taken":0,"max_hp_gain":0,"max_hp_loss":0,"event_name":"Upgrade Shrine","floor":5,"gold_loss":0,"cards_upgraded":["Doom and Gloom"]},{"damage_healed":0,"gold_gain":99,"player_choice":"Steal","damage_taken":0,"max_hp_gain":0,"max_hp_loss":0,"event_name":"betterThird:BetterNest","floor":19,"gold_loss":0},{"damage_healed":0,"gold_gain":0,"player_choice":"Shed Blood","damage_taken":19,"max_hp_gain":5,"max_hp_loss":0,"event_name":"Forgotten Altar","floor":20,"gold_loss":0},{"damage_healed":0,"gold_gain":0,"player_choice":"Ignored","damage_taken":0,"max_hp_gain":0,"max_hp_loss":0,"event_name":"Ghosts","floor":24,"gold_loss":0},{"damage_healed":0,"gold_gain":0,"player_choice":"2 cards matched","damage_taken":0,"max_hp_gain":0,"max_hp_loss":0,"event_name":"Match and Keep!","floor":28,"gold_loss":0,"cards_obtained":["Zap","Machine Learning"]},{"cards_removed":["Capacitor"],"damage_healed":0,"gold_gain":0,"player_choice":"Removed Power","damage_taken":0,"max_hp_gain":0,"max_hp_loss":0,"event_name":"Falling","floor":36,"gold_loss":0},{"damage_healed":0,"gold_gain":0,"player_choice":"Fight","damage_taken":0,"max_hp_gain":0,"max_hp_loss":0,"event_name":"MindBloom","floor":39,"gold_loss":0},{"damage_healed":76,"gold_gain":0,"player_choice":"Heal","damage_taken":0,"max_hp_gain":0,"max_hp_loss":11,"event_name":"The Moai Head","floor":47,"gold_loss":0}],"is_beta":false,"boss_relics":[{"not_picked":["Philosopher\u0027s Stone","Sozu"],"picked":"SacredBark"},{"not_picked":["FrozenCore","Astrolabe"],"picked":"SlaversCollar"}],"items_purged_floors":[],"is_endless":false,"potions_floor_spawned":[4,12,22,23,25,33,39,45,46],"killed_by":"Awakened One","ascension_level":1}}