{"host":"04hh9gplt9wkfmr1","time":1610985927,"event":{"mods":["AchievementEnabler","BaseMod","Colored Map","KOR Keyword Fix","Minty Spire (QoL Compilation)","Rare Cards Sparkle","SuperFastMode"],"gold_per_floor":[113,128,138,155,165,197,197,227,252,252,282,301,317,336,336,433,433,433,214,225,240,165,165,165,165],"floor_reached":24,"language":"KOR","playtime":649,"items_purged":["Strike_B"],"score":266,"play_id":"0c15662f-9e29-422c-82ca-a3cefe457347","local_time":"20210119010527","is_ascension_mode":true,"campfire_choices":[{"data":"Zap","floor":7.0,"key":"SMITH"},{"data":"Dualcast","floor":10.0,"key":"SMITH"},{"floor":15.0,"key":"REST"},{"data":"Genetic Algorithm","floor":23.0,"key":"SMITH"}],"circlet_count":0,"master_deck":["Strike_B","Strike_B","Strike_B","Defend_B","Defend_B","Defend_B","Defend_B","Zap+1","Dualcast+1","Ball Lightning","BootSequence","Self Repair","Consume","Loop","Chill","Ball Lightning","Biased Cognition","Genetic Algorithm+1","Fusion"],"relics":["Cracked Core","Incense Burner","Omamori","Ancient Tea Set","Potion Belt","SacredBark","Blood Vial"],"acts_visited":["Exordium","TheCity"],"potions_floor_usage":[],"damage_taken":[{"damage":1.0,"enemies":"Cultist","floor":1.0,"turns":4.0},{"damage":2.0,"enemies":"Jaw Worm","floor":2.0,"turns":3.0},{"damage":0.0,"enemies":"2 Louse","floor":3.0,"turns":1.0},{"damage":7.0,"enemies":"Lots of Slimes","floor":4.0,"turns":4.0},{"damage":0.0,"enemies":"2 Fungi Beasts","floor":5.0,"turns":3.0},{"damage":38.0,"enemies":"Gremlin Nob","floor":6.0,"turns":4.0},{"damage":25.0,"enemies":"Lagavulin","floor":8.0,"turns":6.0},{"damage":25.0,"enemies":"3 Sentries","floor":11.0,"turns":6.0},{"damage":0.0,"enemies":"Red Slaver","floor":12.0,"turns":3.0},{"damage":1.0,"enemies":"Blue Slaver","floor":13.0,"turns":3.0},{"damage":5.0,"enemies":"Exordium Wildlife","floor":14.0,"turns":3.0},{"damage":14.0,"enemies":"Slime Boss","floor":16.0,"turns":8.0},{"damage":0.0,"enemies":"2 Thieves","floor":18.0,"turns":1.0},{"damage":15.0,"enemies":"Shell Parasite","floor":20.0,"turns":5.0},{"damage":24.0,"enemies":"Centurion and Healer","floor":21.0,"turns":10.0},{"damage":0,"enemies":"Book of Stabbing","floor":24,"turns":1}],"seed_played":"6962357167757860068","potions_obtained":[{"floor":3.0,"key":"FocusPotion"},{"floor":5.0,"key":"Energy Potion"},{"floor":8.0,"key":"SmokeBomb"},{"floor":11.0,"key":"FocusPotion"},{"floor":13.0,"key":"Weak Potion"},{"floor":16.0,"key":"DuplicationPotion"},{"floor":20.0,"key":"ColorlessPotion"}],"is_trial":false,"path_per_floor":["M","M","M","M","M","E","R","E","T","R","E","M","M","M","R","B",null,"M","$","M","M","$","R","E"],"character_chosen":"DEFECT","items_purchased":["Genetic Algorithm","Blood Vial"],"campfire_rested":1,"item_purchase_floors":[19,19],"current_hp_per_floor":[81,79,79,72,79,48,48,30,30,30,5,12,11,6,30,23,82,82,82,74,59,59,59,61,61],"gold":165,"neow_bonus":"TEN_PERCENT_HP_BONUS","is_daily":false,"chose_seed":false,"campfire_upgraded":3,"win_rate":0.0,"timestamp":1610985927,"path_taken":["M","M","M","M","M","E","R","E","T","R","E","M","M","M","R","BOSS","M","$","M","M","$","R","E"],"items_purchased_type":["Card","Relic"],"build_version":"2020-12-22","purchased_purges":1,"victory":false,"max_hp_per_floor":[82,82,82,82,82,82,82,82,82,82,82,82,82,82,82,82,82,82,82,82,82,82,82,82,82],"card_choices":[{"not_picked":["Compile Driver","Sweeping Beam"],"picked":"Ball Lightning","floor":1.0},{"not_picked":["Turbo","Steam","Go for the Eyes"],"picked":"SKIP","floor":2.0},{"not_picked":["Reinforced Body","Beam Cell"],"picked":"BootSequence","floor":3.0},{"not_picked":["Gash","Hologram"],"picked":"Self Repair","floor":4.0},{"not_picked":["Storm","Beam Cell"],"picked":"Consume","floor":5.0},{"not_picked":["Rebound","Reinforced Body","Sunder"],"picked":"SKIP","floor":6.0},{"not_picked":["Cold Snap","Aggregate"],"picked":"Loop","floor":8.0},{"not_picked":["Leap","Machine Learning"],"picked":"Chill","floor":11.0},{"not_picked":["Hologram","Beam Cell","Streamline"],"picked":"SKIP","floor":12.0},{"not_picked":["Steam","Redo","Undo"],"picked":"SKIP","floor":13.0},{"not_picked":["Conserve Battery","Cold Snap"],"picked":"Ball Lightning","floor":14.0},{"not_picked":["Meteor Strike","Fission"],"picked":"Biased Cognition","floor":16.0},{"not_picked":["Rebound","Auto Shields","Doom and Gloom"],"picked":"SKIP","floor":20.0},{"not_picked":["Steam","Leap"],"picked":"Fusion","floor":21.0}],"player_experience":54431,"relics_obtained":[{"floor":6.0,"key":"Incense Burner"},{"floor":8.0,"key":"Omamori"},{"floor":9.0,"key":"Ancient Tea Set"},{"floor":11.0,"key":"Potion Belt"}],"event_choices":[],"is_beta":false,"boss_relics":[{"not_picked":["Runic Pyramid","Pandora\u0027s Box"],"picked":"SacredBark"}],"items_purged_floors":[22],"is_endless":false,"potions_floor_spawned":[3,5,8,11,13,16,20],"killed_by":"Book of Stabbing","ascension_level":4}}