{"host":"glie9zdv5okcpa63","time":1610938935,"event":{"mods":["AchievementEnabler","BaseMod","Colored Map","Downfall","Energized Spire","Googly Eyes","Highlight Path","Hubris","Ironclad Rager","Minty Spire (QoL Compilation)","Reworked Bosses","Shop Mod","StSLib","The Cursed","The Necromancer","The Servant 0.9.4"],"gold_per_floor":[18,18,18,35,51,76,76,76,102,28,28,40,55,73,73,168,168,179,30,30,30,105,105,130,130,130,55,75,89,115,134,134,235,235,247,263,279,279,297,297,330,341,341,341,367,60,60,93,93,93,93],"floor_reached":50,"language":"ENG","playtime":4293,"items_purged":["Pain","Dodge and Roll","Parasite"],"score":963,"play_id":"74ad2245-3211-40e9-b99d-89884c821e22","local_time":"20210118030215","is_ascension_mode":true,"campfire_choices":[{"data":"Footwork","floor":7.0,"key":"SMITH"},{"data":"Caltrops","floor":11.0,"key":"SMITH"},{"floor":15.0,"key":"REST"},{"data":"Adrenaline","floor":23,"key":"SMITH"},{"data":"Poisoned Stab","floor":25,"key":"SMITH"},{"data":"Poisoned Stab","floor":32,"key":"SMITH"},{"data":"Poisoned Stab","floor":40,"key":"SMITH"},{"data":"Poisoned Stab","floor":44,"key":"SMITH"},{"data":"Bane","floor":49,"key":"SMITH"}],"circlet_count":0,"master_deck":["Survivor","Neutralize+1","Poisoned Stab+1","Poisoned Stab+1","Poisoned Stab+1","Poisoned Stab+1","Dodge and Roll","Dodge and Roll","Dodge and Roll","Deflect","Adrenaline+1","Caltrops+1","Dagger Spray","Quick Slash","Backflip+1","Flying Knee","Slice","Deflect+1","Outmaneuver+1","hubris:DuctTapeCard","Catalyst+1","Noxious Fumes+1","Bane+1"],"relics":["Ring of the Snake","Oddly Smooth Stone","Sling","Dead Branch","InkBottle","Blood Vial","Empty Cage","Lee\u0027s Waffle","hubris:BottledHeart","hubris:DeckOfHolding","PreservedInsect","Bottled Flame","energizedSpire:RedRose","hubris:DuctTape","Potion Belt","hubris:Metronome","Smiling Mask","hubris:BottledRain","Du-Vu Doll"],"acts_visited":["Exordium","TheCity","TheBeyond"],"potions_floor_usage":[18,33,37,50,50,50,50],"damage_taken":[{"damage":2.0,"enemies":"Cultist","floor":1.0,"turns":3.0},{"damage":0.0,"enemies":"Small Slimes","floor":4.0,"turns":2.0},{"damage":5.0,"enemies":"2 Louse","floor":5.0,"turns":3.0},{"damage":0.0,"enemies":"3 Sentries","floor":6.0,"turns":7.0},{"damage":0.0,"enemies":"Gremlin Gang","floor":12.0,"turns":4.0},{"damage":12.0,"enemies":"Large Slime","floor":13.0,"turns":6.0},{"damage":0.0,"enemies":"Exordium Wildlife","floor":14.0,"turns":4.0},{"damage":13.0,"enemies":"The Guardian","floor":16.0,"turns":8.0},{"damage":8,"enemies":"2 Thieves","floor":18,"turns":4},{"damage":0,"enemies":"Gremlin Leader","floor":24,"turns":7},{"damage":0,"enemies":"Chosen","floor":28,"turns":4},{"damage":0,"enemies":"Shelled Parasite and Fungi","floor":29,"turns":5},{"damage":0,"enemies":"Book of Stabbing","floor":30,"turns":4},{"damage":0,"enemies":"Chosen and Byrds","floor":31,"turns":5},{"damage":0,"enemies":"bossMod:newChamp","floor":33,"turns":13},{"damage":0,"enemies":"3 Shapes","floor":35,"turns":5},{"damage":0,"enemies":"3 Darklings","floor":36,"turns":4},{"damage":0,"enemies":"4 Shapes","floor":37,"turns":6},{"damage":0,"enemies":"Writhing Mass","floor":39,"turns":5},{"damage":0,"enemies":"Reptomancer","floor":41,"turns":5},{"damage":0,"enemies":"Transient","floor":42,"turns":5},{"damage":0,"enemies":"Nemesis","floor":45,"turns":3},{"damage":0,"enemies":"Reptomancer","floor":48,"turns":5},{"damage":1,"enemies":"Time Eater","floor":50,"turns":4}],"seed_played":"5820606002864864424","potions_obtained":[{"floor":1.0,"key":"PowerPotion"},{"floor":6.0,"key":"Poison Potion"},{"floor":12.0,"key":"Ancient Potion"},{"floor":16.0,"key":"Slimebound:ThreeZeroPotion"},{"floor":18,"key":"Block Potion"},{"floor":29,"key":"hexamod:SoulburnPotion"},{"floor":36,"key":"ColorlessPotion"},{"floor":42,"key":"Swift Potion"},{"floor":45,"key":"Guardian:BlockOnCardUsePotion"},{"floor":48,"key":"Slimebound:ThreeZeroPotion"}],"is_trial":false,"path_per_floor":["M","$","?","M","M","E","R","?","T","$","R","M","M","M","R","B",null,"M","$","?","?","T","R","E","R","T","$","M","M","E","M","R","B",null,"M","M","M","T","M","R","E","M","T","R","E","$","?","E","R","B"],"character_chosen":"THE_SILENT","items_purchased":["Oddly Smooth Stone","Sling","Caltrops","Lee\u0027s Waffle","hubris:BottledRain"],"campfire_rested":1,"item_purchase_floors":[2,2,10,19,46],"current_hp_per_floor":[43,18,18,18,13,13,13,13,13,13,13,15,5,7,25,14,51,45,70,1,1,1,1,1,1,1,1,1,1,1,1,1,1,1,1,1,1,1,1,1,1,1,1,1,1,1,1,1,1,0,0],"gold":93,"neow_bonus":"SILENT_ASSASSIN","is_daily":false,"chose_seed":false,"campfire_upgraded":8,"win_rate":0.0,"timestamp":1610938935,"path_taken":["M","?","?","?","M","E","R","?","T","$","R","?","M","M","R","BOSS","M","$","?","?","?","R","E","R","T","?","M","?","E","M","R","BOSS","M","M","M","?","M","R","E","M","T","R","E","$","?","E","R","BOSS"],"items_purchased_type":["Relic","Relic","Card","Relic","Relic"],"build_version":"2020-12-22","purchased_purges":3,"victory":false,"max_hp_per_floor":[63,63,63,63,63,63,63,63,63,63,63,63,63,63,63,63,63,63,70,1,1,1,1,1,1,1,1,1,1,1,1,1,1,1,1,1,1,1,1,1,1,1,1,1,1,1,1,1,1,1,1],"card_choices":[{"not_picked":["Outmaneuver","Accuracy","Caltrops"],"picked":"SKIP","floor":1.0},{"not_picked":["Acrobatics","Sucker Punch"],"picked":"Deflect","floor":4.0},{"not_picked":["Skewer","hubris:Sniper"],"picked":"Footwork","floor":5.0},{"not_picked":["Cloak And Dagger","Flechettes"],"picked":"Adrenaline","floor":6.0},{"not_picked":["All Out Attack","Underhanded Strike"],"picked":"Dagger Spray","floor":12.0},{"not_picked":["Poisoned Stab","Cloak And Dagger","Predator"],"picked":"SKIP","floor":13.0},{"not_picked":["Cloak And Dagger","Backstab"],"picked":"Quick Slash","floor":14.0},{"not_picked":["Underhanded Strike","Poisoned Stab+1"],"picked":"Backflip+1","floor":18},{"not_picked":["Backstab","Eviscerate+1"],"picked":"Footwork+1","floor":24},{"not_picked":["Accuracy","Prepared"],"picked":"Flying Knee","floor":28},{"not_picked":["Backflip","Predator"],"picked":"Slice","floor":29},{"not_picked":["Outmaneuver","Acrobatics"],"picked":"Deflect+1","floor":30},{"not_picked":["Deflect","Eviscerate","hubris:TrickCloak"],"picked":"SKIP","floor":31},{"not_picked":["Blade Dance+1","Backflip","Dagger Spray+1"],"picked":"SKIP","floor":35},{"not_picked":["Cloak And Dagger","Reflex+1","Sucker Punch+1"],"picked":"SKIP","floor":36},{"not_picked":["Heel Hook","Quick Slash+1"],"picked":"Outmaneuver+1","floor":37},{"not_picked":["Cloak And Dagger","Acrobatics+1"],"picked":"Catalyst+1","floor":39},{"not_picked":["Caltrops+1","Distraction+1","Deadly Poison+1"],"picked":"SKIP","floor":41},{"not_picked":["ICR:Vanish+1","Underhanded Strike+1"],"picked":"Noxious Fumes+1","floor":42},{"not_picked":["Backflip","Poisoned Stab","Underhanded Strike"],"picked":"SKIP","floor":45},{"not_picked":["Deflect+1","Catalyst"],"picked":"Bane","floor":48}],"player_experience":397473,"relics_obtained":[{"floor":6.0,"key":"Dead Branch"},{"floor":9.0,"key":"Blood Vial"},{"floor":22,"key":"hubris:DeckOfHolding"},{"floor":24,"key":"PreservedInsect"},{"floor":26,"key":"Bottled Flame"},{"floor":38,"key":"hubris:DuctTape"},{"floor":41,"key":"Potion Belt"},{"floor":43,"key":"hubris:Metronome"},{"floor":45,"key":"Smiling Mask"},{"floor":48,"key":"Du-Vu Doll"}],"event_choices":[{"damage_healed":0.0,"max_hp_gain":0.0,"max_hp_loss":0.0,"gold_gain":0.0,"event_name":"Upgrade Shrine","player_choice":"Upgraded","floor":3.0,"gold_loss":0.0,"damage_taken":0.0,"cards_upgraded":["Neutralize"]},{"damage_healed":0.0,"max_hp_gain":0.0,"max_hp_loss":0.0,"gold_gain":0.0,"event_name":"WeMeetAgain","player_choice":"Gave Potion","floor":8.0,"gold_loss":0.0,"damage_taken":0.0,"relics_obtained":["InkBottle"]}],"is_beta":false,"boss_relics":[{"not_picked":["Calling Bell","Coffee Dripper"],"picked":"Empty Cage"},{"not_picked":["Fusion Hammer","energizedSpire:OgreHead"],"picked":"energizedSpire:RedRose"}],"items_purged_floors":[2,27,46],"is_endless":false,"potions_floor_spawned":[1,6,12,16,18,29,30,36,42,45,48],"killed_by":"Time Eater","ascension_level":5}}