{"host":"uzcks4yhskks9i02","time":1610950848,"event":{"mods":["BaseMod","Minty Spire (QoL Compilation)","Quick Restart"],"gold_per_floor":[117,130,57,71,81,110,110,143,166,166,192,222,245,269,281,389,451,477,489,501,164,184,210,210,242,320,337,337,349,384,384,384,384,384],"floor_reached":33,"language":"ENG","playtime":6168,"items_purged":["Shame"],"score":588,"play_id":"be19c9ca-3678-47c1-b73d-2cdd75e9a259","local_time":"20210117232048","is_ascension_mode":true,"campfire_choices":[{"floor":7.0,"key":"REST"},{"data":"LessonLearned","floor":10.0,"key":"SMITH"},{"floor":15.0,"key":"REST"},{"floor":24.0,"key":"REST"},{"floor":32.0,"key":"REST"}],"circlet_count":0,"master_deck":["AscendersBane","Defend_P","Defend_P+1","Defend_P+1","Defend_P+1","Eruption","Vigilance+1","BattleHymn+1","Consecrate+1","FearNoEvil","SashWhip","LessonLearned+1","BowlingBash","MentalFortress","SignatureMove+1","CrushJoints","LessonLearned+1","Meditate","Vault","Swivel","SignatureMove+1","Nirvana","ReachHeaven","ThirdEye","ForeignInfluence+1","ReachHeaven","WheelKick","WheelKick","Bite","Bite","Bite","Bite","Bite"],"relics":["PureWater","Akabeko","Bag of Marbles","Regal Pillow","MawBank","Tiny House","Omamori","TeardropLocket","War Paint","Lantern","InkBottle","Bronze Scales"],"acts_visited":["Exordium","TheCity"],"potions_floor_usage":[33],"damage_taken":[{"damage":0.0,"enemies":"Jaw Worm","floor":1.0,"turns":3.0},{"damage":9.0,"enemies":"Small Slimes","floor":2.0,"turns":5.0},{"damage":0.0,"enemies":"2 Louse","floor":4.0,"turns":4.0},{"damage":4.0,"enemies":"Looter","floor":5.0,"turns":3.0},{"damage":35.0,"enemies":"3 Sentries","floor":6.0,"turns":8.0},{"damage":3.0,"enemies":"Lagavulin","floor":8.0,"turns":5.0},{"damage":12.0,"enemies":"Gremlin Nob","floor":11.0,"turns":3.0},{"damage":0.0,"enemies":"Red Slaver","floor":12.0,"turns":1.0},{"damage":0.0,"enemies":"Lots of Slimes","floor":13.0,"turns":1.0},{"damage":12.0,"enemies":"Gremlin Gang","floor":14.0,"turns":5.0},{"damage":42.0,"enemies":"Hexaghost","floor":16.0,"turns":7.0},{"damage":12.0,"enemies":"Chosen","floor":18.0,"turns":4.0},{"damage":12.0,"enemies":"Shell Parasite","floor":22.0,"turns":4.0},{"damage":7.0,"enemies":"Slavers","floor":23.0,"turns":4.0},{"damage":12.0,"enemies":"Book of Stabbing","floor":25.0,"turns":2.0},{"damage":0.0,"enemies":"Centurion and Healer","floor":27.0,"turns":5.0},{"damage":36.0,"enemies":"Snake Plant","floor":29.0,"turns":5.0},{"damage":5.0,"enemies":"Slavers","floor":30.0,"turns":5.0},{"damage":72,"enemies":"Collector","floor":33,"turns":8}],"seed_played":"4356984536580537515","potions_obtained":[{"floor":4.0,"key":"BottledMiracle"},{"floor":5.0,"key":"Ambrosia"},{"floor":16.0,"key":"SkillPotion"},{"floor":22.0,"key":"ColorlessPotion"},{"floor":25.0,"key":"AttackPotion"},{"floor":30.0,"key":"EssenceOfSteel"}],"is_trial":false,"path_per_floor":["M","M","$","M","M","E","R","E","T","R","E","M","M","M","R","B",null,"M","?","?","$","M","E","R","E","T","M","?","M","E","?","R","B"],"character_chosen":"WATCHER","items_purchased":["FearNoEvil","TeardropLocket","ThirdEye"],"campfire_rested":4,"item_purchase_floors":[3,21,21],"current_hp_per_floor":[72,63,63,63,59,24,47,44,44,44,32,32,32,20,58,16,68,56,56,56,56,44,37,77,65,65,65,65,29,24,24,56,0,0],"gold":384,"neow_bonus":"TEN_PERCENT_HP_BONUS","is_daily":false,"chose_seed":false,"campfire_upgraded":1,"win_rate":0.0,"timestamp":1610950848,"path_taken":["M","M","$","M","M","E","R","E","T","R","E","M","M","M","R","BOSS","M","?","?","$","?","E","R","E","T","M","?","M","E","?","R","BOSS"],"items_purchased_type":["Card","Relic","Card"],"build_version":"2020-12-22","purchased_purges":1,"victory":false,"max_hp_per_floor":[79,79,79,79,79,79,79,79,79,79,79,79,79,79,79,79,84,84,84,84,84,84,84,84,84,84,84,84,84,84,58,58,58,58],"card_choices":[{"not_picked":["ThirdEye","FollowUp"],"picked":"BattleHymn","floor":1.0},{"not_picked":["Vengeance","Study"],"picked":"Consecrate","floor":2.0},{"not_picked":["Halt","Evaluate"],"picked":"SashWhip","floor":4.0},{"not_picked":["Nirvana","EmptyFist"],"picked":"LessonLearned","floor":5.0},{"not_picked":["PathToVictory","BowlingBash","Evaluate"],"picked":"SKIP","floor":6.0},{"not_picked":["PathToVictory","Evaluate"],"picked":"BowlingBash","floor":6.0},{"not_picked":["Conclude","FlyingSleeves"],"picked":"MentalFortress","floor":8.0},{"not_picked":["DeceiveReality","EmptyBody"],"picked":"SignatureMove","floor":11.0},{"not_picked":["SashWhip","FlyingSleeves"],"picked":"CrushJoints","floor":12.0},{"not_picked":["WaveOfTheHand","Weave"],"picked":"LessonLearned","floor":13.0},{"not_picked":["CutThroughFate","ClearTheMind","Meditate"],"picked":"SKIP","floor":14.0},{"not_picked":["CutThroughFate","ClearTheMind"],"picked":"Meditate","floor":14.0},{"not_picked":["Omniscience","Brilliance"],"picked":"Vault","floor":16.0},{"not_picked":["ThirdEye","Adaptation"],"picked":"Swivel","floor":17.0},{"not_picked":["SignatureMove+1","Conclude","Evaluate"],"picked":"SKIP","floor":18.0},{"not_picked":["Conclude","Evaluate"],"picked":"SignatureMove+1","floor":18.0},{"not_picked":["CrushJoints","SashWhip"],"picked":"ForeignInfluence","floor":22.0},{"not_picked":["EmptyBody","PathToVictory","Nirvana+1"],"picked":"SKIP","floor":23.0},{"not_picked":["Prostrate","FollowUp","EmptyFist"],"picked":"SKIP","floor":25.0},{"not_picked":["FlyingSleeves","FearNoEvil"],"picked":"ReachHeaven","floor":27.0},{"not_picked":["EmptyBody","CutThroughFate","Consecrate"],"picked":"SKIP","floor":29.0},{"not_picked":["WreathOfFlame","SashWhip"],"picked":"WheelKick","floor":30.0}],"player_experience":505929,"relics_obtained":[{"floor":6.0,"key":"Akabeko"},{"floor":8.0,"key":"Bag of Marbles"},{"floor":9.0,"key":"Regal Pillow"},{"floor":11.0,"key":"MawBank"},{"floor":23.0,"key":"War Paint"},{"floor":25.0,"key":"Lantern"},{"floor":26.0,"key":"InkBottle"},{"floor":30.0,"key":"Bronze Scales"}],"event_choices":[{"damage_healed":0.0,"max_hp_gain":0.0,"max_hp_loss":0.0,"gold_gain":0.0,"cards_transformed":["Strike_P","Strike_P"],"event_name":"Drug Dealer","player_choice":"Became Test Subject","floor":19.0,"gold_loss":0.0,"damage_taken":0.0,"cards_obtained":["Nirvana","ReachHeaven"]},{"damage_healed":0.0,"max_hp_gain":0.0,"max_hp_loss":0.0,"gold_gain":0.0,"event_name":"Addict","player_choice":"Stole Relic","floor":20.0,"gold_loss":0.0,"damage_taken":0.0,"relics_obtained":["Omamori"],"cards_obtained":["Shame"]},{"damage_healed":0.0,"max_hp_gain":0.0,"max_hp_loss":0.0,"gold_gain":0.0,"event_name":"The Library","player_choice":"Read","floor":28.0,"gold_loss":0.0,"damage_taken":0.0,"cards_obtained":["WheelKick"]},{"damage_healed":0.0,"max_hp_gain":0.0,"max_hp_loss":26.0,"gold_gain":0.0,"event_name":"Vampires","player_choice":"Became a vampire","floor":31.0,"gold_loss":0.0,"damage_taken":0.0,"cards_obtained":["Bite","Bite","Bite","Bite","Bite"]}],"is_beta":false,"boss_relics":[{"not_picked":["Sozu","Velvet Choker"],"picked":"Tiny House"}],"items_purged_floors":[21],"is_endless":false,"potions_floor_spawned":[4,5,8,14,16,22,25,30],"killed_by":"Collector","ascension_level":12}}