{"host":"l60rmjjsfi0fipmi","time":1610929540,"event":{"mods":["BaseMod","Colored Map","DeckTracker","Highlight Path","Minty Spire (QoL Compilation)","StSLib","The Cursed","The Servant 0.9.4"],"gold_per_floor":[216,227,227,151,151,151,182,195,195,195,195,207,207,90,90,195,245,265,265,190,81,96,130,30,30,77,96,96,96],"floor_reached":28,"language":"ENG","playtime":1599,"items_purged":["TheCursedMod:Strike_TheCursed","TheCursedMod:Strike_TheCursed"],"score":281,"play_id":"78f1428f-ad29-4067-9142-b0785d0a58fe","local_time":"20210117192540","is_ascension_mode":true,"campfire_choices":[{"data":"TheCursedMod:CursedWand","floor":6,"key":"SMITH"},{"floor":10,"key":"REST"},{"data":"TheCursedMod:Torture","floor":13,"key":"SMITH"},{"data":"TheCursedMod:VitalStrike","floor":15,"key":"SMITH"}],"circlet_count":0,"master_deck":["TheCursedMod:Strike_TheCursed","TheCursedMod:Defend_TheCursed+1","TheCursedMod:Defend_TheCursed","TheCursedMod:Defend_TheCursed","TheCursedMod:Defend_TheCursed","TheCursedMod:CursedWand+1","TheCursedMod:CleanUpWorkshop","TheCursedMod:Dregs","TheCursedMod:SpreadPlague","TheCursedMod:Stigma","TheCursedMod:WearCloak","TheCursedMod:CursedBlade","TheCursedMod:CursedRelics","TheCursedMod:VitalStrike+1","TheCursedMod:Torture+1","TheCursedMod:SpitefulPlan","TheCursedMod:Mangle","TheCursedMod:DarkBarrier","TheCursedMod:RapidMovement","TheCursedMod:WearCloak+1","Decay","TheCursedMod:EmpowerCircles","TheCursedMod:SaltUponWound","TheCursedMod:CursedAmulet+1"],"relics":["TheCursedMod:BlackMagic101","TheCursedMod:DemonicMark","Letter Opener","Pantograph","TheCursedMod:BloodyHarpoon","Tiny House","Meat on the Bone","Happy Flower"],"acts_visited":["Exordium","TheCity"],"potions_floor_usage":[16,16,23,23],"damage_taken":[{"damage":7,"enemies":"Small Slimes","floor":1,"turns":3},{"damage":1,"enemies":"Cultist","floor":2,"turns":4},{"damage":18,"enemies":"3 Sentries","floor":7,"turns":9},{"damage":12,"enemies":"Jaw Worm","floor":8,"turns":2},{"damage":18,"enemies":"Exordium Thugs","floor":12,"turns":4},{"damage":48,"enemies":"The Guardian","floor":16,"turns":10},{"damage":11,"enemies":"Spheric Guardian","floor":18,"turns":5},{"damage":12,"enemies":"Chosen","floor":22,"turns":4},{"damage":67,"enemies":"Gremlin Leader","floor":23,"turns":5},{"damage":17,"enemies":"Centurion and Healer","floor":27,"turns":6},{"damage":23,"enemies":"Sentry and Sphere","floor":28,"turns":6}],"seed_played":"-8665208727267946210","potions_obtained":[{"floor":1,"key":"SneckoOil"},{"floor":5,"key":"Regen Potion"},{"floor":5,"key":"FairyPotion"},{"floor":5,"key":"LiquidMemories"},{"floor":16,"key":"Energy Potion"},{"floor":17,"key":"Swift Potion"},{"floor":18,"key":"LiquidMemories"}],"is_trial":false,"path_per_floor":["M","M","?","$","?","R","E","M","T","R","T","M","R","$","R","B",null,"M","?","?","$","M","E","$","?","T","M","M"],"character_chosen":"THE_CURSED","items_purchased":["TheCursedMod:WearCloak","TheCursedMod:CursedBlade","TheCursedMod:SpitefulPlan","TheCursedMod:Mangle","TheCursedMod:EmpowerCircles"],"campfire_rested":1,"item_purchase_floors":[4,4,14,14,21],"current_hp_per_floor":[68,67,64,64,64,64,46,34,34,56,56,38,38,38,38,30,80,69,69,69,69,57,24,24,24,24,19,0,0],"gold":96,"neow_bonus":"HUNDRED_GOLD","is_daily":false,"chose_seed":false,"campfire_upgraded":3,"win_rate":0.0,"timestamp":1610929540,"path_taken":["M","M","?","$","?","R","E","?","T","R","?","M","R","?","R","BOSS","M","?","?","$","M","E","$","?","T","M","M"],"items_purchased_type":["Card","Card","Card","Card","Card"],"build_version":"2020-12-22","purchased_purges":2,"victory":false,"max_hp_per_floor":[75,75,75,75,75,75,75,75,75,75,75,75,75,75,75,75,80,80,80,80,80,80,80,80,80,80,80,80,80],"card_choices":[{"not_picked":["TheCursedMod:SpitefulStrike","TheCursedMod:Mangle"],"picked":"TheCursedMod:SpreadPlague","floor":1},{"not_picked":["TheCursedMod:CircleOfFlame","TheCursedMod:Mangle"],"picked":"TheCursedMod:Stigma","floor":2},{"not_picked":["TheCursedMod:ManaCirculation","TheCursedMod:CircleOfFlame"],"picked":"TheCursedMod:CursedRelics","floor":7},{"not_picked":["TheCursedMod:RapidMovement","TheCursedMod:PrepareRite"],"picked":"TheCursedMod:VitalStrike","floor":8},{"not_picked":["TheCursedMod:RavingStaff","TheCursedMod:CircleOfFlame"],"picked":"TheCursedMod:Torture","floor":12},{"not_picked":["TheCursedMod:StunningStrike","TheCursedMod:ForbiddenAlchemy"],"picked":"TheCursedMod:DarkBarrier","floor":16},{"not_picked":["TheCursedMod:CursedMace","TheCursedMod:EmpowerCircles"],"picked":"TheCursedMod:RapidMovement","floor":17},{"not_picked":["TheCursedMod:CircleOfCorruption","TheCursedMod:CursedStaff"],"picked":"TheCursedMod:WearCloak+1","floor":18},{"not_picked":["TheCursedMod:SpitefulStrike","TheCursedMod:CursedShiv","TheCursedMod:CursedMace"],"picked":"SKIP","floor":22},{"not_picked":["TheCursedMod:SpitefulPlan+1","TheCursedMod:CursedAmulet"],"picked":"TheCursedMod:SaltUponWound","floor":23},{"not_picked":["TheCursedMod:CursedMace","TheCursedMod:RapidMovement"],"picked":"TheCursedMod:CursedAmulet+1","floor":27}],"player_experience":469333,"relics_obtained":[{"floor":7,"key":"Letter Opener"},{"floor":9,"key":"Pantograph"},{"floor":11,"key":"TheCursedMod:BloodyHarpoon"},{"floor":23,"key":"Meat on the Bone"},{"floor":26,"key":"Happy Flower"}],"event_choices":[{"damage_healed":0,"gold_gain":0,"player_choice":"Success","damage_taken":3,"relics_obtained":["TheCursedMod:DemonicMark"],"max_hp_gain":0,"max_hp_loss":0,"event_name":"Scrap Ooze","floor":3,"gold_loss":0},{"damage_healed":0,"gold_gain":0,"player_choice":"Got Potions","damage_taken":0,"max_hp_gain":0,"max_hp_loss":0,"event_name":"Lab","floor":5,"gold_loss":0},{"damage_healed":0,"gold_gain":0,"player_choice":"Smashed Altar","damage_taken":0,"max_hp_gain":0,"max_hp_loss":0,"event_name":"Forgotten Altar","floor":19,"gold_loss":0,"cards_obtained":["Decay"]},{"cards_removed":["TheCursedMod:Strike_TheCursed"],"damage_healed":0,"gold_gain":0,"player_choice":"Gave Gold","damage_taken":0,"max_hp_gain":0,"max_hp_loss":0,"event_name":"Beggar","floor":20,"gold_loss":75},{"damage_healed":0,"gold_gain":0,"player_choice":"Ignored","damage_taken":0,"max_hp_gain":0,"max_hp_loss":0,"event_name":"The Mausoleum","floor":25,"gold_loss":0}],"is_beta":false,"boss_relics":[{"not_picked":["Philosopher\u0027s Stone","TheCursedMod:FourLeafCloverCharm"],"picked":"Tiny House"}],"items_purged_floors":[21,24],"is_endless":false,"potions_floor_spawned":[1,7,16,18],"killed_by":"Sentry and Sphere","ascension_level":4}}