{"host":"clf2hd4adhiiw0zf","time":1610996298,"event":{"mods":["AchievementEnabler","BaseMod","Beaked The Cultist","Bestiary","Dark Map","Downfall","Gremlin Mod","Hermit","Jorbs\u0027s Wanderer Trilogy","Marisa????????","Minty Spire (QoL Compilation)","Shop Mod","StSLib","The Cursed","The Servant 0.9.4","UnlockEverythingMod"],"gold_per_floor":[99,110,210,210,224,124,147,163,63,63,48,64,64,91,107,206,206,206,223,237,72,72,72,98,198,233,133,143,143,156,183,198,296,296,296,316,333,333,219,294,320,337,337,351,367,396,396,70,81,81,81,106,49,49,49,49],"floor_reached":57,"language":"ENG","playtime":2529,"items_purged":["bronze:Defend"],"score":1497,"play_id":"9e226200-212d-4acf-ac51-076fea5dfc66","local_time":"20210118115818","is_ascension_mode":false,"campfire_choices":[{"floor":1.0,"key":"RECALL"},{"data":"bronze:Repulsor","floor":6.0,"key":"SMITH"},{"data":"bronze:ItsAFeature","floor":9.0,"key":"SMITH"},{"data":"bronze:Virus","floor":18.0,"key":"SMITH"},{"floor":27.0,"key":"REST"},{"data":"bronze:MaxOutput","floor":35.0,"key":"SMITH"},{"data":"bronze:Virus","floor":47,"key":"SMITH"},{"data":"bronze:Iterate","floor":54,"key":"SMITH"}],"circlet_count":0,"master_deck":["bronze:Strike","bronze:Strike","bronze:Strike","bronze:Defend","bronze:Defend","bronze:Defend","bronze:Replicate","bronze:Goto","bronze:Repulsor+1","downfall:Icky","Writhe","stsjorbsmod:Procrastination","Parasite","downfall:Malfunctioning","bronze:Mutator","bronze:ItsAFeature+1","bronze:MaxOutput+1","bronze:Iterate+1","bronze:ItsAFeature","bronze:BronzeOrb+1","bronze:Virus+1","CurseOfTheBell","bronze:Allocate+1","downfall:Bewildered","bronze:BurnOut","bronze:BuggyMess","Injury","bronze:BugBarrage+1","Normality","bronze:Virus+1","bronze:Iterate+1","bronze:MaxOutput"],"relics":["bronze:BronzeCore","Du-Vu Doll","downfall:HeartBlessingRed","downfall:HeartBlessingBlue","Pantograph","Blue Candle","Calling Bell","Vajra","Sundial","WingedGreaves","Lee\u0027s Waffle","sneckomod:BabySnecko","Art of War","Oddly Smooth Stone","Strawberry","downfall:HeartBlessingGreen","The Courier","bronze:SilverBullet","Cursed Key","MealTicket","Ancient Tea Set","Bag of Preparation","Happy Flower","Molten Egg 2","Pear"],"acts_visited":["Exordium","TheCity","TheBeyond","TheEnding"],"potions_floor_usage":[55,56,56],"damage_taken":[{"damage":0.0,"enemies":"Cultist","floor":2.0,"turns":4.0},{"damage":9.0,"enemies":"Small Slimes","floor":5.0,"turns":4.0},{"damage":4.0,"enemies":"2 Louse","floor":8.0,"turns":3.0},{"damage":10.0,"enemies":"downfall:FleeingMerchant","floor":11.0,"turns":4.0},{"damage":29.0,"enemies":"Gremlin Gang","floor":12.0,"turns":5.0},{"damage":0.0,"enemies":"Lagavulin","floor":14.0,"turns":4.0},{"damage":12.0,"enemies":"Blue Slaver","floor":15.0,"turns":3.0},{"damage":44.0,"enemies":"WA_ARCHETYPE_RETAIN","floor":16.0,"turns":6.0},{"damage":11.0,"enemies":"Shell Parasite","floor":19.0,"turns":3.0},{"damage":0.0,"enemies":"Spheric Guardian","floor":20.0,"turns":2.0},{"damage":16.0,"enemies":"downfall:FleeingMerchant","floor":21.0,"turns":4.0},{"damage":14.0,"enemies":"downfall:FleeingMerchant","floor":25.0,"turns":4.0},{"damage":27.0,"enemies":"Gremlin Leader","floor":26.0,"turns":3.0},{"damage":20.0,"enemies":"Centurion and Healer","floor":28.0,"turns":3.0},{"damage":13.0,"enemies":"Snake Plant","floor":30.0,"turns":2.0},{"damage":24.0,"enemies":"Slavers","floor":31.0,"turns":2.0},{"damage":11.0,"enemies":"3 Cultists","floor":32.0,"turns":3.0},{"damage":24.0,"enemies":"IC_MUSHROOM_ARCHETYPE","floor":33.0,"turns":4.0},{"damage":18.0,"enemies":"3 Darklings","floor":36.0,"turns":5.0},{"damage":22.0,"enemies":"3 Shapes","floor":37.0,"turns":3.0},{"damage":25,"enemies":"Sphere and 2 Shapes","floor":42,"turns":3},{"damage":21,"enemies":"4 Shapes","floor":44,"turns":2},{"damage":1,"enemies":"Spire Growth","floor":45,"turns":2},{"damage":10,"enemies":"Giant Head","floor":46,"turns":5},{"damage":9,"enemies":"3 Darklings","floor":49,"turns":3},{"damage":63,"enemies":"DF_ARCHETYPE_ORBS","floor":50,"turns":5},{"damage":1,"enemies":"downfall:CharBossMerchant","floor":52,"turns":3},{"damage":65,"enemies":"downfall:NeowBoss","floor":55,"turns":8},{"damage":54,"enemies":"downfall:NeowBossFinal","floor":56,"turns":6}],"seed_played":"-2591959912883376995","potions_obtained":[{"floor":2.0,"key":"CultistPotion"},{"floor":5.0,"key":"SteroidPotion"},{"floor":10.0,"key":"LiquidMemories"},{"floor":26.0,"key":"SkillPotion"},{"floor":32.0,"key":"Explosive Potion"},{"floor":33.0,"key":"hexamod:SoulburnPotion"},{"floor":36.0,"key":"ColorlessPotion"},{"floor":40,"key":"downfall:CursedFountainPotion"}],"is_trial":false,"path_per_floor":["R","M","?","?","M","R","T","M","R","?","$","M","T","E","M","B",null,"R","M","M","$","?","?","T","$","E","R","M","T","M","E","M","B",null,"R","M","M","?","$","?","T","M","?","M","M","E","R","$","M","B",null,"E","$","R","B","B",null],"character_chosen":"THE_AUTOMATON","items_purchased":["Lee\u0027s Waffle","Oddly Smooth Stone","MealTicket","Happy Flower","Molten Egg 2","bronze:MaxOutput"],"campfire_rested":1,"item_purchase_floors":[21,25,39,48,48,53],"current_hp_per_floor":[77,77,82,82,73,73,73,69,79,79,69,40,40,40,28,9,92,92,81,81,99,79,79,79,65,45,78,58,58,45,21,10,11,111,111,93,71,121,121,121,121,96,96,75,74,64,64,79,70,32,121,130,131,131,66,37],"gold":49,"neow_bonus":"TEN_PERCENT_HP_BONUS","is_daily":false,"chose_seed":false,"campfire_upgraded":6,"win_rate":0.0,"timestamp":1610996298,"path_taken":["R","M","?","?","M","R","T","?","R","?","$","?","?","E","M","BOSS","R","M","?","$","?","?","T","$","E","R","M","?","M","E","M","BOSS","R","M","M","?","$","?","T","?","?","M","?","E","R","$","M","BOSS","E","$","R","BOSS","BOSS"],"items_purchased_type":["Relic","Relic","Relic","Relic","Relic","Card"],"build_version":"2020-12-22","purchased_purges":1,"victory":true,"max_hp_per_floor":[77,77,82,82,82,82,82,82,92,92,92,92,92,92,92,92,92,92,92,92,99,104,104,104,104,111,111,111,111,111,111,111,111,111,111,111,111,121,121,121,121,121,121,121,121,121,121,121,121,121,121,131,131,131,131,131],"card_choices":[{"not_picked":["bronze:DarkDash","bronze:WildBeam"],"picked":"bronze:Repulsor","floor":2.0},{"not_picked":["bronze:Turbo","bronze:Overheat"],"picked":"bronze:MaxOutput","floor":5.0},{"not_picked":["bronze:Branch","bronze:NullPointer","bronze:ForceShield"],"picked":"SKIP","floor":8.0},{"not_picked":["bronze:Optimize","bronze:Frontload"],"picked":"bronze:Iterate","floor":11.0},{"not_picked":["bronze:MaxOutput","bronze:OilSpill","bronze:ForceShield"],"picked":"SKIP","floor":12.0},{"not_picked":["bronze:BronzeOrb","bronze:DelayedGuard"],"picked":"bronze:ItsAFeature","floor":14.0},{"not_picked":["bronze:Return","bronze:Frontload"],"picked":"bronze:BronzeOrb","floor":15.0},{"not_picked":["bronze:SpaghettiCode","bronze:ThunderWave"],"picked":"bronze:Virus","floor":16.0},{"not_picked":["bronze:DelayedSlice","bronze:Invalidate"],"picked":"bronze:Allocate+1","floor":19.0},{"not_picked":["bronze:BronzeOrb","bronze:DelayedSlice","bronze:BronzeArmor"],"picked":"SKIP","floor":20.0},{"not_picked":["bronze:FollowUp","bronze:Deprecate","bronze:Shield"],"picked":"SKIP","floor":21.0},{"not_picked":["bronze:DelayedSlice+1","bronze:DelayedGuard","bronze:Turbo+1"],"picked":"SKIP","floor":25.0},{"not_picked":["bronze:Overheat","bronze:CutThrough","bronze:WhirlingStrike+1"],"picked":"SKIP","floor":26.0},{"not_picked":["bronze:CutThrough","bronze:Turbo","bronze:ForLoop"],"picked":"SKIP","floor":28.0},{"not_picked":["bronze:GetLatest+1","bronze:DarkDash","bronze:DelayedGuard+1"],"picked":"SKIP","floor":30.0},{"not_picked":["bronze:GetLatest","bronze:Break"],"picked":"bronze:BurnOut","floor":31.0},{"not_picked":["bronze:Invalidate","bronze:BitShift+1","bronze:Return"],"picked":"SKIP","floor":32.0},{"not_picked":["bronze:Mutator","bronze:SpaghettiCode"],"picked":"bronze:Format","floor":33.0},{"not_picked":["bronze:ChildClass+1","bronze:WildBeam+1"],"picked":"bronze:BuggyMess","floor":36.0},{"not_picked":["bronze:ItsAFeature+1","bronze:WildBeam","bronze:DelayedGuard"],"picked":"SKIP","floor":37.0},{"not_picked":["bronze:Repulsor","bronze:Shield"],"picked":"bronze:BugBarrage","floor":42},{"not_picked":["bronze:Overload+1","bronze:Invalidate","bronze:OilSpill"],"picked":"SKIP","floor":44},{"not_picked":["bronze:DelayedSlice+1","bronze:WhirlingStrike"],"picked":"bronze:Virus","floor":45},{"not_picked":["bronze:WildBeam","bronze:Frontload","bronze:Turbo"],"picked":"SKIP","floor":46},{"not_picked":["bronze:CloningBeam+1","bronze:BronzeArmor+1","bronze:WildBeam+1"],"picked":"SKIP","floor":49},{"not_picked":["bronze:ForceShield","bronze:Invalidate"],"picked":"bronze:Iterate+1","floor":52}],"player_experience":63060,"relics_obtained":[{"floor":13.0,"key":"Pantograph"},{"floor":14.0,"key":"Blue Candle"},{"floor":17.0,"key":"Vajra"},{"floor":17.0,"key":"Sundial"},{"floor":17.0,"key":"WingedGreaves"},{"floor":24.0,"key":"Art of War"},{"floor":26.0,"key":"Strawberry"},{"floor":29.0,"key":"The Courier"},{"floor":31.0,"key":"bronze:SilverBullet"},{"floor":41,"key":"Ancient Tea Set"},{"floor":46,"key":"Bag of Preparation"},{"floor":52,"key":"Pear"}],"event_choices":[{"damage_healed":0.0,"max_hp_gain":0.0,"max_hp_loss":0.0,"gold_gain":0.0,"event_name":"Lab","player_choice":"Got Potions","floor":10.0,"gold_loss":0.0,"damage_taken":0.0}],"is_beta":false,"boss_relics":[{"not_picked":["SacredBark","Astrolabe"],"picked":"Calling Bell"},{"not_picked":["Pandora\u0027s Box","Snecko Eye"],"picked":"Cursed Key"}],"items_purged_floors":[25],"is_endless":false,"potions_floor_spawned":[2,5,14,20,26,28,32,33,36,44,45,52],"ascension_level":0}}