{"host":"37ccm3d17clopct7","time":1610954140,"event":{"mods":["BaseMod","Lobotomy","Minty Spire (QoL Compilation)","StSLib","The Bug Knight","The Cursed","The Hierophant"],"gold_per_floor":[111,111,36,55,55,85,85,160,185,202,202,102,102,122,122,122,122],"floor_reached":16,"language":"KOR","playtime":622,"items_purged":["hierophant:Defend_Hierophant","hierophant:Defend_Hierophant"],"score":98,"play_id":"0d3dbfc5-72b2-498d-b0ef-860ed25c170d","local_time":"20210118161540","is_ascension_mode":false,"campfire_choices":[{"floor":11,"key":"REST"},{"floor":13,"key":"REST"},{"data":"hierophant:Punish","floor":15,"key":"SMITH"}],"circlet_count":0,"master_deck":["hierophant:Strike_Hierophant","hierophant:Strike_Hierophant","hierophant:Strike_Hierophant","hierophant:Punish+1","hierophant:Defend_Hierophant","hierophant:Defend_Hierophant","hierophant:ChurchCoffers+1","Wellcheers","hierophant:MorningPrayer","hierophant:ThreeLashes","CherryBlossoms","Bloodbath","OldLady","hierophant:OrnateBuckler"],"relics":["hierophant:PropheticMaskRelic","CogitoBucket","Bird Faced Urn","Bag of Preparation"],"acts_visited":["Exordium"],"potions_floor_usage":[6,16,16],"damage_taken":[{"damage":6,"enemies":"Cultist","floor":1,"turns":3},{"damage":0,"enemies":"Small Slimes","floor":4,"turns":3},{"damage":43,"enemies":"Lagavulin","floor":6,"turns":12},{"damage":0,"enemies":"2 Louse","floor":10,"turns":1},{"damage":2,"enemies":"Blue Slaver","floor":14,"turns":3},{"damage":109,"enemies":"The Guardian","floor":16,"turns":13}],"seed_played":"-1839732745219372708","potions_obtained":[{"floor":1,"key":"Regen Potion"},{"floor":6,"key":"LiquidBronze"},{"floor":10,"key":"Strength Potion"}],"is_trial":false,"path_per_floor":["M","?","$","M","$","E","?","?","T","M","R","$","R","M","R","B"],"character_chosen":"HIEROPHANT","items_purchased":[],"campfire_rested":2,"item_purchase_floors":[],"current_hp_per_floor":[69,69,69,69,69,41,41,30,30,30,52,52,74,74,74,0,0],"gold":122,"neow_bonus":"","is_daily":false,"chose_seed":false,"campfire_upgraded":1,"win_rate":0.0,"timestamp":1610954140,"path_taken":["M","?","$","M","?","E","?","?","T","M","R","$","R","M","R","BOSS"],"items_purchased_type":[],"build_version":"2020-12-22","purchased_purges":2,"victory":false,"max_hp_per_floor":[75,75,75,75,75,75,75,75,75,75,75,75,75,75,75,75,75],"card_choices":[{"not_picked":["MHz","SpiderBud"],"picked":"Wellcheers","floor":1},{"not_picked":["hierophant:Purify","hierophant:AuricBeam"],"picked":"hierophant:MorningPrayer","floor":1},{"not_picked":["hierophant:SealAway","hierophant:Upheaval"],"picked":"hierophant:ThreeLashes","floor":4},{"not_picked":["MHz","BigBadWolf"],"picked":"CherryBlossoms","floor":6},{"not_picked":["hierophant:Repentance","hierophant:PassingBell","hierophant:MorningPrayer"],"picked":"SKIP","floor":6},{"not_picked":["Scarecrow","Yin"],"picked":"Bloodbath","floor":10},{"not_picked":["hierophant:Remorse","hierophant:Shelter","hierophant:SecretStash"],"picked":"SKIP","floor":10},{"not_picked":["OSAHOGD","MeatLantern"],"picked":"OldLady","floor":14},{"not_picked":["hierophant:Sermon","hierophant:Charity"],"picked":"hierophant:OrnateBuckler","floor":14}],"player_experience":67514,"relics_obtained":[{"floor":6,"key":"Bird Faced Urn"},{"floor":9,"key":"Bag of Preparation"}],"event_choices":[{"damage_healed":0,"gold_gain":0,"player_choice":"Upgraded","damage_taken":0,"max_hp_gain":0,"max_hp_loss":0,"event_name":"Upgrade Shrine","floor":2,"gold_loss":0,"cards_upgraded":["hierophant:ChurchCoffers"]},{"cards_removed":["hierophant:Strike_Hierophant"],"damage_healed":0,"gold_gain":0,"player_choice":"Forget","damage_taken":0,"max_hp_gain":0,"max_hp_loss":0,"event_name":"Living Wall","floor":7,"gold_loss":0},{"damage_healed":0,"gold_gain":75,"player_choice":"Gather Gold","damage_taken":11,"max_hp_gain":0,"max_hp_loss":0,"event_name":"World of Goop","floor":8,"gold_loss":0}],"is_beta":false,"boss_relics":[],"items_purged_floors":[3,12],"is_endless":false,"potions_floor_spawned":[1,6,10],"killed_by":"The Guardian","ascension_level":0}}