{"host":"ibckqdmmf9y74ymf","time":1610930555,"event":{"mods":["2.2 Compatiblity","BaseMod","Colored Map","Curses Come First","Highlight Path","Minty Spire (QoL Compilation)","Quick Restart","Rare Cards Sparkle","Relic Stats","StSLib"],"gold_per_floor":[116,130,150,150,20,48,58,58,112,112,143,143,159,190,190,261,261,271,271,282,197,217,217,244,11,11,11,11,42,54,81,81,81,81],"floor_reached":33,"language":"ENG","playtime":1588,"items_purged":["Strike_P"],"score":696,"play_id":"8aed584c-9805-4465-9a13-19a2160adcf3","local_time":"20210118014235","is_ascension_mode":true,"campfire_choices":[{"floor":8.0,"key":"REST"},{"data":"Conclude","floor":10.0,"key":"SMITH"},{"data":"TalkToTheHand","floor":15,"key":"SMITH"},{"floor":23,"key":"REST"},{"floor":27,"key":"REST"},{"floor":32,"key":"REST"}],"circlet_count":0,"master_deck":["AscendersBane","Strike_P","Strike_P","Strike_P","Defend_P","Defend_P","Defend_P","Defend_P","Eruption","Vigilance","ClearTheMind","TalkToTheHand+1","CutThroughFate","Conclude+1","FlurryOfBlows","Consecrate","CrushJoints","Wallop","ThirdEye","Omniscience","WheelKick","Halt","FlurryOfBlows+1","TalkToTheHand+1","Ragnarok","Swivel+1"],"relics":["Sozu","FaceOfCleric","Blue Candle","Pen Nib","Centennial Puzzle","Pocketwatch","Runic Pyramid","Happy Flower","Dream Catcher","DollysMirror","TeardropLocket","Mummified Hand","Shovel"],"acts_visited":["TheCity"],"potions_floor_usage":[],"damage_taken":[{"damage":0.0,"enemies":"Cultist","floor":1.0,"turns":2.0},{"damage":0.0,"enemies":"2 Louse","floor":2.0,"turns":3.0},{"damage":11.0,"enemies":"Small Slimes","floor":3.0,"turns":3.0},{"damage":24.0,"enemies":"Gremlin Nob","floor":6.0,"turns":4.0},{"damage":0.0,"enemies":"Exordium Wildlife","floor":7.0,"turns":3.0},{"damage":15.0,"enemies":"Lagavulin","floor":11.0,"turns":8.0},{"damage":1.0,"enemies":"Red Slaver","floor":13.0,"turns":2.0},{"damage":0,"enemies":"Gremlin Nob","floor":14,"turns":2},{"damage":2,"enemies":"Hexaghost","floor":16,"turns":5},{"damage":20,"enemies":"3 Byrds","floor":18,"turns":4},{"damage":5,"enemies":"Shell Parasite","floor":20,"turns":3},{"damage":22,"enemies":"Shelled Parasite and Fungi","floor":22,"turns":2},{"damage":14,"enemies":"Gremlin Leader","floor":24,"turns":5},{"damage":4,"enemies":"Book of Stabbing","floor":29,"turns":2},{"damage":0,"enemies":"Snecko","floor":30,"turns":2},{"damage":30,"enemies":"Gremlin Leader","floor":31,"turns":7},{"damage":55,"enemies":"Automaton","floor":33,"turns":6}],"seed_played":"-1942816735564743743","potions_obtained":[],"is_trial":false,"path_per_floor":["M","M","M","?","$","E","M","R","T","R","E","?","M","E","R","B",null,"M","?","M","?","M","R","E","$","T","R","$","E","M","E","R","B"],"character_chosen":"WATCHER","items_purchased":["Conclude","FlurryOfBlows","DollysMirror"],"campfire_rested":4,"item_purchase_floors":[5,5,25],"current_hp_per_floor":[61,61,50,50,50,27,28,49,49,49,35,40,40,41,41,40,69,50,50,46,46,25,49,36,36,36,60,60,57,58,29,54,0,0],"gold":81,"neow_bonus":"BOSS_RELIC","is_daily":false,"chose_seed":false,"campfire_upgraded":2,"win_rate":0.0,"timestamp":1610930555,"path_taken":["M","M","M","?","?","E","M","R","T","R","E","?","M","E","R","BOSS","M","?","M","?","?","R","E","?","T","R","$","E","M","E","R","BOSS"],"items_purchased_type":["Card","Card","Relic"],"build_version":"2020-12-22","purchased_purges":1,"victory":false,"max_hp_per_floor":[68,68,68,68,68,69,70,70,70,70,71,76,77,78,78,79,79,80,80,81,81,82,82,83,83,83,83,83,84,85,86,86,86,86],"relic_stats":{"Sozu":7,"Centennial Puzzle":[27],"Dream Catcher":2,"Shovel":0,"FaceOfCleric":11,"Happy Flower":[8],"counters":[12,48],"Mummified Hand":[0],"Blue Candle":[0],"Pen Nib":[16],"obtain_stats":[{"Happy Flower":21,"Blue Candle":0,"Pen Nib":0,"TeardropLocket":26,"Sozu":0,"Centennial Puzzle":11,"Dream Catcher":24,"Shovel":31,"FaceOfCleric":0,"DollysMirror":25,"Mummified Hand":29,"Pocketwatch":14,"Runic Pyramid":17},{"Happy Flower":6,"Blue Candle":0,"Pen Nib":0,"TeardropLocket":8,"Sozu":0,"Centennial Puzzle":1,"Dream Catcher":8,"Shovel":11,"FaceOfCleric":0,"DollysMirror":8,"Mummified Hand":9,"Pocketwatch":3,"Runic Pyramid":4},{"Happy Flower":24,"Blue Candle":0,"Pen Nib":0,"TeardropLocket":31,"Sozu":0,"Centennial Puzzle":8,"Dream Catcher":31,"Shovel":42,"FaceOfCleric":0,"DollysMirror":31,"Mummified Hand":33,"Pocketwatch":12,"Runic Pyramid":17}],"Pocketwatch":[13]},"card_choices":[{"not_picked":["Crescendo","Weave"],"picked":"ClearTheMind","floor":1.0},{"not_picked":["Halt","CutThroughFate"],"picked":"TalkToTheHand","floor":2.0},{"not_picked":["Evaluate","SashWhip"],"picked":"CutThroughFate","floor":3.0},{"not_picked":["Pray","JustLucky"],"picked":"Consecrate","floor":6.0},{"not_picked":["Fasting2","FlurryOfBlows"],"picked":"CrushJoints","floor":7.0},{"not_picked":["DeusExMachina","EmptyBody"],"picked":"Wallop","floor":11.0},{"not_picked":["SashWhip","CrushJoints"],"picked":"ThirdEye","floor":13.0},{"not_picked":["PathToVictory","JustLucky","EmptyFist"],"picked":"SKIP","floor":14},{"not_picked":["Alpha","Ragnarok"],"picked":"Omniscience","floor":16},{"not_picked":["PathToVictory","SashWhip"],"picked":"WheelKick","floor":18},{"not_picked":["FollowUp","CrushJoints"],"picked":"Halt","floor":20},{"not_picked":["Swivel","BowlingBash+1"],"picked":"FlurryOfBlows+1","floor":22},{"not_picked":["Nirvana","Judgement","DeceiveReality"],"picked":"SKIP","floor":24},{"not_picked":["CutThroughFate","Crescendo+1"],"picked":"Ragnarok","floor":29},{"not_picked":["Conclude","JustLucky"],"picked":"Swivel+1","floor":30},{"not_picked":["EmptyMind","Brilliance","Halt"],"picked":"SKIP","floor":31}],"player_experience":924840,"relics_obtained":[{"floor":6.0,"key":"Blue Candle"},{"floor":9.0,"key":"Pen Nib"},{"floor":11.0,"key":"Centennial Puzzle"},{"floor":14,"key":"Pocketwatch"},{"floor":24,"key":"Dream Catcher"},{"floor":26,"key":"TeardropLocket"},{"floor":29,"key":"Mummified Hand"},{"floor":31,"key":"Shovel"}],"event_choices":[{"damage_healed":0.0,"max_hp_gain":0.0,"max_hp_loss":0.0,"gold_gain":0.0,"event_name":"FaceTrader","player_choice":"Trade","floor":4.0,"gold_loss":0.0,"damage_taken":0.0,"relics_obtained":["FaceOfCleric"]},{"damage_healed":0.0,"max_hp_gain":5.0,"max_hp_loss":0.0,"gold_gain":0.0,"event_name":"Big Fish","player_choice":"Donut","floor":12.0,"gold_loss":0.0,"damage_taken":0.0},{"damage_healed":0,"gold_gain":0,"player_choice":"Ignored","damage_taken":0,"max_hp_gain":0,"max_hp_loss":0,"event_name":"The Mausoleum","floor":19,"gold_loss":0},{"damage_healed":0,"gold_gain":0,"player_choice":"Obtained Relic","damage_taken":0,"relics_obtained":["Happy Flower"],"max_hp_gain":0,"max_hp_loss":0,"event_name":"Addict","floor":21,"gold_loss":85}],"is_beta":false,"boss_relics":[{"not_picked":["SlaversCollar","Empty Cage"],"picked":"Runic Pyramid"}],"items_purged_floors":[25],"is_endless":false,"potions_floor_spawned":[6,11,13,16,20,24,30,31],"killed_by":"Automaton","ascension_level":20}}