{"host":"1c52r9kaxdyo25eq","time":1610998221,"event":{"mods":["AchievementEnabler","BaseMod","Minty Spire (QoL Compilation)","Rare Cards Sparkle","SuperFastMode","everything is the same but u backflip on backflip"],"gold_per_floor":[114,114,129,148,159,159,174,185,185,185,201,221,241,257,257,352,352,364,382,239,256,436,436,336,351,429,446,446,446],"floor_reached":28,"language":"KOR","playtime":586,"items_purged":["Defend_P","Strike_P"],"score":220,"play_id":"32455a8e-5b34-44d6-b091-d6b7f91256a4","local_time":"20210119043021","is_ascension_mode":false,"campfire_choices":[{"data":"MentalFortress","floor":6.0,"key":"SMITH"},{"data":"FlurryOfBlows","floor":10.0,"key":"SMITH"},{"data":"Eruption","floor":15.0,"key":"SMITH"},{"floor":23.0,"key":"REST"}],"circlet_count":0,"master_deck":["Strike_P","Strike_P","Strike_P","Defend_P","Defend_P","Eruption+1","Vigilance","EmptyFist","FlurryOfBlows+1","MentalFortress+1","Tantrum","Adaptation"],"relics":["PureWater"],"acts_visited":["Exordium","TheCity"],"potions_floor_usage":[25,27,28,28],"damage_taken":[{"damage":1.0,"enemies":"Cultist","floor":1.0,"turns":4.0},{"damage":5.0,"enemies":"Small Slimes","floor":3.0,"turns":3.0},{"damage":12.0,"enemies":"Jaw Worm","floor":4.0,"turns":2.0},{"damage":0.0,"enemies":"Blue Slaver","floor":5.0,"turns":2.0},{"damage":13.0,"enemies":"Lots of Slimes","floor":7.0,"turns":3.0},{"damage":0.0,"enemies":"3 Louse","floor":8.0,"turns":3.0},{"damage":0.0,"enemies":"Red Slaver","floor":11.0,"turns":2.0},{"damage":13.0,"enemies":"2 Fungi Beasts","floor":12.0,"turns":3.0},{"damage":6.0,"enemies":"3 Louse","floor":13.0,"turns":2.0},{"damage":2.0,"enemies":"Large Slime","floor":14.0,"turns":6.0},{"damage":38.0,"enemies":"The Guardian","floor":16.0,"turns":7.0},{"damage":22.0,"enemies":"2 Thieves","floor":18.0,"turns":3.0},{"damage":6.0,"enemies":"Chosen","floor":19.0,"turns":4.0},{"damage":22.0,"enemies":"3 Cultists","floor":21.0,"turns":4.0},{"damage":4,"enemies":"Snake Plant","floor":25,"turns":5},{"damage":0,"enemies":"Chosen and Byrds","floor":27,"turns":4},{"damage":23,"enemies":"Slavers","floor":28,"turns":3}],"seed_played":"-4543955854802227396","potions_obtained":[{"floor":1.0,"key":"SteroidPotion"},{"floor":5.0,"key":"Regen Potion"},{"floor":7.0,"key":"Ancient Potion"},{"floor":14.0,"key":"Swift Potion"},{"floor":21.0,"key":"Block Potion"},{"floor":25,"key":"EssenceOfSteel"},{"floor":27,"key":"GamblersBrew"}],"is_trial":false,"path_per_floor":["M","?","M","M","M","R","M","M","T","R","M","M","M","M","R","B",null,"M","M","$","M","?","R","$","M","T","M","E"],"character_chosen":"WATCHER","items_purchased":["Adaptation"],"campfire_rested":1,"item_purchase_floors":[20],"current_hp_per_floor":[78,78,73,61,61,61,48,48,48,48,48,35,29,42,42,4,79,57,51,51,29,10,33,33,29,29,29,6,6],"gold":446,"neow_bonus":"TEN_PERCENT_HP_BONUS","is_daily":false,"chose_seed":false,"campfire_upgraded":3,"win_rate":0.0,"timestamp":1610998221,"path_taken":["M","?","M","M","M","R","M","M","T","R","M","?","M","M","R","BOSS","M","?","$","M","?","R","$","M","T","M","E"],"items_purchased_type":["Card"],"build_version":"2020-12-22","purchased_purges":2,"victory":false,"max_hp_per_floor":[79,79,79,79,79,79,79,79,79,79,79,79,79,79,79,79,79,79,79,79,79,79,79,79,79,79,79,79,79],"card_choices":[{"not_picked":["Consecrate","Prostrate"],"picked":"EmptyFist","floor":1.0},{"not_picked":["FlyingSleeves","CutThroughFate"],"picked":"FlurryOfBlows","floor":3.0},{"not_picked":["Prostrate","FollowUp","BowlingBash"],"picked":"SKIP","floor":4.0},{"not_picked":["ThirdEye","EmptyFist"],"picked":"MentalFortress","floor":5.0},{"not_picked":["Indignation","Prostrate","Consecrate"],"picked":"SKIP","floor":7.0},{"not_picked":["SignatureMove","JustLucky"],"picked":"Tantrum","floor":8.0},{"not_picked":["FlurryOfBlows","Study","Nirvana"],"picked":"SKIP","floor":11.0},{"not_picked":["WreathOfFlame","FollowUp","DevaForm"],"picked":"SKIP","floor":12.0},{"not_picked":["Consecrate","EmptyFist","Protect"],"picked":"SKIP","floor":13.0},{"not_picked":["WheelKick","JustLucky","Prostrate"],"picked":"SKIP","floor":14.0},{"not_picked":["PathToVictory+1","EmptyBody","Wallop"],"picked":"SKIP","floor":18.0},{"not_picked":["Vengeance+1","WheelKick+1","Protect"],"picked":"SKIP","floor":19.0},{"not_picked":["WindmillStrike","EmptyFist","CutThroughFate"],"picked":"SKIP","floor":21.0},{"not_picked":["Meditate","Prostrate","Wireheading+1"],"picked":"SKIP","floor":25},{"not_picked":["Prostrate+1","Perseverance","Evaluate"],"picked":"SKIP","floor":27},{"not_picked":["Prostrate+1","Perseverance","Evaluate"],"picked":"SKIP","floor":27},{"not_picked":["Prostrate+1","Perseverance","Evaluate"],"picked":"SKIP","floor":27}],"player_experience":596117,"relics_obtained":[],"event_choices":[{"cards_removed":["Defend_P"],"damage_healed":0.0,"max_hp_gain":0.0,"max_hp_loss":0.0,"gold_gain":0.0,"event_name":"Purifier","player_choice":"Purged","floor":2.0,"gold_loss":0.0,"damage_taken":0.0},{"damage_healed":0.0,"max_hp_gain":0.0,"max_hp_loss":0.0,"gold_gain":180.0,"event_name":"Knowing Skull","player_choice":"GOLD GOLD ","floor":22.0,"potions_obtained":[],"gold_loss":0.0,"damage_taken":19.0,"cards_obtained":[]}],"is_beta":false,"boss_relics":[{"not_picked":["Ectoplasm","Calling Bell","Pandora\u0027s Box"]}],"items_purged_floors":[20,24],"is_endless":false,"potions_floor_spawned":[1,5,7,14,21,25,27],"killed_by":"Slavers","ascension_level":0}}