{"host":"zekcc3vicrep0och","time":1610952758,"event":{"mods":["AchievementEnabler","BaseMod","Colored Map","Colored Powertips","Displayed Cursed Tome","Highlight Path","Minty Spire (QoL Compilation)","Quick Restart","Relic Stats","StSLib","The Cursed"],"gold_per_floor":[110,160,179,179,25,25,53,72,72,89,89,118,118,137,137,212,212,224,224,241,241,241,241],"floor_reached":22,"language":"ENG","playtime":781,"items_purged":["Regret"],"score":359,"play_id":"d592252e-bde0-41dc-a9d6-03775eaa6c15","local_time":"20210118095238","is_ascension_mode":true,"campfire_choices":[{"data":"Eruption","floor":6.0,"key":"SMITH"},{"floor":11.0,"key":"REST"},{"data":"Perseverance","floor":15.0,"key":"SMITH"}],"circlet_count":0,"master_deck":["AscendersBane","Strike_P","Strike_P","Strike_P","Strike_P","Defend_P","Defend_P","Defend_P","Defend_P","Eruption+1","Vigilance","Vengeance","EmptyFist","Evaluate","BowlingBash","SandsOfTime","Halt","Protect","Perseverance+1","Indignation","Devotion","Fasting2+1","InnerPeace"],"relics":["Philosopher\u0027s Stone","Shuriken","Anchor","HornCleat","The Courier","Runic Pyramid","Nilry\u0027s Codex"],"acts_visited":["Exordium","TheCity"],"potions_floor_usage":[16,20,20],"damage_taken":[{"damage":5.0,"enemies":"Small Slimes","floor":1.0,"turns":4.0},{"damage":0.0,"enemies":"Cultist","floor":3.0,"turns":3.0},{"damage":32.0,"enemies":"Gremlin Nob","floor":7.0,"turns":4.0},{"damage":0.0,"enemies":"2 Louse","floor":8.0,"turns":3.0},{"damage":0.0,"enemies":"Blue Slaver","floor":10.0,"turns":3.0},{"damage":6.0,"enemies":"Lagavulin","floor":12.0,"turns":5.0},{"damage":2.0,"enemies":"Looter","floor":14.0,"turns":3.0},{"damage":10,"enemies":"The Guardian","floor":16,"turns":9},{"damage":4,"enemies":"Spheric Guardian","floor":18,"turns":6},{"damage":6,"enemies":"3 Byrds","floor":20,"turns":4},{"damage":0,"enemies":"Snake Plant","floor":22,"turns":3}],"seed_played":"-6985716841915862472","potions_obtained":[{"floor":1.0,"key":"Ancient Potion"},{"floor":8.0,"key":"Block Potion"},{"floor":10.0,"key":"Explosive Potion"},{"floor":12.0,"key":"Weak Potion"},{"floor":18,"key":"SkillPotion"}],"is_trial":false,"path_per_floor":["M","?","M","?","$","R","E","M","T","M","R","E","?","M","R","B",null,"M","?","M","?","M"],"character_chosen":"WATCHER","items_purchased":["Evaluate","BowlingBash"],"campfire_rested":1,"item_purchase_floors":[5,5],"current_hp_per_floor":[56,50,50,50,50,50,18,18,18,18,38,32,32,30,30,20,56,52,31,25,6,6,6],"gold":241,"neow_bonus":"BOSS_RELIC","is_daily":false,"chose_seed":false,"campfire_upgraded":2,"win_rate":0.0,"timestamp":1610952758,"path_taken":["M","?","?","?","$","R","E","M","T","M","R","E","?","M","R","BOSS","M","?","M","?","M"],"items_purchased_type":["Card","Card"],"build_version":"2020-12-22","purchased_purges":1,"victory":false,"max_hp_per_floor":[68,68,68,68,68,68,68,68,68,68,68,68,68,68,68,68,68,68,68,68,73,73,73],"relic_stats":{"counters":[11,47],"Shuriken":[5],"obtain_stats":[{"Anchor":7,"HornCleat":9,"Shuriken":4,"Nilry\u0027s Codex":19,"Philosopher\u0027s Stone":0,"The Courier":12,"PureWater":0,"Runic Pyramid":17},{"Anchor":3,"HornCleat":4,"Shuriken":2,"Nilry\u0027s Codex":9,"Philosopher\u0027s Stone":0,"The Courier":6,"PureWater":0,"Runic Pyramid":8},{"Anchor":11,"HornCleat":14,"Shuriken":7,"Nilry\u0027s Codex":40,"Philosopher\u0027s Stone":0,"The Courier":22,"PureWater":0,"Runic Pyramid":34}]},"card_choices":[{"not_picked":["Worship","EmptyBody"],"picked":"Vengeance","floor":1.0},{"not_picked":["PathToVictory","Prostrate"],"picked":"EmptyFist","floor":3.0},{"not_picked":["Adaptation","Swivel"],"picked":"SandsOfTime","floor":7.0},{"not_picked":["Study","EmptyFist"],"picked":"Halt","floor":8.0},{"not_picked":["SpiritShield","EmptyBody"],"picked":"Protect","floor":10.0},{"not_picked":["EmptyFist","Evaluate"],"picked":"Perseverance","floor":12.0},{"not_picked":["SandsOfTime","Fasting2"],"picked":"Indignation","floor":14.0},{"not_picked":["Blasphemy","Alpha"],"picked":"Devotion","floor":16},{"not_picked":["FlurryOfBlows","CrushJoints"],"picked":"Fasting2+1","floor":18},{"not_picked":["CutThroughFate","Consecrate"],"picked":"InnerPeace","floor":20}],"player_experience":542367,"relics_obtained":[{"floor":7.0,"key":"Anchor"},{"floor":9.0,"key":"HornCleat"},{"floor":12.0,"key":"The Courier"}],"event_choices":[{"damage_healed":0.0,"max_hp_gain":0.0,"max_hp_loss":0.0,"gold_gain":50.0,"event_name":"FaceTrader","player_choice":"Touch","floor":2.0,"gold_loss":0.0,"damage_taken":6.0},{"damage_healed":0.0,"max_hp_gain":0.0,"max_hp_loss":0.0,"gold_gain":0.0,"event_name":"Big Fish","player_choice":"Box","floor":4.0,"gold_loss":0.0,"damage_taken":0.0,"relics_obtained":["Shuriken"],"cards_obtained":["Regret"]},{"damage_healed":0.0,"max_hp_gain":0.0,"max_hp_loss":0.0,"gold_gain":0.0,"event_name":"Liars Game","player_choice":"Ignored","floor":13.0,"gold_loss":0.0,"damage_taken":0.0},{"damage_healed":0,"gold_gain":0,"player_choice":"Obtained Book","damage_taken":21,"max_hp_gain":0,"max_hp_loss":0,"event_name":"Cursed Tome","floor":19,"gold_loss":0},{"damage_healed":0,"gold_gain":0,"player_choice":"Shed Blood","damage_taken":24,"max_hp_gain":5,"max_hp_loss":0,"event_name":"Forgotten Altar","floor":21,"gold_loss":0}],"is_beta":false,"boss_relics":[{"not_picked":["Fusion Hammer","Runic Dome"],"picked":"Runic Pyramid"}],"items_purged_floors":[5],"is_endless":false,"potions_floor_spawned":[1,8,10,12,18],"killed_by":"Snake Plant","ascension_level":17}}