{"host":"684z1xpuwaoqmmh1","time":1610994283,"event":{"mods":["Bard","BaseMod","Downfall","Hermit","Jorbs\u0027s Wanderer Trilogy","Marisa????????","Minty Spire (QoL Compilation)","Robot Space Explorer","Shade Mod","StSLib","The Bug Knight","The Cursed","The Hayseed","The Hierophant","The Marked","The Mystic","The Runesmith","The Senshi","The Spell Scribe"],"gold_per_floor":[118,118,132,152,167,199,199,199,199,211,223,278,290,321,333,475,487,517,553,565,600,625,637,690,702,714,740,785,810,822,200,200,321,321,335,335,356,417,417,461,461,477,503,534,559,600,625,663,663,663,663,663,40,80,80],"floor_reached":56,"language":"ENG","playtime":3015,"items_purged":["RobotSpaceExplorer:Strike","RobotSpaceExplorer:Strike"],"score":1851,"play_id":"c525b059-7754-4f17-ba5f-c60325464d32","local_time":"20210118202443","is_ascension_mode":true,"campfire_choices":[{"floor":8,"key":"REST"},{"data":"RobotSpaceExplorer:MiniBoosters","floor":10,"key":"SMITH"},{"data":"RobotSpaceExplorer:Fix","floor":13,"key":"SMITH"},{"data":"RobotSpaceExplorer:MiniDrones","floor":15,"key":"SMITH"},{"data":"RobotSpaceExplorer:ShockMissile","floor":23,"key":"SMITH"},{"data":"RobotSpaceExplorer:ToxicBomb","floor":25,"key":"SMITH"},{"data":"RobotSpaceExplorer:Multitool","floor":30,"key":"SMITH"},{"data":"RobotSpaceExplorer:MiniBoosters","floor":32,"key":"SMITH"},{"floor":41,"key":"RECALL"},{"data":"RobotSpaceExplorer:Reload","floor":49,"key":"SMITH"},{"data":"RobotSpaceExplorer:ChargingLaser","floor":52,"key":"SMITH"}],"circlet_count":0,"master_deck":["AscendersBane","RobotSpaceExplorer:Strike+1","RobotSpaceExplorer:Strike","RobotSpaceExplorer:Defend","RobotSpaceExplorer:Defend+1","RobotSpaceExplorer:Defend","RobotSpaceExplorer:Defend","RobotSpaceExplorer:Scan","RobotSpaceExplorer:MiniLasers+1","RobotSpaceExplorer:SurgingShield+1","RobotSpaceExplorer:ScrapToss","RobotSpaceExplorer:MiniBoosters+1","RobotSpaceExplorer:SurgingStrike","RobotSpaceExplorer:Fix+1","RobotSpaceExplorer:MiniDrones+1","RobotSpaceExplorer:ShockMissile+1","RobotSpaceExplorer:PowerCollector+1","RobotSpaceExplorer:PowerCollector+1","RobotSpaceExplorer:MiniBoosters+1","RobotSpaceExplorer:Reload+1","RobotSpaceExplorer:ScrapToss+1","RobotSpaceExplorer:ToxicBomb+1","RobotSpaceExplorer:Multitool+1","RobotSpaceExplorer:Probe+1","RobotSpaceExplorer:MiniBoosters+1","RobotSpaceExplorer:Reload+1","Panache","RobotSpaceExplorer:ChargingLaser","RobotSpaceExplorer:PlasmaMissile+1","RobotSpaceExplorer:GearShield+1","Flash of Steel","Finesse+1","Thinking Ahead","RobotSpaceExplorer:LuckyStrike+1","RobotSpaceExplorer:Jetpack+1","RobotSpaceExplorer:ChargingLaser+1","RobotSpaceExplorer:MiniDrones+1","RobotSpaceExplorer:ScrapToss","RobotSpaceExplorer:Reload+1","RobotSpaceExplorer:Autoloader"],"relics":["RobotSpaceExplorer:TurboCore","RobotSpaceExplorer:FoglandsKnife","Golden Idol","MawBank","Question Card","Mummified Hand","Lizard Tail","Meat on the Bone","Blue Candle","Philosopher\u0027s Stone","CatCart","StrikeDummy","Turnip","Bronze Scales","The Courier","Calipers","War Paint","Lantern","Blood Vial"],"acts_visited":["Exordium","TheCity","TheBeyond","TheEnding"],"potions_floor_usage":[6,12,24,28,50,55,55,55],"damage_taken":[{"damage":2,"enemies":"Small Slimes","floor":1,"turns":5},{"damage":2,"enemies":"Jaw Worm","floor":3,"turns":5},{"damage":0,"enemies":"Cultist","floor":4,"turns":3},{"damage":2,"enemies":"Large Slime","floor":5,"turns":8},{"damage":21,"enemies":"Gremlin Nob","floor":6,"turns":4},{"damage":10,"enemies":"3 Sentries","floor":12,"turns":6},{"damage":0,"enemies":"Exordium Wildlife","floor":14,"turns":4},{"damage":19,"enemies":"Slime Boss","floor":16,"turns":6},{"damage":8,"enemies":"Shell Parasite","floor":18,"turns":3},{"damage":0,"enemies":"Spheric Guardian","floor":19,"turns":3},{"damage":11,"enemies":"Cultist and Chosen","floor":21,"turns":4},{"damage":9,"enemies":"Centurion and Healer","floor":22,"turns":5},{"damage":7,"enemies":"Gremlin Leader","floor":24,"turns":4},{"damage":5,"enemies":"3 Cultists","floor":27,"turns":4},{"damage":9,"enemies":"Slavers","floor":28,"turns":3},{"damage":18,"enemies":"Sentry and Sphere","floor":29,"turns":5},{"damage":1,"enemies":"Automaton","floor":33,"turns":5},{"damage":1,"enemies":"Orb Walker","floor":35,"turns":3},{"damage":8,"enemies":"3 Shapes","floor":37,"turns":3},{"damage":0,"enemies":"Orin","floor":38,"turns":7},{"damage":0,"enemies":"Nemesis","floor":40,"turns":5},{"damage":0,"enemies":"Spire Growth","floor":42,"turns":3},{"damage":1,"enemies":"Giant Head","floor":44,"turns":5},{"damage":0,"enemies":"Sphere and 2 Shapes","floor":45,"turns":3},{"damage":22,"enemies":"Reptomancer","floor":46,"turns":4},{"damage":0,"enemies":"Transient","floor":47,"turns":5},{"damage":9,"enemies":"Giant Head","floor":48,"turns":5},{"damage":17,"enemies":"Time Eater","floor":50,"turns":8},{"damage":108,"enemies":"Shield and Spear","floor":54,"turns":5},{"damage":97,"enemies":"The Heart","floor":55,"turns":6}],"seed_played":"-3280979770327141344","potions_obtained":[{"floor":1,"key":"DuplicationPotion"},{"floor":3,"key":"Strength Potion"},{"floor":6,"key":"bronze:BurnAndBuffPotion"},{"floor":19,"key":"champ:CounterPotion"},{"floor":21,"key":"champ:CounterPotion"},{"floor":24,"key":"DistilledChaos"},{"floor":33,"key":"LiquidBronze"},{"floor":38,"key":"SkillPotion"},{"floor":40,"key":"SpeedPotion"}],"is_trial":false,"path_per_floor":["M","?","M","M","M","E","?","R","T","R","?","E","R","M","R","B",null,"M","M","?","M","M","R","E","R","T","M","E","M","R","$","R","B",null,"M","?","M","?","?","E","R","M","T","E","M","E","M","E","R","B",null,"R","$","E","B",null],"character_chosen":"RobotSpaceExplorer","items_purchased":["RobotSpaceExplorer:MiniBoosters","RobotSpaceExplorer:Reload","Blue Candle","Panache","Calipers","War Paint","DuplicationPotion","Lantern"],"campfire_rested":1,"item_purchase_floors":[31,31,31,31,53,53,53,53],"current_hp_per_floor":[73,57,55,55,53,32,32,54,54,54,54,44,44,50,50,37,66,64,70,70,65,62,62,61,61,61,62,59,47,47,47,47,52,70,75,75,67,73,63,69,69,69,69,74,76,54,60,57,57,46,69,69,69,30,28],"gold":80,"neow_bonus":"TEN_PERCENT_HP_BONUS","is_daily":false,"chose_seed":false,"campfire_upgraded":9,"win_rate":0.0,"timestamp":1610994283,"path_taken":["M","?","M","M","M","E","?","R","T","R","?","E","R","M","R","BOSS","M","M","?","M","M","R","E","R","T","?","E","M","R","$","R","BOSS","M","?","M","?","?","E","R","M","T","E","?","E","M","E","R","BOSS","R","$","E","BOSS"],"items_purchased_type":["Card","Card","Relic","Card","Relic","Relic","Potion","Relic"],"build_version":"2020-12-22","purchased_purges":2,"victory":true,"max_hp_per_floor":[82,82,82,82,82,82,76,76,76,76,76,76,76,76,76,76,76,76,76,76,76,76,76,76,76,76,76,76,76,76,76,76,76,76,76,76,76,76,76,76,76,76,76,76,76,76,76,76,76,76,76,76,76,76,76],"card_choices":[{"not_picked":["RobotSpaceExplorer:Electroshield","RobotSpaceExplorer:Reload"],"picked":"RobotSpaceExplorer:SurgingShield","floor":1},{"not_picked":["RobotSpaceExplorer:DoubleFind","RobotSpaceExplorer:Ammunition"],"picked":"RobotSpaceExplorer:ScrapToss","floor":3},{"not_picked":["RobotSpaceExplorer:TurboDodge","RobotSpaceExplorer:Counterblock"],"picked":"RobotSpaceExplorer:MiniBoosters","floor":4},{"not_picked":["RobotSpaceExplorer:MetalStrike","RobotSpaceExplorer:GlueShot"],"picked":"RobotSpaceExplorer:SurgingStrike","floor":5},{"not_picked":["RobotSpaceExplorer:ImprovisedAttack","RobotSpaceExplorer:SwiftStep","RobotSpaceExplorer:SlimeMissile"],"picked":"SKIP","floor":6},{"not_picked":["RobotSpaceExplorer:Blitz","RobotSpaceExplorer:Wormhole"],"picked":"RobotSpaceExplorer:Fix","floor":12},{"not_picked":["RobotSpaceExplorer:TurboDodge","RobotSpaceExplorer:Smokescreen","RobotSpaceExplorer:Counterblock"],"picked":"RobotSpaceExplorer:MiniDrones","floor":14},{"not_picked":["RobotSpaceExplorer:Wormhole","RobotSpaceExplorer:Asteroid","RobotSpaceExplorer:Blaster"],"picked":"RobotSpaceExplorer:ShockMissile","floor":16},{"not_picked":["RobotSpaceExplorer:SlimeMissile","RobotSpaceExplorer:Electroshield","RobotSpaceExplorer:FreezingShield"],"picked":"RobotSpaceExplorer:PowerCollector+1","floor":18},{"not_picked":["RobotSpaceExplorer:Probe","RobotSpaceExplorer:RigExplosive","RobotSpaceExplorer:FrostMissile"],"picked":"RobotSpaceExplorer:PowerCollector+1","floor":19},{"not_picked":["RobotSpaceExplorer:FreezeRay+1","RobotSpaceExplorer:ShockKick+1","RobotSpaceExplorer:GearShield"],"picked":"RobotSpaceExplorer:Reload+1","floor":21},{"not_picked":["RobotSpaceExplorer:Pulsar","RobotSpaceExplorer:MetalStrike","RobotSpaceExplorer:JunkDive"],"picked":"RobotSpaceExplorer:ScrapToss+1","floor":22},{"not_picked":["RobotSpaceExplorer:FranticSearch","RobotSpaceExplorer:Discharger","RobotSpaceExplorer:Counterblock+1"],"picked":"RobotSpaceExplorer:ToxicBomb","floor":24},{"not_picked":["RobotSpaceExplorer:Calculate","RobotSpaceExplorer:MetalStrike+1","RobotSpaceExplorer:ImprovisedAttack","RobotSpaceExplorer:PowerGlove+1"],"picked":"SKIP","floor":27},{"not_picked":["RobotSpaceExplorer:FranticSearch","RobotSpaceExplorer:StunGrenade+1","RobotSpaceExplorer:DoubleFind"],"picked":"RobotSpaceExplorer:Multitool","floor":28},{"not_picked":["RobotSpaceExplorer:SwiftStep","RobotSpaceExplorer:FrostMissile+1","RobotSpaceExplorer:Electropulse"],"picked":"RobotSpaceExplorer:Probe+1","floor":29},{"not_picked":["RobotSpaceExplorer:Blaster","RobotSpaceExplorer:Multitool","RobotSpaceExplorer:Arsenal"],"picked":"RobotSpaceExplorer:ChargingLaser","floor":33},{"not_picked":["RobotSpaceExplorer:SwiftStep+1","RobotSpaceExplorer:FranticSearch+1","RobotSpaceExplorer:FrostMissile"],"picked":"RobotSpaceExplorer:PlasmaMissile+1","floor":35},{"not_picked":["RobotSpaceExplorer:ShockKick","RobotSpaceExplorer:SwiftStep","RobotSpaceExplorer:ShovelStrike","RobotSpaceExplorer:GlueShot"],"picked":"SKIP","floor":37},{"not_picked":["RobotSpaceExplorer:ShockKick+1","RobotSpaceExplorer:BigMissile+1","RobotSpaceExplorer:JunkDive"],"picked":"RobotSpaceExplorer:GearShield+1","floor":38},{"not_picked":["Forethought","Mind Blast","Secret Weapon"],"picked":"Flash of Steel","floor":39},{"not_picked":["PanicButton","Forethought","Jack Of All Trades"],"picked":"Finesse","floor":39},{"not_picked":["Metamorphosis","Transmutation","Purity"],"picked":"Thinking Ahead","floor":39},{"not_picked":["RobotSpaceExplorer:FrostMissile","RobotSpaceExplorer:Pulsar+1","RobotSpaceExplorer:StunGrenade","RobotSpaceExplorer:SurgingStrike+1"],"picked":"SKIP","floor":40},{"not_picked":["RobotSpaceExplorer:ShovelStrike+1","RobotSpaceExplorer:ImprovisedAttack+1","RobotSpaceExplorer:GearShield+1"],"picked":"RobotSpaceExplorer:LuckyStrike+1","floor":42},{"not_picked":["RobotSpaceExplorer:Discharger+1","RobotSpaceExplorer:Probe","RobotSpaceExplorer:FranticSearch"],"picked":"RobotSpaceExplorer:Jetpack+1","floor":44},{"not_picked":["RobotSpaceExplorer:FranticSearch","RobotSpaceExplorer:MiniDrones+1","RobotSpaceExplorer:ScrapMissile"],"picked":"RobotSpaceExplorer:ChargingLaser","floor":45},{"not_picked":["RobotSpaceExplorer:ScrapMissile+1","RobotSpaceExplorer:Pulsar","RobotSpaceExplorer:Discharger"],"picked":"RobotSpaceExplorer:MiniDrones+1","floor":46},{"not_picked":["RobotSpaceExplorer:FranticSearch","RobotSpaceExplorer:MetalStrike","RobotSpaceExplorer:SurgingShield+1"],"picked":"RobotSpaceExplorer:ScrapToss","floor":47},{"not_picked":["RobotSpaceExplorer:JunkDive","RobotSpaceExplorer:Ammunition","RobotSpaceExplorer:MetalStrike+1"],"picked":"RobotSpaceExplorer:Reload+1","floor":48},{"not_picked":["RobotSpaceExplorer:Pulsar+1","RobotSpaceExplorer:Counterblock+1","RobotSpaceExplorer:Reload+1"],"picked":"RobotSpaceExplorer:Autoloader","floor":54}],"player_experience":2898347,"relics_obtained":[{"floor":6,"key":"RobotSpaceExplorer:FoglandsKnife"},{"floor":9,"key":"MawBank"},{"floor":12,"key":"Question Card"},{"floor":24,"key":"Mummified Hand"},{"floor":26,"key":"Lizard Tail"},{"floor":28,"key":"Meat on the Bone"},{"floor":38,"key":"CatCart"},{"floor":40,"key":"StrikeDummy"},{"floor":44,"key":"Turnip"},{"floor":46,"key":"Bronze Scales"},{"floor":48,"key":"The Courier"},{"floor":54,"key":"Blood Vial"}],"event_choices":[{"damage_healed":0,"gold_gain":0,"player_choice":"Entered Light","damage_taken":16,"max_hp_gain":0,"max_hp_loss":0,"event_name":"Shining Light","floor":2,"gold_loss":0,"cards_upgraded":["RobotSpaceExplorer:Strike","RobotSpaceExplorer:Defend"]},{"damage_healed":0,"gold_gain":0,"player_choice":"Lose Max HP","damage_taken":0,"relics_obtained":["Golden Idol"],"max_hp_gain":0,"max_hp_loss":6,"event_name":"Golden Idol","floor":7,"gold_loss":0},{"damage_healed":0,"gold_gain":0,"player_choice":"Grow","damage_taken":0,"max_hp_gain":0,"max_hp_loss":0,"event_name":"Living Wall","floor":11,"gold_loss":0,"cards_upgraded":["RobotSpaceExplorer:MiniLasers"]},{"damage_healed":0,"gold_gain":0,"player_choice":"Copied","damage_taken":0,"max_hp_gain":0,"max_hp_loss":0,"event_name":"Duplicator","floor":20,"gold_loss":0,"cards_obtained":["RobotSpaceExplorer:MiniBoosters"]},{"damage_healed":0,"gold_gain":0,"player_choice":"Ignored","damage_taken":0,"max_hp_gain":0,"max_hp_loss":0,"event_name":"Tomb of Lord Red Mask","floor":36,"gold_loss":0},{"damage_healed":0,"gold_gain":0,"player_choice":"Fight","damage_taken":0,"max_hp_gain":0,"max_hp_loss":0,"event_name":"OrinTheCat","floor":38,"gold_loss":0},{"damage_healed":0,"gold_gain":0,"player_choice":"Memory 3","damage_taken":10,"max_hp_gain":0,"max_hp_loss":0,"event_name":"SensoryStone","floor":39,"gold_loss":0}],"is_beta":false,"boss_relics":[{"not_picked":["Sozu","RobotSpaceExplorer:Reprocessor"],"picked":"RobotSpaceExplorer:TurboCore"},{"not_picked":["Runesmith:UraniumAnvil","RobotSpaceExplorer:SearchSpecs"],"picked":"Philosopher\u0027s Stone"}],"items_purged_floors":[31,53],"is_endless":false,"potions_floor_spawned":[1,3,6,19,21,24,33,37,38,40,45,46],"ascension_level":10}}