{"host":"2hea6pl5vmah38iy","time":1610999848,"event":{"mods":["AchievementEnabler","BaseMod","Colored Map","DeckTracker","Keyboard Shortcuts","Minty Spire (QoL Compilation)","Rare Cards Sparkle","StSLib","SuperFastMode","everything is the same but u backflip on backflip"],"gold_per_floor":[109,128,138,138,152,33,44,55,55,55,65,100,100,113,113,187,187,203,203,213,213,213],"floor_reached":21,"language":"KOR","playtime":748,"items_purged":["Strike_P"],"score":423,"play_id":"c045a814-2427-4d50-b1ad-014a8414980d","local_time":"20210119045728","is_ascension_mode":true,"campfire_choices":[{"data":"Adaptation","floor":10,"key":"SMITH"},{"data":"Eruption","floor":15,"key":"SMITH"}],"circlet_count":0,"master_deck":["AscendersBane","Strike_P","Strike_P","Defend_P","Defend_P","Defend_P+1","Eruption+1","Vigilance","Adaptation+1","EmptyMind","WheelKick","CrushJoints","Tantrum","SandsOfTime","FlurryOfBlows","LessonLearned+1","Crescendo","Fasting2"],"relics":["Coffee Dripper","Kunai","Tiny Chest","Runic Pyramid"],"acts_visited":["Exordium","TheCity"],"potions_floor_usage":[12,20,21,21],"damage_taken":[{"damage":0,"enemies":"Cultist","floor":1,"turns":4},{"damage":0,"enemies":"Small Slimes","floor":2,"turns":3},{"damage":7,"enemies":"Jaw Worm","floor":3,"turns":4},{"damage":2,"enemies":"2 Fungi Beasts","floor":5,"turns":2},{"damage":13,"enemies":"Large Slime","floor":7,"turns":3},{"damage":16,"enemies":"Exordium Wildlife","floor":8,"turns":3},{"damage":2,"enemies":"3 Louse","floor":11,"turns":2},{"damage":2,"enemies":"3 Sentries","floor":12,"turns":5},{"damage":2,"enemies":"Large Slime","floor":14,"turns":3},{"damage":0,"enemies":"Slime Boss","floor":16,"turns":3},{"damage":16,"enemies":"Shell Parasite","floor":18,"turns":4},{"damage":22,"enemies":"2 Thieves","floor":20,"turns":3},{"damage":10,"enemies":"Centurion and Healer","floor":21,"turns":2}],"seed_played":"7718011812105120888","potions_obtained":[{"floor":2,"key":"ColorlessPotion"},{"floor":3,"key":"BottledMiracle"},{"floor":14,"key":"Weak Potion"},{"floor":18,"key":"AttackPotion"},{"floor":20,"key":"DuplicationPotion"}],"is_trial":false,"path_per_floor":["M","M","M","?","M","$","M","M","T","R","M","E","?","M","R","B",null,"M","?","M","M"],"character_chosen":"WATCHER","items_purchased":["Tantrum"],"campfire_rested":0,"item_purchase_floors":[6],"current_hp_per_floor":[61,61,54,59,57,57,44,28,28,28,26,24,24,22,22,22,60,44,44,22,12,12],"gold":213,"neow_bonus":"BOSS_RELIC","is_daily":false,"chose_seed":false,"campfire_upgraded":2,"win_rate":0.0,"timestamp":1610999848,"path_taken":["M","?","M","?","M","$","M","M","T","R","M","E","?","M","R","BOSS","M","?","M","M"],"items_purchased_type":["Card"],"build_version":"2020-12-22","purchased_purges":1,"victory":false,"max_hp_per_floor":[68,68,68,73,73,73,73,73,73,73,73,73,73,73,73,73,73,73,73,73,73,73],"card_choices":[{"not_picked":["Halt","Pray"],"picked":"Adaptation","floor":1},{"not_picked":["Pray","FollowUp"],"picked":"EmptyMind","floor":2},{"not_picked":["Evaluate","CrushJoints"],"picked":"WheelKick","floor":3},{"not_picked":["BowlingBash","JustLucky"],"picked":"CrushJoints","floor":5},{"not_picked":["CutThroughFate","FlyingSleeves","BattleHymn"],"picked":"SKIP","floor":7},{"not_picked":["FollowUp","Protect"],"picked":"SandsOfTime","floor":8},{"not_picked":["TalkToTheHand","ThirdEye","Study"],"picked":"SKIP","floor":11},{"not_picked":["SandsOfTime","WheelKick"],"picked":"FlurryOfBlows","floor":12},{"not_picked":["MasterReality","BowlingBash","JustLucky"],"picked":"SKIP","floor":14},{"not_picked":["Omniscience","MasterReality"],"picked":"LessonLearned","floor":16},{"not_picked":["JustLucky","Protect","ThirdEye"],"picked":"SKIP","floor":18},{"not_picked":["EmptyBody","FlurryOfBlows","CrushJoints"],"picked":"SKIP","floor":20}],"player_experience":497500,"relics_obtained":[{"floor":9,"key":"Kunai"},{"floor":12,"key":"Tiny Chest"}],"event_choices":[{"damage_healed":0,"gold_gain":0,"player_choice":"Donut","damage_taken":0,"max_hp_gain":5,"max_hp_loss":0,"event_name":"Big Fish","floor":4,"gold_loss":0},{"damage_healed":0,"gold_gain":0,"player_choice":"Ignored","damage_taken":0,"max_hp_gain":0,"max_hp_loss":0,"event_name":"Liars Game","floor":13,"gold_loss":0},{"damage_healed":0,"gold_gain":0,"cards_transformed":["Strike_P","Defend_P"],"player_choice":"Became Test Subject","damage_taken":0,"max_hp_gain":0,"max_hp_loss":0,"event_name":"Drug Dealer","floor":19,"gold_loss":0,"cards_obtained":["Crescendo","Fasting2"]}],"is_beta":false,"boss_relics":[{"not_picked":["Empty Cage","Runic Dome"],"picked":"Runic Pyramid"}],"items_purged_floors":[6],"is_endless":false,"potions_floor_spawned":[2,3,5,14,18,20],"killed_by":"Centurion and Healer","ascension_level":16}}