{"host":"rjfefv2ruvigm2gb","time":1610978860,"event":{"mods":["AchievementEnabler","AlwaysNeverKeys","Arknights The Spire","BaseMod","Card Forge","Curses Come First","Displayed Cursed Tome","Evolution","Fox Events","Gold Saver","Googly Eyes","HexUI Lib","Ironclad Rager","Mad Scientist","Minty Spire (QoL Compilation)","Permanent Neow","Poor People Problems","Quick Restart","Shop Mod","StS++","StSLib","SuperFastMode","The Sage","Virulent Crown"],"gold_per_floor":[115,115,127,127,147,174,174,191,191,191,39,39,114,114,114,218,218,235,235,252,351,351,381,381,401,471,500,517,530,545,556,556,652,652,670,670,670,670,670,670,683,696,746,761,761,775,775,775,775,775,775,775,620,648,648],"floor_reached":56,"language":"ENG","playtime":1089,"items_purged":[],"score":1967,"play_id":"c81fe6d9-3153-4ed6-8717-9bc1bd6cc1b7","local_time":"20210118080740","is_ascension_mode":true,"campfire_choices":[{"floor":7.0,"key":"REST"},{"floor":10.0,"key":"REST"},{"floor":15.0,"key":"REST"},{"floor":24.0,"key":"REST"},{"floor":32,"key":"REST"},{"floor":45,"key":"REST"},{"floor":49,"key":"REST"},{"floor":52,"key":"REST"}],"circlet_count":0,"master_deck":["Catalyst+1","Catalyst+1","Catalyst+1","Catalyst+1","Adrenaline+1","Adrenaline+1","Catalyst+1","Catalyst+1","Catalyst+1","Adrenaline+1","Adrenaline+1","Deadly Poison+1","Corpse Explosion+1"],"relics":["Ring of the Snake","Hammer of Thor","Seething Fire","Anvil of the Gods","EVO:Axolotl","FossilizedHelix","TungstenRod","TwistedFunnel","StSpp:GiftCard","sagemod:Red_Beast_Statue","Ginger","Fusion Hammer","Regal Pillow","Strange Spoon","Akabeko"],"acts_visited":["Exordium","TheCity","TheBeyond","TheEnding"],"potions_floor_usage":[31],"damage_taken":[{"damage":0.0,"enemies":"Small Slimes","floor":1.0,"turns":1.0},{"damage":0.0,"enemies":"2 Louse","floor":3.0,"turns":1.0},{"damage":0.0,"enemies":"Cultist","floor":5.0,"turns":1.0},{"damage":7.0,"enemies":"3 Sentries","floor":6.0,"turns":3.0},{"damage":0.0,"enemies":"Exordium Thugs","floor":8.0,"turns":1.0},{"damage":0.0,"enemies":"Hexaghost","floor":16.0,"turns":1.0},{"damage":0.0,"enemies":"Chosen","floor":18.0,"turns":1.0},{"damage":0.0,"enemies":"Shell Parasite","floor":20.0,"turns":1.0},{"damage":19.0,"enemies":"Slavers","floor":23.0,"turns":5.0},{"damage":0.0,"enemies":"Snake Plant","floor":25.0,"turns":1.0},{"damage":0.0,"enemies":"Gremlin Leader","floor":27.0,"turns":1.0},{"damage":0.0,"enemies":"Shelled Parasite and Fungi","floor":28.0,"turns":1.0},{"damage":0.0,"enemies":"Centurion and Healer","floor":29.0,"turns":1.0},{"damage":0.0,"enemies":"Snecko","floor":30.0,"turns":1.0},{"damage":0,"enemies":"Sentry and Sphere","floor":31,"turns":1},{"damage":0,"enemies":"Collector","floor":33,"turns":1},{"damage":0,"enemies":"3 Shapes","floor":35,"turns":1},{"damage":0,"enemies":"3 Darklings","floor":41,"turns":1},{"damage":0,"enemies":"Maw","floor":42,"turns":1},{"damage":0,"enemies":"Writhing Mass","floor":44,"turns":1},{"damage":0,"enemies":"Jaw Worm Horde","floor":46,"turns":1},{"damage":0,"enemies":"Awakened One","floor":50,"turns":2},{"damage":0,"enemies":"Shield and Spear","floor":54,"turns":1},{"damage":68,"enemies":"The Heart","floor":55,"turns":3}],"seed_played":"1192218203134863891","potions_obtained":[{"floor":1.0,"key":"Block Potion"},{"floor":27.0,"key":"Strength Potion"},{"floor":29.0,"key":"DuplicationPotion"},{"floor":30.0,"key":"DuplicationPotion"},{"floor":31,"key":"Regen Potion"}],"is_trial":false,"path_per_floor":["M","?","M","?","M","E","R","M","T","R","$","?","?","$","R","B",null,"M","?","M","?","?","E","R","M","T","E","M","M","M","M","R","B",null,"M","$","?","?","?","?","M","M","T","M","R","M","?","$","R","B",null,"R","$","E","B",null],"character_chosen":"THE_SILENT","items_purchased":["TwistedFunnel","Strange Spoon"],"campfire_rested":8,"item_purchase_floors":[11,53],"current_hp_per_floor":[63,63,63,63,63,56,70,70,70,70,70,70,60,60,70,70,70,70,58,58,58,53,34,56,56,56,56,56,56,56,56,75,75,75,75,75,71,71,71,71,71,71,71,71,71,71,71,71,71,71,71,71,71,71,3],"gold":648,"neow_bonus":"THREE_CARDS","is_daily":false,"chose_seed":false,"campfire_upgraded":0,"win_rate":0.0,"timestamp":1610978860,"path_taken":["M","?","M","?","?","E","R","M","T","R","$","?","?","$","R","BOSS","M","?","M","?","?","E","R","M","T","E","M","?","M","M","R","BOSS","M","$","?","?","?","?","M","M","T","M","R","?","?","$","R","BOSS","R","$","E","BOSS"],"items_purchased_type":["Relic","Relic"],"build_version":"2020-12-22","purchased_purges":0,"victory":true,"max_hp_per_floor":[70,70,70,70,70,70,70,70,70,70,70,70,70,70,70,70,70,70,75,75,75,75,75,75,75,75,75,75,75,75,75,75,75,75,75,75,71,71,71,71,71,71,71,71,71,71,71,71,71,71,71,71,71,71,71],"card_choices":[{"not_picked":["Backflip","Acrobatics"],"picked":"Prepared","floor":0.0},{"not_picked":["Finisher","Dagger Spray","StSpp:Dive"],"picked":"SKIP","floor":1.0},{"not_picked":["Cloak And Dagger","Acrobatics","Poisoned Stab"],"picked":"SKIP","floor":3.0},{"not_picked":["Outmaneuver","Blade Dance","StSpp:Dive"],"picked":"SKIP","floor":5.0},{"not_picked":["Slice","Well Laid Plans","Riddle With Holes"],"picked":"SKIP","floor":6.0},{"not_picked":["Deflect","Dagger Throw","Grand Finale"],"picked":"SKIP","floor":8.0},{"not_picked":["Backflip","Caltrops+1","Underhanded Strike+1"],"picked":"SKIP","floor":18.0},{"not_picked":["Poisoned Stab+1","Accuracy","Blur"],"picked":"SKIP","floor":20.0},{"not_picked":["StSpp:ChainedTrap+1","Flying Knee+1","Burst"],"picked":"SKIP","floor":23.0},{"not_picked":["StSpp:Throw","Slice","Masterful Stab"],"picked":"SKIP","floor":25.0},{"not_picked":["Dodge and Roll+1","Infinite Blades","Tactician"],"picked":"SKIP","floor":27.0},{"not_picked":["Acrobatics+1","Flying Knee","PiercingWail"],"picked":"SKIP","floor":28.0},{"not_picked":["PiercingWail","Outmaneuver+1","Dagger Throw"],"picked":"SKIP","floor":29.0},{"not_picked":["Choke","Deadly Poison+1","Escape Plan"],"picked":"SKIP","floor":30.0},{"not_picked":["StSpp:PoisonousPunch","Slice","Catalyst"],"picked":"SKIP","floor":31},{"not_picked":["Dagger Spray","Prepared+1","Dagger Throw"],"picked":"SKIP","floor":35},{"not_picked":["Sucker Punch","Grand Finale","Dagger Throw+1"],"picked":"SKIP","floor":41},{"not_picked":["Prepared","Acrobatics","Backflip"],"picked":"SKIP","floor":42},{"not_picked":["Prepared","Setup","Escape Plan+1"],"picked":"SKIP","floor":44},{"not_picked":["Deflect","All Out Attack+1","Flying Knee+1"],"picked":"SKIP","floor":46},{"not_picked":["Well Laid Plans+1","Poisoned Stab+1","Flying Knee+1"],"picked":"SKIP","floor":54}],"player_experience":994997,"relics_obtained":[{"floor":6.0,"key":"FossilizedHelix"},{"floor":9.0,"key":"TungstenRod"},{"floor":23.0,"key":"StSpp:GiftCard"},{"floor":26.0,"key":"sagemod:Red_Beast_Statue"},{"floor":27.0,"key":"Ginger"},{"floor":43,"key":"Regal Pillow"},{"floor":54,"key":"Akabeko"}],"event_choices":[{"damage_healed":0.0,"max_hp_gain":0.0,"max_hp_loss":0.0,"gold_gain":0.0,"event_name":"The Cleric","player_choice":"Leave","floor":2.0,"gold_loss":0.0,"damage_taken":0.0},{"damage_healed":0.0,"max_hp_gain":0.0,"max_hp_loss":0.0,"gold_gain":0.0,"event_name":"Accursed Blacksmith","player_choice":"Ignored","floor":4.0,"gold_loss":0.0,"damage_taken":0.0},{"cards_removed":["StSpp:Succumb"],"damage_healed":0.0,"max_hp_gain":0.0,"max_hp_loss":0.0,"gold_gain":0.0,"event_name":"Living Wall","player_choice":"Forget","floor":12.0,"gold_loss":0.0,"damage_taken":0.0},{"damage_healed":0.0,"max_hp_gain":0.0,"max_hp_loss":0.0,"gold_gain":75.0,"event_name":"World of Goop","player_choice":"Gather Gold","floor":13.0,"gold_loss":0.0,"damage_taken":11.0},{"damage_healed":0.0,"max_hp_gain":5.0,"max_hp_loss":0.0,"gold_gain":0.0,"event_name":"Forgotten Altar","player_choice":"Shed Blood","floor":19.0,"gold_loss":0.0,"damage_taken":18.0},{"damage_healed":0.0,"max_hp_gain":0.0,"max_hp_loss":0.0,"gold_gain":99.0,"event_name":"Nest","player_choice":"Stole From Cult","floor":21.0,"gold_loss":0.0,"damage_taken":0.0},{"damage_healed":0.0,"max_hp_gain":0.0,"max_hp_loss":0.0,"gold_gain":0.0,"event_name":"Knowing Skull","player_choice":"","floor":22.0,"potions_obtained":[],"gold_loss":0.0,"damage_taken":6.0,"cards_obtained":[]},{"damage_healed":0,"gold_gain":0,"player_choice":"Max HP","damage_taken":0,"max_hp_gain":0,"max_hp_loss":4,"event_name":"Winding Halls","floor":37,"gold_loss":0},{"damage_healed":0,"gold_gain":0,"player_choice":"Ignored","damage_taken":0,"max_hp_gain":0,"max_hp_loss":0,"event_name":"Tomb of Lord Red Mask","floor":38,"gold_loss":0},{"cards_removed":["Corpse Explosion"],"damage_healed":0,"gold_gain":0,"player_choice":"Removed Skill","damage_taken":0,"max_hp_gain":0,"max_hp_loss":0,"event_name":"Falling","floor":39,"gold_loss":0},{"damage_healed":0,"gold_gain":0,"player_choice":"Got Potions","damage_taken":0,"max_hp_gain":0,"max_hp_loss":0,"event_name":"Lab","floor":40,"gold_loss":0},{"damage_healed":0,"gold_gain":0,"player_choice":"Memory 1","damage_taken":0,"max_hp_gain":0,"max_hp_loss":0,"event_name":"SensoryStone","floor":47,"gold_loss":0}],"is_beta":false,"boss_relics":[{"not_picked":["WristBlade","StSpp:FireArrow","Astrolabe"]},{"not_picked":["StSpp:Balance","Coffee Dripper"],"picked":"Fusion Hammer"}],"items_purged_floors":[],"is_endless":false,"potions_floor_spawned":[1,6,27,29,30,31,41,44,46],"ascension_level":8}}