{"host":"792mtbovsoa03nb3","time":1610939995,"event":{"mods":["BaseMod","Conspire","Curses Come First","Dota2Spire","Halation","Hubris","Infinite Spire","Minty Spire (QoL Compilation)","Replay The Spire","StS++","StSLib"],"gold_per_floor":[119,136,61,78,78,78,111,111,111,144,144,164,181,141,141,141,141],"floor_reached":16,"language":"ENG","playtime":333,"items_purged":["Strike_R"],"score":110,"play_id":"b1027c2e-9cfd-4dde-98bb-f027678964d9","local_time":"20210117191955","is_ascension_mode":false,"campfire_choices":[{"data":"Carnage","floor":6,"key":"SMITH"},{"data":"Anger","floor":8,"key":"SMITH"},{"data":"Anger","floor":15,"key":"SMITH"}],"circlet_count":0,"master_deck":["Strike_R","Strike_R","Defend_R","Defend_R","Defend_R","Defend_R","hubris:StunningStrike","Carnage+1","Second Wind","Anger+1","Anger+1"],"relics":["Burning Blood","Dota2Spire:ArcaneBoots","hubris:BottledRain"],"acts_visited":["Exordium"],"potions_floor_usage":[7,10,16],"damage_taken":[{"damage":6,"enemies":"Jaw Worm","floor":1,"turns":3},{"damage":0,"enemies":"Cultist","floor":2,"turns":4},{"damage":0,"enemies":"Small Slimes","floor":4,"turns":3},{"damage":15,"enemies":"Lagavulin","floor":7,"turns":5},{"damage":6,"enemies":"Gremlin Nob","floor":10,"turns":4},{"damage":11,"enemies":"Exordium Thugs","floor":12,"turns":3},{"damage":7,"enemies":"Blue Slaver","floor":13,"turns":3},{"damage":64,"enemies":"The Guardian","floor":16,"turns":8}],"seed_played":"-3340221624741692863","potions_obtained":[{"floor":1,"key":"Languid Potion"},{"floor":7,"key":"Ancient Potion"},{"floor":14,"key":"LiquidBronze"},{"floor":14,"key":"Adrenaline Potion"},{"floor":14,"key":"SpeedPotion"}],"is_trial":false,"path_per_floor":["M","M","$","M","$","R","E","R","T","E","?","M","M","?","R","B"],"character_chosen":"IRONCLAD","items_purchased":[],"campfire_rested":0,"item_purchase_floors":[],"current_hp_per_floor":[72,72,72,72,72,72,63,63,63,63,63,58,57,57,57,0,0],"gold":141,"neow_bonus":"TRANSFORM_TWO_CARDS","is_daily":false,"chose_seed":false,"campfire_upgraded":3,"win_rate":0.0,"timestamp":1610939995,"path_taken":["M","M","$","M","$","R","E","R","T","E","?","?","M","?","R","BOSS"],"items_purchased_type":[],"build_version":"2020-12-22","purchased_purges":1,"victory":false,"max_hp_per_floor":[72,72,72,72,72,72,72,72,72,72,72,72,72,72,72,72,72],"card_choices":[{"not_picked":["Disarm","Run Through"],"picked":"Second Wind","floor":1},{"not_picked":["Rage","Warcry"],"picked":"Anger","floor":2},{"not_picked":["hubris:ReadiedAction","Shrug It Off"],"picked":"Anger","floor":4},{"not_picked":["Sword Boomerang","Second Wind","Intimidate"],"picked":"SKIP","floor":7},{"not_picked":["Entrench","Blood for Blood","StSpp:CounterStrike"],"picked":"SKIP","floor":10},{"not_picked":["Perfected Strike","Havoc","Thunderclap"],"picked":"SKIP","floor":12},{"not_picked":["hubris:ReadiedAction","Combust","Replay:Undeath\u0027s Touch"],"picked":"SKIP","floor":13}],"player_experience":910164,"relics_obtained":[{"floor":7,"key":"Dota2Spire:ArcaneBoots"},{"floor":10,"key":"hubris:BottledRain"}],"event_choices":[{"cards_removed":["Strike_R"],"damage_healed":0,"gold_gain":0,"player_choice":"Purged","damage_taken":0,"max_hp_gain":0,"max_hp_loss":0,"event_name":"Purifier","floor":11,"gold_loss":0},{"damage_healed":0,"gold_gain":0,"player_choice":"Bought 3 Potions","damage_taken":0,"max_hp_gain":0,"max_hp_loss":0,"event_name":"The Woman in Blue","floor":14,"gold_loss":0}],"is_beta":false,"boss_relics":[],"items_purged_floors":[3],"is_endless":false,"potions_floor_spawned":[1,7],"killed_by":"The Guardian","ascension_level":0}}