{"host":"Jinnai","time":1610986337,"event":{"mods":["BaseMod","Bestiary","Block Reminder","Colored Map","Colored Powertips","Highlight Path","Minty Spire (QoL Compilation)","Quick Restart","Relic Stats","StSLib"],"gold_per_floor":[113,113,129,47,57,84,84,0,0,0,13,13,46,63,63,140,140,156,156,156,156,116,116,131,131,158,158,158],"floor_reached":27,"language":"ENG","playtime":677,"items_purged":[],"score":464,"play_id":"90b1df03-8087-404f-a697-68e4147be0c6","local_time":"20210118111217","is_ascension_mode":true,"campfire_choices":[{"data":"Blade Dance","floor":7,"key":"SMITH"},{"data":"Neutralize","floor":15,"key":"SMITH"},{"floor":23,"key":"REST"},{"data":"Finisher","floor":25,"key":"SMITH"}],"circlet_count":0,"master_deck":["AscendersBane","Strike_G","Strike_G","Strike_G","Strike_G","Strike_G","Defend_G","Defend_G","Defend_G","Defend_G","Defend_G","Survivor","Neutralize+1","Finisher+1","Masterful Stab","Blade Dance+1","Cloak And Dagger","Adrenaline","Masterful Stab","Infinite Blades","Terror","Tools of the Trade","Escape Plan","Footwork+1"],"relics":["Ring of the Snake","NeowsBlessing","NlothsMask","Du-Vu Doll","StrikeDummy","Pantograph","WristBlade","Nilry\u0027s Codex","Juzu Bracelet"],"acts_visited":["Exordium","TheCity"],"potions_floor_usage":[6,13,14,18,27],"damage_taken":[{"damage":0,"enemies":"2 Louse","floor":1,"turns":1},{"damage":0,"enemies":"Cultist","floor":3,"turns":1},{"damage":0,"enemies":"Jaw Worm","floor":5,"turns":1},{"damage":32,"enemies":"3 Sentries","floor":6,"turns":10},{"damage":0,"enemies":"Blue Slaver","floor":11,"turns":1},{"damage":0,"enemies":"Gremlin Nob","floor":13,"turns":2},{"damage":4,"enemies":"3 Louse","floor":14,"turns":2},{"damage":26,"enemies":"Slime Boss","floor":16,"turns":9},{"damage":9,"enemies":"Shell Parasite","floor":18,"turns":2},{"damage":0,"enemies":"Chosen","floor":24,"turns":1},{"damage":51,"enemies":"Slavers","floor":27,"turns":5}],"seed_played":"1230356604516957503","potions_obtained":[{"floor":5,"key":"SpeedPotion"},{"floor":13,"key":"Fruit Juice"},{"floor":14,"key":"Block Potion"},{"floor":22,"key":"CultistPotion"},{"floor":22,"key":"AttackPotion"}],"is_trial":false,"path_per_floor":["M","?","M","$","M","E","R","$","T","T","M","?","E","M","R","B",null,"M","?","?","?","?","R","M","R","T","E"],"character_chosen":"THE_SILENT","items_purchased":["Blade Dance","FearPotion","CunningPotion"],"campfire_rested":1,"item_purchase_floors":[4,4,8],"current_hp_per_floor":[59,59,59,59,59,27,27,27,27,27,27,27,27,28,28,27,60,51,31,10,25,25,47,47,47,47,0,0],"gold":158,"neow_bonus":"THREE_ENEMY_KILL","is_daily":false,"chose_seed":false,"campfire_upgraded":3,"win_rate":0.0,"timestamp":1610986337,"path_taken":["M","?","?","?","M","E","R","$","T","?","M","?","E","M","R","BOSS","M","?","?","?","?","R","M","R","T","E"],"items_purchased_type":["Card","Potion","Potion"],"build_version":"2020-12-18","purchased_purges":0,"victory":false,"max_hp_per_floor":[66,66,66,66,66,66,66,66,66,66,66,66,66,71,71,71,71,71,76,76,76,76,76,76,76,76,76,76],"relic_stats":{"counters":[11,35],"Pantograph":25,"Juzu Bracelet":0,"obtain_stats":[{"Du-Vu Doll":6,"NeowsBlessing":0,"WristBlade":17,"Nilry\u0027s Codex":20,"Pantograph":13,"Juzu Bracelet":26,"StrikeDummy":10,"Ring of the Snake":0,"NlothsMask":2},{"Du-Vu Doll":4,"NeowsBlessing":0,"WristBlade":8,"Nilry\u0027s Codex":9,"Pantograph":6,"Juzu Bracelet":10,"StrikeDummy":4,"Ring of the Snake":0,"NlothsMask":1},{"Du-Vu Doll":13,"NeowsBlessing":0,"WristBlade":27,"Nilry\u0027s Codex":29,"Pantograph":16,"Juzu Bracelet":30,"StrikeDummy":13,"Ring of the Snake":0,"NlothsMask":1}],"Ring of the Snake":[22]},"card_choices":[{"not_picked":["Outmaneuver","Bane"],"picked":"Finisher","floor":1},{"not_picked":["Footwork","Choke"],"picked":"Masterful Stab","floor":3},{"not_picked":["Skewer","Concentrate"],"picked":"Cloak And Dagger","floor":5},{"not_picked":["Deflect","Underhanded Strike"],"picked":"Adrenaline","floor":6},{"not_picked":["Slice","Dodge and Roll"],"picked":"Masterful Stab","floor":11},{"not_picked":["Slice","Deflect"],"picked":"Infinite Blades","floor":13},{"not_picked":["Flying Knee","Acrobatics"],"picked":"Terror","floor":14},{"not_picked":["Night Terror","Die Die Die"],"picked":"Tools of the Trade","floor":16},{"not_picked":["Dagger Throw","Quick Slash"],"picked":"Escape Plan","floor":18},{"not_picked":["Quick Slash","Poisoned Stab"],"picked":"Footwork+1","floor":24}],"player_experience":1524993,"relics_obtained":[{"floor":6,"key":"Du-Vu Doll"},{"floor":10,"key":"StrikeDummy"},{"floor":13,"key":"Pantograph"},{"floor":20,"key":"Nilry\u0027s Codex"},{"floor":26,"key":"Juzu Bracelet"}],"event_choices":[{"damage_healed":0,"gold_gain":0,"player_choice":"Trade","damage_taken":0,"relics_obtained":["NlothsMask"],"max_hp_gain":0,"max_hp_loss":0,"event_name":"FaceTrader","floor":2,"gold_loss":0},{"damage_healed":0,"gold_gain":0,"player_choice":"Ignored","damage_taken":0,"max_hp_gain":0,"max_hp_loss":0,"event_name":"Shining Light","floor":12,"gold_loss":0},{"damage_healed":0,"gold_gain":0,"player_choice":"Shed Blood","damage_taken":25,"max_hp_gain":5,"max_hp_loss":0,"event_name":"Forgotten Altar","floor":19,"gold_loss":0},{"damage_healed":0,"gold_gain":0,"player_choice":"Obtained Book","damage_taken":21,"max_hp_gain":0,"max_hp_loss":0,"event_name":"Cursed Tome","floor":20,"gold_loss":0},{"damage_healed":15,"gold_gain":0,"player_choice":"Heal","damage_taken":0,"max_hp_gain":0,"max_hp_loss":0,"event_name":"The Library","floor":21,"gold_loss":0},{"damage_healed":0,"gold_gain":0,"player_choice":"Bought 3 Potions","damage_taken":0,"max_hp_gain":0,"max_hp_loss":0,"event_name":"The Woman in Blue","floor":22,"gold_loss":0}],"is_beta":true,"boss_relics":[{"not_picked":["SacredBark","Snecko Eye"],"picked":"WristBlade"}],"items_purged_floors":[],"is_endless":false,"potions_floor_spawned":[5,13,14,16,24],"killed_by":"Slavers","ascension_level":18}}