{"host":"uonldg9uriwfhjjx","time":1610942470,"event":{"mods":["AchievementEnabler","BaseMod","Minty Spire (QoL Compilation)","Relic Stats","StSLib","The Cursed"],"gold_per_floor":[111,111,127,127,139,139,167,167,167,186,186,71,71,102,102,179,179,195,70,70,0,0],"floor_reached":21,"language":"ENG","playtime":593,"items_purged":["Parasite"],"score":315,"play_id":"c7dbfd2e-139f-4cb2-82c0-5b66ec590b29","local_time":"20210117230110","is_ascension_mode":true,"campfire_choices":[{"data":"Redo","floor":6,"key":"SMITH"},{"floor":8,"key":"REST"},{"data":"Capacitor","floor":13,"key":"SMITH"},{"floor":15,"key":"REST"}],"circlet_count":0,"master_deck":["AscendersBane","Strike_B","Strike_B","Strike_B","Defend_B","Defend_B","Defend_B","Defend_B","Zap+1","Dualcast","Undo","Hello World","Redo+1","Capacitor+1","Coolheaded","Static Discharge","Capacitor","Ball Lightning"],"relics":["Cracked Core","HornCleat","Lantern","PreservedInsect","Centennial Puzzle","Black Star","Enchiridion"],"acts_visited":["Exordium","TheCity"],"potions_floor_usage":[21,21],"damage_taken":[{"damage":2,"enemies":"2 Louse","floor":1,"turns":4},{"damage":2,"enemies":"Jaw Worm","floor":3,"turns":4},{"damage":0,"enemies":"Small Slimes","floor":5,"turns":3},{"damage":30,"enemies":"Gremlin Nob","floor":7,"turns":4},{"damage":14,"enemies":"3 Louse","floor":10,"turns":3},{"damage":4,"enemies":"3 Sentries","floor":14,"turns":6},{"damage":34,"enemies":"Slime Boss","floor":16,"turns":10},{"damage":17,"enemies":"Spheric Guardian","floor":18,"turns":5},{"damage":31,"enemies":"2 Thieves","floor":21,"turns":3}],"seed_played":"-5493679064503123613","potions_obtained":[{"floor":3,"key":"GamblersBrew"},{"floor":7,"key":"SpeedPotion"}],"is_trial":false,"path_per_floor":["M","?","M","?","M","R","E","R","T","M","?","$","R","E","R","B",null,"M","$","?","M"],"character_chosen":"DEFECT","items_purchased":["Static Discharge","Capacitor","Ball Lightning"],"campfire_rested":2,"item_purchase_floors":[12,19,19],"current_hp_per_floor":[62,37,35,35,35,35,5,26,26,12,29,29,29,25,45,11,54,37,37,21,0,0],"gold":0,"neow_bonus":"TRANSFORM_CARD","is_daily":false,"chose_seed":false,"campfire_upgraded":2,"win_rate":0.0,"timestamp":1610942470,"path_taken":["M","?","M","?","M","R","E","R","T","M","?","$","R","E","R","BOSS","M","$","?","M"],"items_purchased_type":["Card","Card","Card"],"build_version":"2020-12-22","purchased_purges":1,"victory":false,"max_hp_per_floor":[71,71,71,71,71,71,71,71,71,71,71,68,68,68,68,68,68,68,68,68,68,68],"relic_stats":{"Centennial Puzzle":[9],"counters":[9,42],"PreservedInsect":33,"Black Star":0,"obtain_stats":[{"Lantern":7,"Centennial Puzzle":14,"HornCleat":2,"Enchiridion":20,"PreservedInsect":9,"Black Star":17,"Cracked Core":0},{"Lantern":4,"Centennial Puzzle":6,"HornCleat":1,"Enchiridion":8,"PreservedInsect":4,"Black Star":7,"Cracked Core":0},{"Lantern":15,"Centennial Puzzle":24,"HornCleat":4,"Enchiridion":39,"PreservedInsect":15,"Black Star":34,"Cracked Core":0}]},"card_choices":[{"not_picked":["Turbo","Go for the Eyes"],"picked":"Hello World","floor":1},{"not_picked":["Stack","Skim"],"picked":"Redo","floor":3},{"not_picked":["Rebound","Leap","Turbo"],"picked":"SKIP","floor":5},{"not_picked":["Redo","Fission"],"picked":"Capacitor","floor":7},{"not_picked":["Streamline","Scrape"],"picked":"Coolheaded","floor":10},{"not_picked":["Tempest","Skim","Coolheaded"],"picked":"SKIP","floor":14},{"not_picked":["Aggregate","Rebound","Fusion"],"picked":"SKIP","floor":18}],"player_experience":810669,"relics_obtained":[{"floor":7,"key":"Lantern"},{"floor":9,"key":"PreservedInsect"},{"floor":14,"key":"Centennial Puzzle"},{"floor":20,"key":"Enchiridion"}],"event_choices":[{"damage_healed":0,"gold_gain":0,"player_choice":"Success","damage_taken":25,"relics_obtained":["HornCleat"],"max_hp_gain":0,"max_hp_loss":0,"event_name":"Scrap Ooze","floor":2,"gold_loss":0},{"damage_healed":0,"gold_gain":0,"player_choice":"Grow","damage_taken":0,"max_hp_gain":0,"max_hp_loss":0,"event_name":"Living Wall","floor":4,"gold_loss":0,"cards_upgraded":["Zap"]},{"damage_healed":17,"gold_gain":0,"player_choice":"Healed and dodged fight","damage_taken":0,"max_hp_gain":0,"max_hp_loss":0,"event_name":"Mushrooms","floor":11,"gold_loss":0,"cards_obtained":["Parasite"]},{"damage_healed":0,"gold_gain":0,"player_choice":"Obtained Book","damage_taken":16,"max_hp_gain":0,"max_hp_loss":0,"event_name":"Cursed Tome","floor":20,"gold_loss":0}],"is_beta":false,"boss_relics":[{"not_picked":["FrozenCore","SacredBark"],"picked":"Black Star"}],"items_purged_floors":[12],"is_endless":false,"potions_floor_spawned":[3,7,16],"killed_by":"2 Thieves","ascension_level":14}}