{"host":"mlczotyo8j5fj6lt","time":1610993891,"event":{"mods":["AchievementEnabler","BaseMod","Better Third Choice","BetterRewards","Conspire","Defective Defect","Fox Events","Good Game Mod","Googly Eyes","Hubris","Minty Spire (QoL Compilation)","Quick Restart","Replay The Spire","ShortenTheSpire","StS++","StSLib","everything is the same but u backflip on backflip"],"gold_per_floor":[115,151,151,226,241,241,255,274,354,354,385,385,398,423,423,423,423],"floor_reached":16,"language":"ENG","playtime":1204,"items_purged":[],"score":110,"play_id":"5784cdc3-4a21-41eb-a7a0-13b5703f9f5a","local_time":"20210118191811","is_ascension_mode":false,"campfire_choices":[{"floor":6,"key":"REST"},{"floor":10,"key":"REST"},{"data":"Backflip","floor":12,"key":"SMITH"},{"data":"hubris:SlightOfHand","floor":15,"key":"SMITH"}],"circlet_count":0,"master_deck":["Strike_G","Strike_G","Strike_G","Strike_G","Defend_G","Defend_G","Defend_G","Defend_G","Defend_G","Survivor","Neutralize+1","Trip","Deadly Poison","Crippling Poison","Backflip+1","hubris:SlightOfHand+1","Deadly Poison","conspire:DoublingDagger","Bouncing Flask","Bane"],"relics":["Ring of the Snake","REME:ComplimentaryCards","Ancient Tea Set","Mercury Hourglass","Mirror","Art of War"],"acts_visited":["Exordium"],"potions_floor_usage":[13,16,16,16],"damage_taken":[{"damage":0,"enemies":"2 Louse","floor":1,"turns":5},{"damage":12,"enemies":"conspire:MimicChest","floor":2,"turns":6},{"damage":3,"enemies":"Small Slimes","floor":5,"turns":4},{"damage":2,"enemies":"conspire:RoseBush","floor":7,"turns":2},{"damage":5,"enemies":"Gremlin Gang","floor":8,"turns":5},{"damage":13,"enemies":"Lagavulin","floor":11,"turns":6},{"damage":9,"enemies":"Exordium Thugs","floor":13,"turns":4},{"damage":33,"enemies":"3 Sentries","floor":14,"turns":8},{"damage":17,"enemies":"Slime Boss","floor":16,"turns":8}],"seed_played":"3595034668805918948","potions_obtained":[{"floor":2,"key":"Cursed Concoction"},{"floor":5,"key":"Energy Potion"},{"floor":7,"key":"Block Potion"},{"floor":14,"key":"GamblersBrew"}],"is_trial":false,"path_per_floor":["M","?","?","?","M","R","M","M","T","R","E","R","M","E","R","B"],"character_chosen":"THE_SILENT","items_purchased":[],"campfire_rested":2,"item_purchase_floors":[],"current_hp_per_floor":[70,58,51,40,37,58,56,51,51,70,57,57,48,15,15,0,0],"gold":423,"neow_bonus":"UPGRADE_CARD","is_daily":false,"chose_seed":false,"campfire_upgraded":2,"win_rate":0.0,"timestamp":1610993891,"path_taken":["M","?","?","?","M","R","M","M","T","R","E","R","M","E","R","BOSS"],"items_purchased_type":[],"build_version":"2020-12-22","purchased_purges":0,"victory":false,"max_hp_per_floor":[70,70,70,70,70,70,70,70,70,70,70,70,70,70,70,70,70],"card_choices":[{"not_picked":["Slice","hubris:SlightOfHand"],"picked":"Deadly Poison","floor":1},{"not_picked":["Concentrate","All Out Attack"],"picked":"Crippling Poison","floor":2},{"not_picked":["Dagger Spray","Dodge and Roll"],"picked":"Backflip","floor":5},{"not_picked":["Choke","Leg Sweep"],"picked":"hubris:SlightOfHand","floor":7},{"not_picked":["Fluid Movement","ReplayTheSpireMod:From All Sides"],"picked":"Deadly Poison","floor":8},{"not_picked":["Endless Agony","StSpp:Throw"],"picked":"conspire:DoublingDagger","floor":11},{"not_picked":["Poisoned Stab","Deflect"],"picked":"Bouncing Flask","floor":13},{"not_picked":["Setup","Slice"],"picked":"Bane","floor":14}],"player_experience":194008,"relics_obtained":[{"floor":2,"key":"Ancient Tea Set"},{"floor":9,"key":"Mercury Hourglass"},{"floor":11,"key":"Mirror"},{"floor":14,"key":"Art of War"}],"event_choices":[{"cards_removed":["Strike_G"],"damage_healed":0,"gold_gain":0,"player_choice":"Card Removal","damage_taken":7,"max_hp_gain":0,"max_hp_loss":0,"event_name":"Golden Wing","floor":3,"gold_loss":0},{"damage_healed":0,"gold_gain":75,"player_choice":"Gold","damage_taken":11,"max_hp_gain":0,"max_hp_loss":0,"event_name":"betterThird:BetterGoop","floor":4,"gold_loss":0}],"is_beta":false,"boss_relics":[],"items_purged_floors":[],"is_endless":false,"potions_floor_spawned":[2,5,7,14],"killed_by":"Slime Boss","ascension_level":0}}