{"host":"Qube","time":1610939262,"event":{"mods":["AchievementEnabler","BaseMod","Colored Map","Colored Powertips","Highlight Path","Minty Spire (QoL Compilation)","Permanent Neow","Quick Restart","Random Character Button","StSLib"],"gold_per_floor":[359,36,50,60,78,78,105,128,207,240,240,240,256,256,256,256,256],"floor_reached":16,"language":"ENG","playtime":726,"items_purged":[],"score":224,"play_id":"39dca36c-9252-4ba3-9446-28d89de562be","local_time":"20210117190742","is_ascension_mode":true,"campfire_choices":[{"floor":6.0,"key":"REST"},{"floor":12.0,"key":"REST"},{"data":"Backflip","floor":15,"key":"SMITH"}],"circlet_count":0,"master_deck":["AscendersBane","Strike_G","Strike_G","Strike_G","Strike_G","Strike_G","Defend_G","Defend_G","Defend_G","Defend_G","Defend_G","Survivor","Neutralize","Bane","Eviscerate","Dagger Throw","Poisoned Stab","Backflip+1","Poisoned Stab","Tools of the Trade","Eviscerate"],"relics":["Ring of the Snake","TwistedFunnel","Art of War","Girya","Odd Mushroom","Bottled Lightning","Bag of Marbles"],"acts_visited":["Exordium"],"potions_floor_usage":[14,16],"damage_taken":[{"damage":12.0,"enemies":"Cultist","floor":1.0,"turns":6.0},{"damage":2.0,"enemies":"Small Slimes","floor":3.0,"turns":3.0},{"damage":2.0,"enemies":"Jaw Worm","floor":4.0,"turns":3.0},{"damage":0.0,"enemies":"Lots of Slimes","floor":5.0,"turns":4.0},{"damage":22.0,"enemies":"Lagavulin","floor":7.0,"turns":4.0},{"damage":1.0,"enemies":"The Mushroom Lair","floor":8.0,"turns":2.0},{"damage":16.0,"enemies":"3 Sentries","floor":10.0,"turns":9.0},{"damage":2,"enemies":"3 Louse","floor":13,"turns":3},{"damage":0,"enemies":"Gremlin Gang","floor":14,"turns":1},{"damage":19,"enemies":"Hexaghost","floor":16,"turns":9}],"seed_played":"1936886993210696458","potions_obtained":[{"floor":1.0,"key":"Strength Potion"},{"floor":5.0,"key":"SkillPotion"},{"floor":7.0,"key":"LiquidMemories"},{"floor":8.0,"key":"EssenceOfSteel"},{"floor":11.0,"key":"SmokeBomb"},{"floor":11.0,"key":"GamblersBrew"}],"is_trial":false,"path_per_floor":["M","$","M","M","M","R","E","?","T","E","?","R","M","M","R","B"],"character_chosen":"THE_SILENT","items_purchased":["TwistedFunnel","Art of War"],"campfire_rested":2,"item_purchase_floors":[2,2],"current_hp_per_floor":[32,32,30,28,28,47,25,24,24,8,8,27,25,25,25,6,6],"gold":256,"neow_bonus":"TWO_FIFTY_GOLD","is_daily":false,"chose_seed":false,"campfire_upgraded":1,"win_rate":0.0,"timestamp":1610939262,"path_taken":["M","$","M","M","?","R","E","?","T","E","?","R","?","M","R","BOSS"],"items_purchased_type":["Relic","Relic"],"build_version":"2020-12-18","purchased_purges":0,"victory":false,"max_hp_per_floor":[66,66,66,66,66,66,66,66,66,66,66,66,66,66,66,66,66],"card_choices":[{"not_picked":["Well Laid Plans","Deadly Poison"],"picked":"Bane","floor":1.0},{"not_picked":["Deadly Poison","Dagger Throw"],"picked":"Eviscerate","floor":3.0},{"not_picked":["Dodge and Roll","Skewer"],"picked":"Dagger Throw","floor":4.0},{"not_picked":["Flechettes","Unload"],"picked":"Poisoned Stab","floor":5.0},{"not_picked":["Terror","Dagger Throw"],"picked":"Backflip","floor":7.0},{"not_picked":["Dagger Throw","Underhanded Strike"],"picked":"Poisoned Stab","floor":8.0},{"not_picked":["Blade Dance","Acrobatics"],"picked":"Tools of the Trade","floor":10.0},{"not_picked":["Acrobatics","Dagger Throw"],"picked":"Eviscerate","floor":13}],"player_experience":921580,"relics_obtained":[{"floor":7.0,"key":"Girya"},{"floor":8.0,"key":"Odd Mushroom"},{"floor":9.0,"key":"Bottled Lightning"},{"floor":10.0,"key":"Bag of Marbles"}],"event_choices":[{"damage_healed":0.0,"max_hp_gain":0.0,"max_hp_loss":0.0,"gold_gain":0.0,"event_name":"Mushrooms","player_choice":"Fought Mushrooms","floor":8.0,"gold_loss":0.0,"damage_taken":0.0},{"damage_healed":0.0,"max_hp_gain":0.0,"max_hp_loss":0.0,"gold_gain":0.0,"event_name":"Lab","player_choice":"Got Potions","floor":11.0,"gold_loss":0.0,"damage_taken":0.0}],"is_beta":true,"boss_relics":[],"items_purged_floors":[],"is_endless":false,"potions_floor_spawned":[1,5,7,8,14],"killed_by":"Hexaghost","ascension_level":20}}