{"host":"qj49eghpaxba70kv","time":1610968550,"event":{"mods":["ATMod(°¢èªMod)","Act Like it!","Arknights The Spire","Aspiration","BaseMod","Dota2Spire","Energized Spire","Gensokyo","GungeonMod","Hermit","Hunter ÁÔÈË","KinomotoSakuraMod(Ä¾Ö®±¾Ó£)","Koishi","Luminous","Minty Spire (QoL Compilation)","Pale of the Ancients","Permanent Neow","Prisma Mod","Quick Restart","Replay The Spire","Robot Space Explorer","StSLib","The Administrix","The Alterego","The Bug Knight","The Construct","The Hierophant","The Marked","The Senshi","UnlockEverythingMod","[GremlinLeader]The Maniac","vexMod","¡¾¹¦ÄÜMod¡¿»ìãçÖ®»·ÐÞ¸´²¹¶¡","¡¾ÒÅÎï¿¨ÅÆ¡¿REMEMod","óô»ðÖ¸ÄÏ"],"gold_per_floor":[160,176,16,16,34,62,73,73,73,13,38,73,73,91,91,186,186,204,204,215,215,60,60,91,91,91,141,171,217,229,261,20,32,32],"floor_reached":33,"language":"ZHS","playtime":2228,"items_purged":["Luminous:Defend_Luminous","Normality"],"score":403,"play_id":"5dcd8a82-f1cf-40d9-8374-7ea5f256a8a5","local_time":"20210118051550","is_ascension_mode":false,"campfire_choices":[{"data":"Luminous:Balance_Death_Scythe","floor":8,"key":"SMITH"},{"data":"Luminous:Mirror_Force_Luminous","floor":15,"key":"SMITH"},{"data":"Apotheosis","floor":23,"key":"SMITH"},{"data":"Luminous:Freud_Wisdom1_Luminous","floor":30,"key":"SMITH"}],"circlet_count":0,"master_deck":["Luminous:Light_Flash_Shower","Luminous:Light_Flash_Shower","Luminous:Light_Flash_Shower","Luminous:Dark_Abyssal_Drop","Luminous:Dark_Abyssal_Drop","Luminous:Dark_Abyssal_Drop","Luminous:Defend_Luminous","Luminous:Defend_Luminous","Luminous:Defend_Luminous","Luminous:Switch_Luminous","Luminous:Mana_Well_Luminous","Luminous:Mirror_Force_Luminous+1","Luminous:Dark_Pressure_Void","Luminous:Balance_Death_Scythe+1","Luminous:Lunar_Tide_Luminous","Luminous:Light_Gather","Luminous:Erosion_Luminous","Luminous:Flash_Blink_Luminous","Clumsy","Luminous:Dark_Raid","Luminous:Freud_Wisdom1_Luminous+1","Luminous:Light_Glare","Apotheosis+1","Luminous:Freud_Wisdom1_Luminous","Delirium","Luminous:Dark_Arcane_Pitch","Luminous:Ethereal_Form_Luminous","CommonCold","Luminous:Balance_Ender"],"relics":["Luminous:MirrorRelic","AT_ATBox","REME_ComplimentaryCards","Mummified Hand","Enchiridion","vexMod:FocusSash","The Courier","Dota2Spire:MaskOfMadness","Centennial Puzzle","Gensokyo:NagashiBinaDoll","energizedSpire:CursedPentagram","Bag of Preparation","AT_PhaseBoots","Ring of Hypnosis","Ring of Greed","Membership Card","MawBank","FossilizedHelix","AT_TimeSand","Vajra"],"acts_visited":["Exordium","TheCity"],"potions_floor_usage":[16,16,31,32,32,33],"damage_taken":[{"damage":8,"enemies":"Gensokyo:Python","floor":1,"turns":4},{"damage":0,"enemies":"Gensokyo:Gryphon","floor":2,"turns":3},{"damage":0,"enemies":"Gensokyo:3_Fairies","floor":5,"turns":4},{"damage":19,"enemies":"Gensokyo:Aya","floor":6,"turns":6},{"damage":15,"enemies":"Gensokyo:LivingMonolith","floor":7,"turns":4},{"damage":3,"enemies":"Gensokyo:Cirno","floor":11,"turns":5},{"damage":0,"enemies":"Gensokyo:Mamizou","floor":12,"turns":6},{"damage":5,"enemies":"Gensokyo:Kitsune","floor":14,"turns":3},{"damage":0,"enemies":"Gensokyo:Yukari","floor":16,"turns":10},{"damage":6,"enemies":"2 Thieves","floor":18,"turns":3},{"damage":0,"enemies":"3 Byrds","floor":20,"turns":3},{"damage":0,"enemies":"HollowMod:Nosk","floor":24,"turns":8},{"damage":4,"enemies":"Snecko","floor":28,"turns":17},{"damage":26,"enemies":"Replay:Snechameleon","floor":29,"turns":5},{"damage":21,"enemies":"Cultist and Chosen","floor":31,"turns":8},{"damage":33,"enemies":"Automaton","floor":33,"turns":4}],"seed_played":"-663032741065363230","potions_obtained":[{"floor":1,"key":"Energy Potion"},{"floor":6,"key":"Energy Potion"},{"floor":7,"key":"DemoMod:LeadSkinPotion"},{"floor":18,"key":"GamblersBrew"},{"floor":24,"key":"Dota2Spire:Clarity"},{"floor":31,"key":"CultistPotion"}],"is_trial":false,"path_per_floor":["M","M","?","?","M","E","M","R","T","$","E","?","?","M","R","B",null,"M","?","M","?","$","R","E","?","T","?","M","E","R","M","R","B"],"character_chosen":"LuminousClass","items_purchased":["Apotheosis","AT_TimeSand","Vajra","REME_GoldPotion","REME_GoldPotion"],"campfire_rested":0,"item_purchase_floors":[22,32,32,32,32],"current_hp_per_floor":[49,49,49,57,57,38,23,23,23,23,26,26,26,21,21,21,75,69,69,69,55,55,55,59,59,59,59,65,43,43,26,26,0,0],"gold":32,"neow_bonus":"RANDOM_EVENT","is_daily":false,"chose_seed":false,"campfire_upgraded":4,"win_rate":0.0,"timestamp":1610968550,"path_taken":["M","M","?","?","M","E","?","R","T","$","E","?","?","M","R","BOSS","M","?","M","?","$","R","E","?","T","?","?","E","R","M","R","BOSS"],"items_purchased_type":["Card","Relic","Relic","Potion","Potion"],"build_version":"2020-12-22","purchased_purges":2,"victory":false,"max_hp_per_floor":[75,75,75,75,75,75,75,75,75,75,75,75,75,75,75,75,75,75,75,75,80,80,80,80,80,80,80,80,80,80,80,80,80,80],"card_choices":[{"not_picked":["Luminous:Dark_Pressure_Void","Luminous:Light_Sylvan_Lance"],"picked":"Luminous:Mana_Well_Luminous","floor":0},{"not_picked":["Luminous:Light_Gather","Luminous:Blinding_Pillar_Luminous"],"picked":"Luminous:Dusk_Guard_Luminous","floor":0},{"not_picked":["Luminous:Balance_Ender","Luminous:Dark_Extract"],"picked":"Luminous:Mirror_Force_Luminous","floor":1},{"not_picked":["Luminous:Phantom_Treasure_Luminous","Luminous:Blinding_Pillar_Luminous"],"picked":"Luminous:Dark_Pressure_Void","floor":2},{"not_picked":["Luminous:Light_Wash_Luminous","Luminous:Dark_Pressure_Void"],"picked":"Luminous:Balance_Death_Scythe","floor":5},{"not_picked":["Luminous:Chase_Spell_Luminous","Luminous:Dark_Pressure_Void"],"picked":"Luminous:Lunar_Tide_Luminous","floor":6},{"not_picked":["Luminous:Light_Disperse","Luminous:Light_Sylvan_Lance"],"picked":"Luminous:Light_Gather","floor":7},{"not_picked":["Luminous:Shadow_Shell_Luminous","Luminous:Darkness_Mastery_Luminous"],"picked":"Luminous:Erosion_Luminous","floor":11},{"not_picked":["Luminous:Light_Spectral_Light","Luminous:Phantom_Treasure_Luminous"],"picked":"Luminous:Flash_Blink_Luminous","floor":12},{"not_picked":["Luminous:Mana_Well_Luminous","Luminous:Dark_Pressure_Void"],"picked":"Luminous:Dark_Raid","floor":14},{"not_picked":["Luminous:Mirror_Force_Luminous","Luminous:Arcane_Rage_Luminous"],"picked":"Luminous:Freud_Wisdom1_Luminous","floor":16},{"not_picked":["Luminous:Accumulation_Luminous","Luminous:Dark_Dim_Erosion"],"picked":"Luminous:Light_Glare","floor":18},{"not_picked":["Luminous:Fast_Spell_Luminous","Luminous:Concentrate_Luminous","Luminous:Light_Glare"],"picked":"SKIP","floor":20},{"not_picked":["Luminous:Light_Disperse","Luminous:Dusk_Guard_Luminous"],"picked":"Luminous:Freud_Wisdom1_Luminous","floor":24},{"not_picked":["Luminous:Light_Gather+1","Luminous:Light_Sylvan_Lance+1"],"picked":"Luminous:Dark_Arcane_Pitch","floor":28},{"not_picked":["Luminous:Chase_Spell_Luminous","Luminous:Light_Sylvan_Lance"],"picked":"Luminous:Ethereal_Form_Luminous","floor":29},{"not_picked":["Luminous:Dark_Dim_Erosion","Luminous:Blinding_Pillar_Luminous"],"picked":"Luminous:Balance_Ender","floor":31}],"player_experience":43483,"relics_obtained":[{"floor":0,"key":"Mummified Hand"},{"floor":6,"key":"vexMod:FocusSash"},{"floor":9,"key":"The Courier"},{"floor":11,"key":"Dota2Spire:MaskOfMadness"},{"floor":12,"key":"Centennial Puzzle"},{"floor":24,"key":"Bag of Preparation"},{"floor":26,"key":"AT_SpeedBoots"},{"floor":27,"key":"Ring of Hypnosis"},{"floor":27,"key":"Ring of Greed"},{"floor":27,"key":"Membership Card"},{"floor":27,"key":"MawBank"},{"floor":29,"key":"FossilizedHelix"}],"event_choices":[{"damage_healed":0,"gold_gain":0,"player_choice":"Ignored","damage_taken":0,"max_hp_gain":0,"max_hp_loss":0,"event_name":"Vampires","floor":19,"gold_loss":0},{"damage_healed":0,"gold_gain":0,"player_choice":"Shed Blood","damage_taken":19,"max_hp_gain":5,"max_hp_loss":0,"event_name":"Forgotten Altar","floor":21,"gold_loss":0}],"is_beta":false,"boss_relics":[{"not_picked":["vexMod:TanglingVine","vexMod:MegatonBomb"],"picked":"energizedSpire:CursedPentagram"}],"items_purged_floors":[10,32],"is_endless":false,"potions_floor_spawned":[1,6,7,14,18,24,31],"killed_by":"Automaton","ascension_level":0}}