{"host":"uxx7prhn9zlu6i2v","time":1610934534,"event":{"mods":["100% Spire Juice","2.2 Compatiblity","AchievementEnabler","Act Like it!","BaseMod","CapriCore","Colored Powertips","Dio Mod","Gensokyo","GifTheSpireLib","Koishi","KomeijiMod","Lobotomy","LobotomyExtend","Marisa????????","Minty Spire (QoL Compilation)","Permanent Neow","Quick Restart","RNG Fix","Rare Cards Sparkle","Reimu??????","Relic Filter","Relic Sorter","Relic Stats","Spicy Shops","StSLib","Strawberry Spire","The Administrix","The Bug Knight","The Exalted","The Immortal","The Mystic","Wandering Minibosses","Yakumo Yukari mod","??????REMEMod"],"gold_per_floor":[119,119,129,129,129,164,180,180,225,225,225,78,8,25,25,325,325],"floor_reached":16,"language":"ENG","playtime":1052,"items_purged":["Injury"],"score":98,"play_id":"24a51881-6560-47d4-b37d-7156ccdda410","local_time":"20210117194854","is_ascension_mode":false,"campfire_choices":[{"data":"mysticmod:HeavyStrike","floor":8,"key":"SMITH"},{"data":"mysticmod:Probe","floor":10,"key":"SMITH"},{"data":"mysticmod:Alacrity","floor":15,"key":"SMITH"}],"circlet_count":0,"master_deck":["mysticmod:Strike_Mystic","mysticmod:Strike_Mystic","mysticmod:Strike_Mystic","mysticmod:Strike_Mystic+1","mysticmod:Defend_Mystic+1","mysticmod:Defend_Mystic","mysticmod:Defend_Mystic","mysticmod:Defend_Mystic+1","mysticmod:ArcaneDodge","mysticmod:ShockingGrasp+1","UniverseFragment","mysticmod:PowerSlash","mysticmod:Sideswipe+1","mysticmod:Probe+1","mysticmod:HeavyStrike+1","Gensokyo:Shovel","mysticmod:Alacrity+1"],"relics":["mysticmod:SpellBook","REME_ComplimentaryCards","CogitoBucket","RabbitCall","LetterFromLob","Mastiff:ReiMu","Whetstone","War Paint","Gensokyo:Justice","Medical Kit"],"acts_visited":["Gensokyo:Gensokyo"],"potions_floor_usage":[14],"damage_taken":[{"damage":1,"enemies":"Gensokyo:Python","floor":1,"turns":4},{"damage":0,"enemies":"Gensokyo:3_Fairies","floor":3,"turns":4},{"damage":21,"enemies":"Gensokyo:Cirno","floor":6,"turns":6},{"damage":5,"enemies":"Gensokyo:Gryphon","floor":7,"turns":3},{"damage":7,"enemies":"Gensokyo:Python_and_Kodama","floor":14,"turns":6},{"damage":52,"enemies":"Gensokyo:Kokoro","floor":16,"turns":13}],"seed_played":"-8152252911098248754","potions_obtained":[{"floor":6,"key":"FearPotion"}],"is_trial":false,"path_per_floor":["M","?","M","?","?","E","M","R","T","R","?","$","COS","M","R","B"],"character_chosen":"MYSTIC_CLASS","items_purchased":["Medical Kit"],"campfire_rested":0,"item_purchase_floors":[12],"current_hp_per_floor":[76,76,76,76,77,56,51,51,51,51,51,51,51,44,44,0,0],"gold":325,"neow_bonus":"","is_daily":false,"chose_seed":false,"campfire_upgraded":3,"win_rate":0.0,"timestamp":1610934534,"path_taken":["M","?","M","?","?","E","M","R","T","R","?","?","COS","M","R","BOSS"],"items_purchased_type":["Relic"],"build_version":"2020-12-22","purchased_purges":1,"victory":false,"max_hp_per_floor":[77,77,77,77,77,77,77,77,77,77,77,77,77,77,77,77,77],"relic_stats":{"counters":[6,36],"Whetstone":["mysticmod:Strike_Mystic","mysticmod:ShockingGrasp"],"War Paint":["mysticmod:Defend_Mystic","mysticmod:Defend_Mystic"],"Medical Kit":[0],"obtain_stats":[{"RabbitCall":0,"CogitoBucket":0,"Mastiff:ReiMu":4,"mysticmod:SpellBook":0,"LetterFromLob":1,"Whetstone":6,"Gensokyo:Justice":11,"War Paint":9,"Medical Kit":12,"REME_ComplimentaryCards":0},{"RabbitCall":0,"CogitoBucket":0,"Mastiff:ReiMu":2,"mysticmod:SpellBook":0,"LetterFromLob":1,"Whetstone":3,"Gensokyo:Justice":4,"War Paint":4,"Medical Kit":4,"REME_ComplimentaryCards":0},{"RabbitCall":0,"CogitoBucket":0,"Mastiff:ReiMu":8,"mysticmod:SpellBook":0,"LetterFromLob":4,"Whetstone":14,"Gensokyo:Justice":17,"War Paint":17,"Medical Kit":17,"REME_ComplimentaryCards":0}]},"card_choices":[{"not_picked":["Freischutz","OSAHOGD","Woodsman"],"picked":"Singing Bowl","floor":1},{"not_picked":["Murderer","CherryBlossoms"],"picked":"UniverseFragment","floor":1},{"not_picked":["mysticmod:Riposte","mysticmod:RapidCaster"],"picked":"mysticmod:PowerSlash","floor":1},{"not_picked":["PunishingBird","OSAHOGD","MeatLantern"],"picked":"Singing Bowl","floor":3},{"not_picked":["mysticmod:BladeMaster","mysticmod:Snowball"],"picked":"mysticmod:Probe","floor":3},{"not_picked":["VoidDream","BigBadWolf","WallGazer"],"picked":"Singing Bowl","floor":6},{"not_picked":["mysticmod:ArcaneAccuracy","mysticmod:SuddenClarity"],"picked":"mysticmod:HeavyStrike","floor":6},{"not_picked":["CherryBlossoms","HeroicMonk"],"picked":"Mercenary","floor":7},{"not_picked":["mysticmod:SuddenClarity","mysticmod:LightningBolt","mysticmod:ComponentsPouch"],"picked":"SKIP","floor":7},{"not_picked":["FairyFestival","SnowQueen","VoidDream"],"picked":"Singing Bowl","floor":14},{"not_picked":["mysticmod:PowerAttack","mysticmod:BulkUp"],"picked":"mysticmod:Alacrity","floor":14}],"player_experience":1876267,"relics_obtained":[{"floor":1,"key":"LetterFromLob"},{"floor":6,"key":"Whetstone"},{"floor":9,"key":"War Paint"}],"event_choices":[],"is_beta":false,"boss_relics":[],"items_purged_floors":[12],"is_endless":false,"potions_floor_spawned":[6],"killed_by":"Gensokyo:Kokoro","ascension_level":0}}