{"host":"c5slkkw8hp42e20v","time":1610971348,"event":{"mods":["AchievementEnabler","BaseMod","Better Note","BetterRewards","Clawfect","Colored Powertips","DeckTracker","Friendly Minions","GifTheSpireLib","Hermit","Highlight Path","Minty Spire (QoL Compilation)","Quick Restart","Rare Cards Sparkle","Replay The Spire","Spicy Shops","StSLib","The Administrix","The Animator","The Bug Knight","The Hierophant","The Necromancer","The Poker Player","The Runesmith","The Senshi","The Servant 0.9.4","????"],"gold_per_floor":[111,111,111,131,221,260,272,317,329,355,378,409,446,470,482,594,606,632,660,688,700,731,775,787,799,799],"floor_reached":25,"language":"ENG","playtime":1566,"items_purged":[],"score":320,"play_id":"e3e57dbe-7637-47df-8511-6dab41a5bac0","local_time":"20210118060228","is_ascension_mode":false,"campfire_choices":[{"data":"Gash","floor":7,"key":"SMITH"},{"floor":15,"key":"REST"},{"floor":24,"key":"REST"}],"circlet_count":0,"master_deck":["Gash","Gash","Gash+1","Gash+1","Gash","Defend_B","Defend_B","Defend_B","Defend_B","FTL","Skim","Clawfect:ClawSnap","Chill","Leap","Rebound","Clawfect:Clawline","ReplayGash","Hologram","Clawfect:Clawline","Clawfect:ClawCell","Biased Cognition","Clawfect:ClawAndTear+1","Gash+1","Clawfect:ClawForTheEyes","Glacier","Reboot"],"relics":["Clawfect:DRClaw","NeowsBlessing","MawBank","StoneCalendar","ReplayFunnel","Peace Pipe","Strawberry","Tiny Chest"],"acts_visited":["Exordium","TheCity"],"potions_floor_usage":[],"damage_taken":[{"damage":0,"enemies":"Small Slimes","floor":1,"turns":1},{"damage":0,"enemies":"Jaw Worm","floor":4,"turns":1},{"damage":0,"enemies":"Replay:BlueRogue","floor":6,"turns":1},{"damage":0,"enemies":"3 Sentries","floor":8,"turns":6},{"damage":0,"enemies":"2 Louse","floor":10,"turns":3},{"damage":1,"enemies":"Looter","floor":11,"turns":3},{"damage":14,"enemies":"Large Slime","floor":12,"turns":5},{"damage":1,"enemies":"HollowMod:MossKnight","floor":13,"turns":6},{"damage":3,"enemies":"Red Slaver","floor":14,"turns":3},{"damage":11,"enemies":"Slime Boss","floor":16,"turns":7},{"damage":12,"enemies":"Chosen","floor":18,"turns":5},{"damage":7,"enemies":"Shell Parasite","floor":19,"turns":4},{"damage":16,"enemies":"3 Cultists","floor":20,"turns":5},{"damage":13,"enemies":"Centurion and Healer","floor":22,"turns":4},{"damage":29,"enemies":"Gremlin Leader","floor":23,"turns":7},{"damage":36,"enemies":"Slavers","floor":25,"turns":5}],"seed_played":"8088914262244259974","potions_obtained":[{"floor":8,"key":"Death Potion"},{"floor":10,"key":"Venom Potion"},{"floor":11,"key":"SneckoOil"}],"is_trial":false,"path_per_floor":["M","?","?","M","?","E","R","E","T","M","M","M","E","M","R","B",null,"M","M","M","?","M","E","R","E"],"character_chosen":"DEFECT","items_purchased":[],"campfire_rested":2,"item_purchase_floors":[],"current_hp_per_floor":[75,68,68,68,38,38,38,38,38,38,37,23,29,26,50,39,82,70,63,47,47,34,5,29,0,0],"gold":799,"neow_bonus":"THREE_ENEMY_KILL","is_daily":false,"chose_seed":false,"campfire_upgraded":1,"win_rate":0.0,"timestamp":1610971348,"path_taken":["M","?","?","M","?","E","R","E","T","M","M","M","E","M","R","BOSS","M","M","M","?","M","E","R","E"],"items_purchased_type":[],"build_version":"2020-12-22","purchased_purges":0,"victory":false,"max_hp_per_floor":[75,75,75,75,75,75,75,75,75,75,75,75,82,82,82,82,82,82,82,82,82,82,82,82,82,82],"card_choices":[{"not_picked":["Panic Button","Clawfect:ClawpileDriver"],"picked":"FTL","floor":1},{"not_picked":["Clawfect:ScrapingClaw","Redo"],"picked":"Skim","floor":4},{"not_picked":["ReplayTheSpireMod:Repulse","Clawfect:ScrapingClaw"],"picked":"Clawfect:ClawSnap","floor":5},{"not_picked":["Heatsinks","Panic Button"],"picked":"Chill","floor":5},{"not_picked":["Thunder Strike","Darkness"],"picked":"Leap","floor":6},{"not_picked":["Coolheaded","Clawfect:ClawLightning"],"picked":"Rebound","floor":8},{"not_picked":["Crystallizer","Aggregate"],"picked":"Clawfect:Clawline","floor":10},{"not_picked":["Fusion","Steam"],"picked":"ReplayGash","floor":11},{"not_picked":["Capacitor","Coolheaded"],"picked":"Hologram","floor":12},{"not_picked":["Conserve Battery","Thunder Strike"],"picked":"Clawfect:Clawline","floor":13},{"not_picked":["Redo","Defragment"],"picked":"Clawfect:ClawCell","floor":14},{"not_picked":["Amplify","Fission"],"picked":"Biased Cognition","floor":16},{"not_picked":["Clawfect:ClawSnap","Panic Button"],"picked":"Clawfect:ClawAndTear+1","floor":18},{"not_picked":["Skim+1","Fusion"],"picked":"Gash+1","floor":19},{"not_picked":["Sunder+1","Clawfect:ClawCell"],"picked":"Clawfect:ClawForTheEyes","floor":20},{"not_picked":["ReplayTheSpireMod:Calculation Training","Double Energy"],"picked":"Glacier","floor":22},{"not_picked":["Storm+1","Steam Power"],"picked":"Reboot","floor":23}],"player_experience":82166,"relics_obtained":[{"floor":5,"key":"MawBank"},{"floor":6,"key":"StoneCalendar"},{"floor":8,"key":"ReplayFunnel"},{"floor":9,"key":"Peace Pipe"},{"floor":13,"key":"Strawberry"},{"floor":23,"key":"Tiny Chest"}],"event_choices":[{"cards_removed":["Defend_B"],"damage_healed":0,"gold_gain":0,"player_choice":"Card Removal","damage_taken":7,"max_hp_gain":0,"max_hp_loss":0,"event_name":"Golden Wing","floor":2,"gold_loss":0},{"damage_healed":0,"gold_gain":0,"player_choice":"Grow","damage_taken":0,"max_hp_gain":0,"max_hp_loss":0,"event_name":"Living Wall","floor":3,"gold_loss":0,"cards_upgraded":["Gash"]},{"damage_healed":0,"gold_gain":0,"player_choice":"Ignored","damage_taken":0,"max_hp_gain":0,"max_hp_loss":0,"event_name":"betterNote:BetterNote","floor":21,"gold_loss":0,"cards_obtained":["Slice"]}],"is_beta":false,"boss_relics":[{"not_picked":["Sozu","Philosopher\u0027s Stone","Replay:Wanted Poster"]}],"items_purged_floors":[],"is_endless":false,"potions_floor_spawned":[8,10,11,13,19,20,22],"killed_by":"Slavers","ascension_level":0}}