{"host":"15f3wpiimhe5yrng","time":1610992621,"event":{"mods":["100% Spire Juice","2.2 Compatiblity","BaseMod","Bestiary","Better Altar","Better Match","Better Note","Better Sensory Stone","Better Skull","Better Third Choice","Colored Map","Colored Powertips","Downfall","Good Game Mod","Ironclad Rager","Marisa????????","Minty Spire (QoL Compilation)","Permanent Neow","Relic Filter","SacredBarkPlus","Spicy Shops","StS++","StSLib","The Animator","The Cursed","The Forsaken","The Marked","TheSwordswoman"],"gold_per_floor":[99,110,127,302,316,18,18,18,45,45,45,45,55,66,82,178,178,178,196,16,16,16,16,16,16,76,76,86,115,115,147,158,254,254,54,72,122,138,157,157,157,157,172,197,214,214,234,234,252,252],"floor_reached":51,"language":"ENG","playtime":3698,"items_purged":["Doubt","downfall:Aged"],"score":842,"play_id":"47d269e9-826d-49ba-8b31-8ed64122b30c","local_time":"20210118185701","is_ascension_mode":false,"campfire_choices":[{"data":"hexamod:Sear","floor":1,"key":"SMITH"},{"data":"hexamod:Haunt","floor":8,"key":"SMITH"},{"data":"hexamod:UnleashSpirits","floor":10,"key":"SMITH"},{"data":"hexamod:RecurringNightmare","floor":12,"key":"SMITH"},{"data":"hexamod:ForkedFlame","floor":18,"key":"SMITH"},{"data":"hexamod:UnleashSpirits","floor":27,"key":"SMITH"},{"data":"hexamod:ParanormalForm","floor":35,"key":"SMITH"},{"data":"hexamod:UnleashSpirits","floor":40,"key":"SMITH"},{"data":"hexamod:EtherealExpedition","floor":42,"key":"SMITH"}],"circlet_count":0,"master_deck":["hexamod:Strike","hexamod:Defend","hexamod:Defend","hexamod:Sear+1","hexamod:Float","hexamod:UnleashSpirits+1","hexamod:GhostShield","hexamod:RetreatToShadows","hexamod:Hexaguard","hexamod:Haunt+1","hexamod:GhostShield","hexamod:RecurringNightmare+1","hexamod:NightmareGuise","hexamod:NightmareStrike","hexamod:ForkedFlame+1","hexamod:GhostLash","hexamod:UnleashSpirits+1","hexamod:GhostShield","hexamod:UnleashSpirits+1","hexamod:RecurringNightmare+1","hexamod:ApocalypseNow","hexamod:FlamesFromBeyond","hexamod:EtherealExpedition+1","hexamod:UnleashSpirits+1","hexamod:ParanormalForm+1","hexamod:Haunt","downfall:Malfunctioning"],"relics":["hexamod:SpiritBrand","REME:ComplimentaryCards","HornCleat","Bag of Marbles","Philosopher\u0027s Stone","Membership Card","downfall:RedIOU","Chemical X","ClockworkSouvenir","Happy Flower","Du-Vu Doll","Pear","Busted Crown","downfall:HeartBlessingGreen","downfall:HeartBlessingBlue","StSpp:WoodenStick","theForsaken:Gavel","Gremlin Horn"],"acts_visited":["Exordium","TheCity","TheBeyond"],"potions_floor_usage":[31,33,36,50],"damage_taken":[{"damage":0,"enemies":"2 Louse","floor":2,"turns":2},{"damage":0,"enemies":"Cultist","floor":3,"turns":3},{"damage":0,"enemies":"Jaw Worm","floor":5,"turns":4},{"damage":0,"enemies":"downfall:FleeingMerchant","floor":6,"turns":4},{"damage":0,"enemies":"Gremlin Nob","floor":9,"turns":3},{"damage":0,"enemies":"Blue Slaver","floor":13,"turns":2},{"damage":0,"enemies":"Large Slime","floor":14,"turns":3},{"damage":1,"enemies":"3 Louse","floor":15,"turns":3},{"damage":44,"enemies":"WA_ARCHETYPE_RETAIN","floor":16,"turns":7},{"damage":0,"enemies":"Spheric Guardian","floor":19,"turns":4},{"damage":0,"enemies":"downfall:FleeingMerchant","floor":20,"turns":4},{"damage":0,"enemies":"downfall:FleeingMerchant","floor":26,"turns":3},{"damage":18,"enemies":"3 Byrds","floor":28,"turns":3},{"damage":2,"enemies":"Book of Stabbing","floor":29,"turns":3},{"damage":15,"enemies":"Gremlin Leader","floor":31,"turns":3},{"damage":14,"enemies":"Snake Plant","floor":32,"turns":3},{"damage":15,"enemies":"DF_ARCHETYPE_CLAW","floor":33,"turns":6},{"damage":4,"enemies":"3 Darklings","floor":36,"turns":3},{"damage":8,"enemies":"3 Darklings","floor":37,"turns":3},{"damage":3,"enemies":"3 Shapes","floor":38,"turns":3},{"damage":0,"enemies":"Transient","floor":39,"turns":5},{"damage":0,"enemies":"Sphere and 2 Shapes","floor":43,"turns":2},{"damage":0,"enemies":"Reptomancer","floor":44,"turns":4},{"damage":0,"enemies":"3 Darklings","floor":45,"turns":4},{"damage":0,"enemies":"Maw","floor":47,"turns":3},{"damage":6,"enemies":"Jaw Worm Horde","floor":49,"turns":3},{"damage":6,"enemies":"IC_BLOCK_ARCHETYPE","floor":50,"turns":5}],"seed_played":"3340812699033301202","potions_obtained":[{"floor":2,"key":"Explosive Potion"},{"floor":9,"key":"GamblersBrew"},{"floor":13,"key":"BlessingOfTheForge"},{"floor":15,"key":"StSpp:SecondWindPotion"},{"floor":32,"key":"Energy Potion"},{"floor":33,"key":"AttackPotion"},{"floor":37,"key":"StSpp:ScatteredWeakPotion"}],"is_trial":false,"path_per_floor":["R","M","M","?","M","$","T","R","E","R","?","R","M","M","M","B",null,"R","M","$","?","?","?","T","?","$","R","M","E","?","E","M","B",null,"R","M","?","M","M","R","T","R","M","E","M","?","M","?","M","B",null],"character_chosen":"THE_SPIRIT","items_purchased":["MealTicket","hexamod:GhostShield","hexamod:HeatShield","hexamod:GhostShield","Membership Card","Chemical X","hexamod:EtherealExpedition","ClockworkSouvenir","Happy Flower"],"campfire_rested":0,"item_purchase_floors":[6,6,6,20,20,26,26,26,26],"current_hp_per_floor":[70,70,70,70,70,70,70,70,70,70,70,70,70,70,69,25,70,70,70,70,70,70,70,70,70,70,70,52,50,50,45,31,16,80,90,86,78,75,75,75,75,75,75,75,75,75,75,75,69,63],"gold":252,"neow_bonus":"ONE_RANDOM_RARE_CARD","is_daily":false,"chose_seed":false,"campfire_upgraded":9,"win_rate":0.0,"timestamp":1610992621,"path_taken":["R","M","M","?","M","$","T","R","E","R","?","R","?","M","M","BOSS","R","M","$","?","?","?","T","?","?","R","?","E","?","E","M","BOSS","R","M","?","M","M","R","T","R","M","E","M","?","?","?","M","BOSS"],"items_purchased_type":["Relic","Card","Card","Card","Relic","Relic","Card","Relic","Relic"],"build_version":"2020-12-22","purchased_purges":2,"victory":true,"max_hp_per_floor":[70,70,70,70,70,70,70,70,70,70,70,70,70,70,70,70,70,70,70,70,70,70,70,70,70,70,70,70,70,70,80,80,80,80,90,90,90,90,90,90,90,90,90,90,90,90,90,90,90,90],"card_choices":[{"not_picked":["hexamod:Firestarter","hexamod:RetreatToShadows"],"picked":"hexamod:GhostShield","floor":2},{"not_picked":["hexamod:InspiringFlames","hexamod:SuperheatedStrike"],"picked":"hexamod:RetreatToShadows","floor":3},{"not_picked":["hexamod:BurningTouch","hexamod:FastForward"],"picked":"hexamod:Hexaguard","floor":5},{"not_picked":["hexamod:WildfireWeapon","hexamod:NightmareStrike"],"picked":"hexamod:Haunt","floor":6},{"not_picked":["hexamod:HeatMetal","hexamod:RadiantFlame"],"picked":"hexamod:RecurringNightmare","floor":9},{"not_picked":["hexamod:AdvancingGuard","hexamod:HeatMetal"],"picked":"hexamod:NightmareGuise","floor":13},{"not_picked":["hexamod:ShieldOfDarkness","hexamod:SecondSeal","hexamod:Incineration"],"picked":"SKIP","floor":14},{"not_picked":["hexamod:ThermalTransfer","hexamod:BacktrackSmack"],"picked":"hexamod:NightmareStrike","floor":15},{"not_picked":["hexamod:GhostflameInferno","hexamod:TimeWarp"],"picked":"hexamod:ForkedFlame","floor":16},{"not_picked":["hexamod:SuperheatedStrike+1","hexamod:GhostShield"],"picked":"hexamod:GhostLash","floor":19},{"not_picked":["hexamod:NecessarySacrifice","hexamod:FlamesFromBeyond"],"picked":"hexamod:UnleashSpirits","floor":20},{"not_picked":["hexamod:BurningTouch+1","hexamod:GhostLash+1"],"picked":"hexamod:FlamesFromBeyond","floor":26},{"not_picked":["hexamod:FlamesFromBeyond","hexamod:BacktrackSmack","hexamod:NecessarySacrifice+1"],"picked":"SKIP","floor":28},{"not_picked":["hexamod:RadiantFlame","hexamod:SwordOfDarkness","hexamod:Firestarter"],"picked":"SKIP","floor":29},{"not_picked":["hexamod:HeatMetal","hexamod:BurningTouch+1"],"picked":"hexamod:UnleashSpirits","floor":31},{"not_picked":["hexamod:HeatShield","hexamod:HauntingEcho","hexamod:InspiringFlames"],"picked":"SKIP","floor":32},{"not_picked":["hexamod:ApocalypseNow","hexamod:SixthSeal"],"picked":"hexamod:ParanormalForm","floor":33},{"not_picked":["hexamod:RadiantFlame+1"],"picked":"SKIP","floor":36},{"not_picked":[],"picked":"hexamod:Haunt","floor":37},{"not_picked":["hexamod:ExtraCrispy"],"picked":"SKIP","floor":38},{"not_picked":["hexamod:NightmareGuise"],"picked":"SKIP","floor":39},{"not_picked":["hexamod:Firestarter+1"],"picked":"SKIP","floor":43},{"not_picked":["hexamod:SixthSeal"],"picked":"SKIP","floor":44},{"not_picked":["hexamod:AdvancingGuard"],"picked":"SKIP","floor":45},{"not_picked":["hexamod:AdvancingGuard"],"picked":"SKIP","floor":47},{"not_picked":["hexamod:StepThrough"],"picked":"SKIP","floor":49}],"player_experience":166084,"relics_obtained":[{"floor":7,"key":"HornCleat"},{"floor":9,"key":"Bag of Marbles"},{"floor":29,"key":"Du-Vu Doll"},{"floor":31,"key":"Pear"},{"floor":37,"key":"StSpp:WoodenStick"},{"floor":41,"key":"theForsaken:Gavel"},{"floor":44,"key":"Gremlin Horn"}],"event_choices":[],"is_beta":false,"boss_relics":[{"not_picked":["SlaversCollar","StSpp:FireArrow"],"picked":"Philosopher\u0027s Stone"},{"not_picked":["Fusion Hammer","StSpp:Balance"],"picked":"Busted Crown"}],"items_purged_floors":[6,26],"is_endless":false,"potions_floor_spawned":[2,9,13,15,28,29,32,33,37,38,43],"ascension_level":0}}