{"host":"9eh033lgxm3bmtbn","time":1610971744,"event":{"mods":["100% Spire Juice","AchievementEnabler","BaseMod","Colored Map","Downfall","Highlight Path","Marisa????????","Minty Spire (QoL Compilation)","READ ME - Snecko Mod","Shop Mod","Spicy Shops","StSLib","The Animator","The Bug Knight","The Cursed","The Disciple","The Servant 0.9.4"],"gold_per_floor":[99,119,132,193,368,14,14,89,120,20,40,72,72,72,83,83,83,83],"floor_reached":16,"language":"ENG","playtime":1553,"items_purged":["Pain"],"score":133,"play_id":"f125190e-98e7-4268-bd76-49334578b8f4","local_time":"20210118150904","is_ascension_mode":false,"campfire_choices":[{"data":"Slimebound:Split","floor":1,"key":"SMITH"},{"floor":10,"key":"REST"},{"floor":13,"key":"REST"}],"circlet_count":0,"master_deck":["Slimebound:Strike_Slimebound","Slimebound:Strike_Slimebound","Slimebound:Strike_Slimebound","Slimebound:Tackle","Slimebound:Defend_Slimebound","Slimebound:Defend_Slimebound","Slimebound:Defend_Slimebound","Slimebound:Defend_Slimebound","Slimebound:Split+1","Slimebound:CorrosiveSpit","Slimebound:AcidTongue","Slimebound:Repurpose","Slimebound:WasteNot","Doubt","Slimebound:Schlurp","expansioncontent:QuickStudy","Slimebound:Repurpose","Slimebound:RainOfGoop","Slimebound:FormOfPuddle","Slimebound:Schlurp","Parasite","Slimebound:LivingWall"],"relics":["bronze:MakeshiftBattery","Sundial","Strange Spoon","PreservedInsect","downfall:HeartBlessingBlue","Slimebound:MaxSlimesRelic"],"acts_visited":["Exordium"],"potions_floor_usage":[4,12,16],"damage_taken":[{"damage":0,"enemies":"2 Louse","floor":2,"turns":2},{"damage":1,"enemies":"Jaw Worm","floor":3,"turns":3},{"damage":24,"enemies":"Lagavulin Event","floor":4,"turns":5},{"damage":7,"enemies":"downfall:FleeingMerchant","floor":6,"turns":4},{"damage":30,"enemies":"Lagavulin","floor":9,"turns":8},{"damage":0,"enemies":"Small Slimes","floor":11,"turns":3},{"damage":17,"enemies":"HollowMod:MossKnight","floor":12,"turns":6},{"damage":0,"enemies":"Exordium Wildlife","floor":15,"turns":3},{"damage":73,"enemies":"SI_SHIV_ARCHETYPE","floor":16,"turns":10}],"seed_played":"-1628505282085904511","potions_obtained":[{"floor":3,"key":"Explosive Potion"},{"floor":9,"key":"Fruit Juice"},{"floor":11,"key":"SmokeBomb"},{"floor":15,"key":"SneckoOil"}],"is_trial":false,"path_per_floor":["R","M","M","?","?","$","T","?","E","R","M","E","R","?","M","B"],"character_chosen":"SLIMEBOUND","items_purchased":["expansioncontent:QuickStudy","Slimebound:Repurpose","Strange Spoon"],"campfire_rested":2,"item_purchase_floors":[6,6,6],"current_hp_per_floor":[65,65,64,40,40,33,33,33,3,35,35,23,47,67,67,0,0,0],"gold":83,"neow_bonus":"BOSS_RELIC","is_daily":false,"chose_seed":false,"campfire_upgraded":1,"win_rate":0.0,"timestamp":1610971744,"path_taken":["R","M","M","?","?","$","T","?","E","R","?","E","R","?","M","BOSS"],"items_purchased_type":["Card","Card","Relic"],"build_version":"2020-12-22","purchased_purges":1,"victory":false,"max_hp_per_floor":[65,65,65,65,65,65,65,65,65,75,75,80,80,80,80,80,80,80],"card_choices":[{"not_picked":["Slimebound:PressTheAttack","Slimebound:SlimeSpikes"],"picked":"Slimebound:AcidTongue","floor":2},{"not_picked":["Slimebound:ItLooksTasty","Slimebound:SplitBruiser"],"picked":"Slimebound:Repurpose","floor":3},{"not_picked":["Slimebound:LeechEnergy","Slimebound:ItLooksTasty"],"picked":"Slimebound:WasteNot","floor":4},{"not_picked":["Slimebound:Replication","Slimebound:SlimeSpikes"],"picked":"Slimebound:Schlurp","floor":6},{"not_picked":["Slimebound:Schlurp","Slimebound:SplitAcid"],"picked":"Slimebound:RainOfGoop","floor":9},{"not_picked":["Slimebound:RollThrough","Slimebound:BestDefense"],"picked":"Slimebound:FormOfPuddle","floor":11},{"not_picked":["Slimebound:SlimeSpikes","Slimebound:RollThrough"],"picked":"Slimebound:Schlurp","floor":12},{"not_picked":["Slimebound:MegaLick","Slimebound:FinishingTackle"],"picked":"Slimebound:LivingWall","floor":15}],"player_experience":335573,"relics_obtained":[{"floor":4,"key":"Sundial"},{"floor":9,"key":"PreservedInsect"},{"floor":12,"key":"Slimebound:MaxSlimesRelic"}],"event_choices":[{"damage_healed":20,"gold_gain":0,"player_choice":"Healed and dodged fight","damage_taken":0,"max_hp_gain":0,"max_hp_loss":0,"event_name":"Mushrooms","floor":14,"gold_loss":0,"cards_obtained":["Parasite"]}],"is_beta":false,"boss_relics":[],"items_purged_floors":[6],"is_endless":false,"potions_floor_spawned":[3,9,11,15],"killed_by":"SI_SHIV_ARCHETYPE","ascension_level":0}}