{"host":"3a1ypf1irl30q4k8","time":1610991787,"event":{"mods":["AchievementEnabler","BaseMod","Bestiary","Colored Map","Minty Spire (QoL Compilation)","Relic Stats"],"gold_per_floor":[110,126,140,154,154,183,195,211,264,264,53,111,111,124,124,225,225,244,254,63,82,102,102,135,35,35,35,50,50,50,70,70,175,175,189,189,209,15,15,15],"floor_reached":39,"language":"ENG","playtime":4213,"items_purged":["Strike_P","Defend_P","Defend_P"],"score":523,"play_id":"c343a065-014d-4fc7-80b6-7025b0aab5da","local_time":"20210118174307","is_ascension_mode":true,"campfire_choices":[{"floor":10,"key":"REST"},{"floor":13,"key":"REST"},{"data":"Consecrate","floor":15,"key":"SMITH"},{"floor":23,"key":"REST"},{"floor":29,"key":"REST"},{"floor":32,"key":"REST"}],"circlet_count":0,"master_deck":["Defend_P+1","Defend_P+1","Eruption+1","Vigilance","BattleHymn","ReachHeaven","Crescendo","FearNoEvil","Adaptation","FollowUp","EmptyMind","LessonLearned","FlyingSleeves","Consecrate+1","ReachHeaven+1","Collect+1","WindmillStrike+1","ThirdEye","FlurryOfBlows+1","ClearTheMind","Halt+1","Nirvana+1","Sanctity+1","Protect+1","Wish","EmptyBody","Calculated Gamble","Tantrum"],"relics":["PureWater","Pantograph","Art of War","Potion Belt","Mummified Hand","Astrolabe","Happy Flower","Bronze Scales","Girya","Cursed Key"],"acts_visited":["Exordium","TheCity","TheBeyond"],"potions_floor_usage":[7,16,18,22,24,33,37],"damage_taken":[{"damage":0,"enemies":"Cultist","floor":1,"turns":2},{"damage":0,"enemies":"Jaw Worm","floor":2,"turns":3},{"damage":0,"enemies":"2 Louse","floor":3,"turns":3},{"damage":14,"enemies":"Exordium Wildlife","floor":4,"turns":5},{"damage":12,"enemies":"Lagavulin","floor":6,"turns":5},{"damage":23,"enemies":"Exordium Thugs","floor":7,"turns":2},{"damage":7,"enemies":"3 Louse","floor":8,"turns":2},{"damage":27,"enemies":"3 Sentries","floor":12,"turns":5},{"damage":0,"enemies":"Blue Slaver","floor":14,"turns":2},{"damage":0,"enemies":"Slime Boss","floor":16,"turns":4},{"damage":26,"enemies":"3 Byrds","floor":18,"turns":4},{"damage":11,"enemies":"2 Thieves","floor":19,"turns":3},{"damage":17,"enemies":"Snecko","floor":21,"turns":4},{"damage":12,"enemies":"Cultist and Chosen","floor":22,"turns":5},{"damage":10,"enemies":"Gremlin Leader","floor":24,"turns":4},{"damage":5,"enemies":"Shelled Parasite and Fungi","floor":28,"turns":2},{"damage":14,"enemies":"Centurion and Healer","floor":31,"turns":3},{"damage":46,"enemies":"Automaton","floor":33,"turns":10},{"damage":14,"enemies":"Orb Walker","floor":35,"turns":4},{"damage":26,"enemies":"3 Darklings","floor":37,"turns":6},{"damage":44,"enemies":"Transient","floor":39,"turns":3}],"seed_played":"587771683097669315","potions_obtained":[{"floor":2,"key":"Dexterity Potion"},{"floor":6,"key":"DistilledChaos"},{"floor":7,"key":"Ancient Potion"},{"floor":8,"key":"CultistPotion"},{"floor":16,"key":"SteroidPotion"},{"floor":19,"key":"Swift Potion"},{"floor":22,"key":"Explosive Potion"},{"floor":24,"key":"LiquidBronze"},{"floor":28,"key":"Ancient Potion"},{"floor":35,"key":"SkillPotion"}],"is_trial":false,"path_per_floor":["M","M","M","M","?","E","M","M","T","R","$","?","R","M","R","B",null,"M","M","$","M","M","R","E","$","T","$","M","R","?","M","R","B",null,"M","?","M","$","M"],"character_chosen":"WATCHER","items_purchased":["LessonLearned","Happy Flower","ClearTheMind","Tantrum"],"campfire_rested":5,"item_purchase_floors":[11,20,20,38],"current_hp_per_floor":[79,79,79,65,65,53,30,23,23,46,46,19,42,42,42,67,79,53,42,42,25,13,36,26,26,26,26,21,44,44,30,53,32,79,65,65,39,39,0,0],"gold":15,"neow_bonus":"TEN_PERCENT_HP_BONUS","is_daily":false,"chose_seed":false,"campfire_upgraded":1,"win_rate":0.0,"timestamp":1610991787,"path_taken":["M","M","M","?","?","E","M","M","T","R","?","?","R","M","R","BOSS","M","M","$","M","M","R","E","$","T","$","M","R","?","?","R","BOSS","M","?","M","?","M"],"items_purchased_type":["Card","Relic","Card","Card"],"build_version":"2020-12-22","purchased_purges":3,"victory":false,"max_hp_per_floor":[79,79,79,79,79,79,79,79,79,79,79,79,79,79,79,79,79,79,79,79,79,79,79,79,79,79,79,79,79,79,79,79,79,79,79,79,79,79,79,79],"relic_stats":{"Happy Flower":[13],"counters":[21,81],"Mummified Hand":[44],"Pantograph":50,"Astrolabe":["ReachHeaven","Collect","WindmillStrike"],"Bronze Scales":[87],"Art of War":[4],"Cursed Key":0,"obtain_stats":[{"Potion Belt":9,"Girya":26,"Happy Flower":20,"Mummified Hand":12,"Pantograph":5,"Astrolabe":17,"Bronze Scales":24,"Art of War":6,"PureWater":0,"Cursed Key":34},{"Potion Belt":7,"Girya":15,"Happy Flower":12,"Mummified Hand":8,"Pantograph":4,"Astrolabe":10,"Bronze Scales":15,"Art of War":5,"PureWater":0,"Cursed Key":18},{"Potion Belt":22,"Girya":53,"Happy Flower":40,"Mummified Hand":27,"Pantograph":13,"Astrolabe":33,"Bronze Scales":53,"Art of War":18,"PureWater":0,"Cursed Key":68}]},"card_choices":[{"not_picked":["Halt","CrushJoints"],"picked":"BattleHymn","floor":1},{"not_picked":["LikeWater","Halt"],"picked":"ReachHeaven","floor":2},{"not_picked":["EmptyFist","Halt"],"picked":"Crescendo","floor":3},{"not_picked":["FollowUp","FlurryOfBlows"],"picked":"FearNoEvil","floor":4},{"not_picked":["DeceiveReality","BowlingBash"],"picked":"Adaptation","floor":6},{"not_picked":["Crescendo","Pray"],"picked":"FollowUp","floor":7},{"not_picked":["WreathOfFlame","SashWhip"],"picked":"EmptyMind","floor":8},{"not_picked":["JustLucky","ConjureBlade"],"picked":"FlyingSleeves","floor":12},{"not_picked":["Fasting2","JustLucky"],"picked":"Consecrate","floor":14},{"not_picked":["DeusExMachina","Scrawl"],"picked":"DevaForm","floor":16},{"not_picked":["Evaluate","WheelKick+1"],"picked":"ThirdEye","floor":18},{"not_picked":["Prostrate","Consecrate"],"picked":"FlurryOfBlows+1","floor":19},{"not_picked":["EmptyBody","FlurryOfBlows"],"picked":"Halt+1","floor":21},{"not_picked":["FlyingSleeves+1","WaveOfTheHand"],"picked":"Nirvana+1","floor":22},{"not_picked":["WreathOfFlame","Consecrate+1"],"picked":"Sanctity+1","floor":24},{"not_picked":["Collect","Devotion","SashWhip"],"picked":"SKIP","floor":28},{"not_picked":["Perseverance","SandsOfTime"],"picked":"Protect+1","floor":31},{"not_picked":["Judgement","Brilliance"],"picked":"Wish","floor":33},{"not_picked":["SashWhip+1","ClearTheMind"],"picked":"EmptyBody","floor":35},{"not_picked":["Worship","FollowUp+1","WindmillStrike"],"picked":"SKIP","floor":37}],"player_experience":1109746,"relics_obtained":[{"floor":6,"key":"Art of War"},{"floor":9,"key":"Potion Belt"},{"floor":12,"key":"Mummified Hand"},{"floor":24,"key":"Bronze Scales"},{"floor":26,"key":"Girya"}],"event_choices":[{"damage_healed":0,"gold_gain":0,"player_choice":"Gave Potion","damage_taken":0,"relics_obtained":["Pantograph"],"max_hp_gain":0,"max_hp_loss":0,"event_name":"WeMeetAgain","floor":5,"gold_loss":0},{"damage_healed":0,"gold_gain":0,"player_choice":"Searched \u00272\u0027 times","damage_taken":0,"max_hp_gain":0,"max_hp_loss":0,"event_name":"Dead Adventurer","floor":12,"gold_loss":0},{"damage_healed":0,"gold_gain":0,"player_choice":"Leave","damage_taken":0,"max_hp_gain":0,"max_hp_loss":0,"event_name":"FaceTrader","floor":30,"gold_loss":0},{"cards_removed":["DevaForm"],"damage_healed":0,"gold_gain":0,"player_choice":"Took Card","damage_taken":0,"max_hp_gain":0,"max_hp_loss":0,"event_name":"NoteForYourself","floor":36,"gold_loss":0,"cards_obtained":["Calculated Gamble"]}],"is_beta":false,"boss_relics":[{"not_picked":["Runic Dome","Velvet Choker"],"picked":"Astrolabe"},{"not_picked":["HolyWater","Coffee Dripper"],"picked":"Cursed Key"}],"items_purged_floors":[11,25,38],"is_endless":false,"potions_floor_spawned":[2,6,7,8,16,19,22,24,28,35],"killed_by":"Transient","ascension_level":3}}