{"host":"0997y4wz57mwz0jp","time":1610953522,"event":{"mods":["2.2 Compatiblity","AchievementEnabler","BaseMod","CapriCore","Hermit","Koishi","Marisa£¨Ùöéë¡¡Øª×âÞÞ£©","Minty Spire (QoL Compilation)","StSLib","The Cursed","The Dragon Tamer","The Gatherer","The Hierophant","The Immortal"],"gold_per_floor":[116,191,191,35,47,77,92,107,131,131,146,174,245,255,255,357,357,369,644,664,132,145,145,155,185,185,211,0,0,0,0,0,0,0,0],"floor_reached":33,"language":"KOR","playtime":2315,"items_purged":[],"score":320,"play_id":"50d05bbe-86e0-48a7-91ff-802419d3bde6","local_time":"20210118160522","is_ascension_mode":false,"campfire_choices":[{"data":"MokouMod:InfernalWave","floor":10.0,"key":"SMITH"},{"floor":15.0,"key":"REST"},{"floor":23.0,"key":"REST"},{"floor":32.0,"key":"REST"}],"circlet_count":0,"master_deck":["MokouMod:Strike","MokouMod:Strike+1","MokouMod:Strike","MokouMod:Strike","MokouMod:Strike","MokouMod:Defend","MokouMod:Defend","MokouMod:Defend+1","MokouMod:Defend","MokouMod:HeatSpark","MokouMod:IgneousBlow","MokouMod:InfernalWave+1","MokouMod:IndiscriminateIgnition","MokouMod:SearingShot","MokouMod:FlamingFireTalons","MokouMod:Sear","MokouMod:FlareStarter","MokouMod:ScorchedEarth","MokouMod:RadiantBlade","MokouMod:IndiscriminateIgnition+1","MokouMod:BurningDraft","Enlightenment","MokouMod:Sear","MokouMod:TemporalFireSeal+1","MokouMod:IndiscriminateIgnition","MokouMod:Trailblazer","MokouMod:GuidingSmoke"],"relics":["MokouMod:PhoenixFeather","NeowsBlessing","Frozen Eye","Omamori","Toy Ornithopter","Anchor","Philosopher\u0027s Stone","Bottled Tornado","Toolbox","Turnip","Tiny Chest","Bottled Lightning","The Courier"],"acts_visited":["Exordium","TheCity"],"potions_floor_usage":[],"damage_taken":[{"damage":0.0,"enemies":"2 Louse","floor":1.0,"turns":1.0},{"damage":0.0,"enemies":"Small Slimes","floor":5.0,"turns":1.0},{"damage":0.0,"enemies":"Gremlin Nob","floor":6.0,"turns":1.0},{"damage":0.0,"enemies":"Jaw Worm","floor":7.0,"turns":4.0},{"damage":8.0,"enemies":"Red Slaver","floor":8.0,"turns":3.0},{"damage":5.0,"enemies":"Looter","floor":11.0,"turns":3.0},{"damage":20.0,"enemies":"3 Sentries","floor":12.0,"turns":6.0},{"damage":0.0,"enemies":"Blue Slaver","floor":14.0,"turns":3.0},{"damage":45.0,"enemies":"The Guardian","floor":16.0,"turns":9.0},{"damage":10.0,"enemies":"2 Thieves","floor":18.0,"turns":3.0},{"damage":3.0,"enemies":"Spheric Guardian","floor":20.0,"turns":3.0},{"damage":34.0,"enemies":"Shelled Parasite and Fungi","floor":22.0,"turns":4.0},{"damage":18.0,"enemies":"Centurion and Healer","floor":24.0,"turns":6.0},{"damage":50.0,"enemies":"Gremlin Leader","floor":25.0,"turns":5.0},{"damage":46.0,"enemies":"Book of Stabbing","floor":27.0,"turns":6.0},{"damage":8152033,"enemies":"Collector","floor":33,"turns":7}],"seed_played":"5035007939576600293","potions_obtained":[{"floor":1.0,"key":"GamblersBrew"},{"floor":7.0,"key":"Explosive Potion"},{"floor":11.0,"key":"DuplicationPotion"},{"floor":16.0,"key":"Weak Potion"},{"floor":20.0,"key":"Dexterity Potion"},{"floor":22.0,"key":"PowerPotion"}],"is_trial":false,"path_per_floor":["M","?","?","$","M","E","M","M","T","R","M","E","?","M","R","B",null,"M","?","M","$","M","R","M","E","T","E","?","?","$","T","R","B"],"character_chosen":"MKU","items_purchased":["Frozen Eye","Bottled Tornado","Enlightenment","Toolbox","MokouMod:Sear"],"campfire_rested":3,"item_purchase_floors":[4,21,21,21,21],"current_hp_per_floor":[75,64,49,49,49,49,49,41,41,41,36,21,21,21,43,3,75,65,65,67,67,33,55,37,6,6,13,13,13,13,13,35,0,0,0],"gold":0,"neow_bonus":"THREE_ENEMY_KILL","is_daily":false,"chose_seed":false,"campfire_upgraded":1,"win_rate":0.0,"timestamp":1610953522,"path_taken":["M","?","?","$","M","E","M","M","T","R","M","E","?","M","R","BOSS","M","?","M","$","M","R","?","E","T","E","?","?","?","?","R","BOSS"],"items_purchased_type":["Relic","Relic","Card","Relic","Card"],"build_version":"2020-12-22","purchased_purges":0,"victory":false,"max_hp_per_floor":[75,75,75,75,75,75,75,75,75,75,75,75,75,75,75,75,75,75,75,75,75,75,75,75,75,75,75,75,75,75,75,75,75,75,75],"card_choices":[{"not_picked":["MokouMod:FusionFlare","MokouMod:CrimsonArmoury"],"picked":"MokouMod:IgneousBlow","floor":1.0},{"not_picked":["MokouMod:HeatFactory","MokouMod:FujiyamaVolcano"],"picked":"MokouMod:InfernalWave","floor":5.0},{"not_picked":["MokouMod:Rebirth","MokouMod:Scorch"],"picked":"MokouMod:IndiscriminateIgnition","floor":6.0},{"not_picked":["MokouMod:IgnitionBarrier","MokouMod:BlazingComet"],"picked":"MokouMod:SearingShot","floor":7.0},{"not_picked":["MokouMod:FusionFlare","MokouMod:IgneousBlow"],"picked":"MokouMod:FlamingFireTalons","floor":8.0},{"not_picked":["MokouMod:Rebirth","MokouMod:ResoluteFlare"],"picked":"MokouMod:Sear","floor":11.0},{"not_picked":["MokouMod:SubterraneanCore","MokouMod:SearingShot"],"picked":"MokouMod:FlareStarter","floor":12.0},{"not_picked":["MokouMod:Afterburner","MokouMod:IgnitionBarrier"],"picked":"MokouMod:ScorchedEarth","floor":14.0},{"not_picked":["MokouMod:SacredFire","MokouMod:Rekindle"],"picked":"MokouMod:RadiantBlade","floor":16.0},{"not_picked":["MokouMod:FlamingFireTalons","MokouMod:SubterraneanCore+1"],"picked":"MokouMod:IndiscriminateIgnition+1","floor":18.0},{"not_picked":["MokouMod:IgneousBlow","MokouMod:ResoluteFlare"],"picked":"MokouMod:BurningDraft","floor":20.0},{"not_picked":["MokouMod:Firecracker","MokouMod:FlickeringFlame"],"picked":"MokouMod:TemporalFireSeal+1","floor":22.0},{"not_picked":["MokouMod:Sear","MokouMod:Cataclysm"],"picked":"MokouMod:IndiscriminateIgnition","floor":24.0},{"not_picked":["MokouMod:InfernalWave","MokouMod:ScorchingColumn+1"],"picked":"MokouMod:Trailblazer","floor":25.0},{"not_picked":["MokouMod:InfernalWave","MokouMod:FlickeringFlame+1"],"picked":"MokouMod:GuidingSmoke","floor":27.0}],"player_experience":113621,"relics_obtained":[{"floor":6.0,"key":"Omamori"},{"floor":9.0,"key":"Toy Ornithopter"},{"floor":12.0,"key":"Anchor"},{"floor":25.0,"key":"Turnip"},{"floor":26.0,"key":"Tiny Chest"},{"floor":27.0,"key":"Bottled Lightning"},{"floor":31.0,"key":"The Courier"}],"event_choices":[{"damage_healed":0.0,"max_hp_gain":0.0,"max_hp_loss":0.0,"gold_gain":75.0,"event_name":"World of Goop","player_choice":"Gather Gold","floor":2.0,"gold_loss":0.0,"damage_taken":11.0},{"damage_healed":0.0,"max_hp_gain":0.0,"max_hp_loss":0.0,"gold_gain":0.0,"event_name":"Shining Light","player_choice":"Entered Light","floor":3.0,"gold_loss":0.0,"damage_taken":15.0,"cards_upgraded":["MokouMod:Defend","MokouMod:Strike"]},{"damage_healed":0.0,"max_hp_gain":0.0,"max_hp_loss":0.0,"gold_gain":71.0,"event_name":"Golden Wing","player_choice":"Gained Gold","floor":13.0,"gold_loss":0.0,"damage_taken":0.0},{"damage_healed":0.0,"max_hp_gain":0.0,"max_hp_loss":0.0,"gold_gain":275.0,"event_name":"Golden Shrine","player_choice":"Desecrate","floor":19.0,"gold_loss":0.0,"damage_taken":0.0,"cards_obtained":["Regret"]},{"damage_healed":0.0,"max_hp_gain":0.0,"max_hp_loss":0.0,"gold_gain":0.0,"event_name":"Masked Bandits","player_choice":"Paid Fearfully","floor":28.0,"gold_loss":211.0,"damage_taken":0.0},{"damage_healed":0.0,"max_hp_gain":0.0,"max_hp_loss":0.0,"gold_gain":0.0,"event_name":"Forgotten Altar","player_choice":"Smashed Altar","floor":29.0,"gold_loss":0.0,"damage_taken":0.0,"cards_obtained":["Decay"]}],"is_beta":false,"boss_relics":[{"not_picked":["Busted Crown","Runic Dome"],"picked":"Philosopher\u0027s Stone"}],"items_purged_floors":[],"is_endless":false,"potions_floor_spawned":[1,7,11,16,20,22],"killed_by":"Collector","ascension_level":0}}