{"host":"ccw6t0i2dpm5wyxf","time":1610959461,"event":{"mods":["AchievementEnabler","BaseMod","Colored Map","Minty Spire (QoL Compilation)","Permanent Neow","SuperFastMode"],"gold_per_floor":[99,73,2,2,2,2,2,2,2,2,2,2,2,2,2,2,2,2,2,2,2,2,2,2,2,2,2,2,2,2,2,2,2,2,2,2,2,2,2,2,2,2,2,2,2,2,2,2,2,2],"floor_reached":51,"language":"ENG","playtime":2411,"items_purged":[],"score":1205,"play_id":"a790388c-f181-4882-981d-abce83ba5678","local_time":"20210118024421","is_ascension_mode":true,"campfire_choices":[{"data":"Infernal Blade","floor":8,"key":"SMITH"},{"floor":15,"key":"REST"},{"data":"Bloodletting","floor":25,"key":"SMITH"},{"data":"Reaper","floor":32,"key":"SMITH"},{"data":"Reaper","floor":40,"key":"SMITH"},{"floor":42,"key":"REST"},{"data":"Corruption","floor":49,"key":"SMITH"}],"circlet_count":0,"master_deck":["Bash","Sentinel","True Grit","Infernal Blade+1","Disarm","Dark Embrace","Havoc","Sentinel","Reaper+1","Fiend Fire","Immolate","Sever Soul","Infernal Blade","Demon Form+1","Combust","Rampage","Dual Wield","Intimidate","Spot Weakness","Reaper+1","Flame Barrier+1","Bloodletting+1","Immolate","Infernal Blade+1","Shrug It Off+1","Impervious+1","Rupture+1","Anger+1","Ghostly Armor+1","Corruption+1","Shrug It Off+1","Madness+1","Madness+1","Shockwave+1","Flex+1"],"relics":["Ectoplasm","Meat on the Bone","Red Skull","Centennial Puzzle","Orichalcum","Pandora\u0027s Box","White Beast Statue","Charon\u0027s Ashes","Toxic Egg 2","Smiling Mask","Runic Cube","Unceasing Top","Strawberry","Bronze Scales","Mummified Hand"],"acts_visited":["Exordium","TheCity","TheBeyond"],"potions_floor_usage":[13,13,16,19,23,28,29,29,30,33,33,38,39,39,39,41,44,46,50,50,50],"damage_taken":[{"damage":7,"enemies":"Small Slimes","floor":1,"turns":4},{"damage":1,"enemies":"Cultist","floor":5,"turns":4},{"damage":41,"enemies":"3 Sentries","floor":6,"turns":13},{"damage":0,"enemies":"2 Louse","floor":10,"turns":2},{"damage":25,"enemies":"Lots of Slimes","floor":11,"turns":6},{"damage":2,"enemies":"2 Fungi Beasts","floor":12,"turns":3},{"damage":14,"enemies":"Lagavulin","floor":13,"turns":5},{"damage":57,"enemies":"The Guardian","floor":16,"turns":15},{"damage":3,"enemies":"Chosen","floor":18,"turns":4},{"damage":16,"enemies":"Spheric Guardian","floor":19,"turns":5},{"damage":8,"enemies":"Snake Plant","floor":22,"turns":4},{"damage":47,"enemies":"Slavers","floor":23,"turns":6},{"damage":4,"enemies":"3 Cultists","floor":27,"turns":3},{"damage":13,"enemies":"Book of Stabbing","floor":28,"turns":3},{"damage":13,"enemies":"Sentry and Sphere","floor":29,"turns":3},{"damage":18,"enemies":"Snake Plant","floor":30,"turns":2},{"damage":3,"enemies":"Gremlin Leader","floor":31,"turns":5},{"damage":72,"enemies":"Champ","floor":33,"turns":9},{"damage":30,"enemies":"3 Shapes","floor":35,"turns":2},{"damage":46,"enemies":"2 Orb Walkers","floor":36,"turns":4},{"damage":12,"enemies":"Orb Walker","floor":38,"turns":3},{"damage":18,"enemies":"3 Darklings","floor":39,"turns":4},{"damage":59,"enemies":"Reptomancer","floor":41,"turns":5},{"damage":16,"enemies":"Giant Head","floor":44,"turns":6},{"damage":3,"enemies":"Maw","floor":46,"turns":3},{"damage":15,"enemies":"Jaw Worm Horde","floor":47,"turns":2},{"damage":2,"enemies":"3 Darklings","floor":48,"turns":3},{"damage":56,"enemies":"Awakened One","floor":50,"turns":5}],"seed_played":"8835190468683996084","potions_obtained":[{"floor":10,"key":"BlessingOfTheForge"},{"floor":11,"key":"SkillPotion"},{"floor":13,"key":"ElixirPotion"},{"floor":16,"key":"HeartOfIron"},{"floor":19,"key":"Fire Potion"},{"floor":23,"key":"EssenceOfSteel"},{"floor":27,"key":"SneckoOil"},{"floor":28,"key":"Dexterity Potion"},{"floor":29,"key":"DistilledChaos"},{"floor":30,"key":"ColorlessPotion"},{"floor":31,"key":"ElixirPotion"},{"floor":33,"key":"Dexterity Potion"},{"floor":35,"key":"PowerPotion"},{"floor":36,"key":"SpeedPotion"},{"floor":38,"key":"Block Potion"},{"floor":39,"key":"SkillPotion"},{"floor":41,"key":"GamblersBrew"},{"floor":44,"key":"BlessingOfTheForge"},{"floor":46,"key":"SteroidPotion"},{"floor":47,"key":"FearPotion"},{"floor":48,"key":"ElixirPotion"}],"is_trial":false,"path_per_floor":["M","$","?","$","M","E","$","R","T","M","M","M","E","?","R","B",null,"M","M","?","?","M","E","$","R","T","M","E","M","M","E","R","B",null,"M","?","?","M","M","R","E","R","T","E","?","M","M","M","R","B",null],"character_chosen":"IRONCLAD","items_purchased":["True Grit"],"campfire_rested":2,"item_purchase_floors":[2],"current_hp_per_floor":[65,65,65,65,64,35,35,35,35,47,34,44,42,35,59,24,66,71,55,55,55,58,50,50,50,50,70,66,57,51,78,78,51,73,50,40,40,40,75,75,40,66,66,79,68,74,72,70,70,43],"gold":2,"neow_bonus":"BOSS_RELIC","is_daily":false,"chose_seed":false,"campfire_upgraded":5,"win_rate":0.0,"timestamp":1610959461,"path_taken":["M","$","?","$","?","E","$","R","T","M","M","M","E","?","R","BOSS","M","M","?","?","?","E","$","R","T","M","E","M","M","E","R","BOSS","M","?","?","?","M","R","E","R","T","E","?","M","M","M","R","BOSS"],"items_purchased_type":["Card"],"build_version":"2020-12-22","purchased_purges":0,"victory":true,"max_hp_per_floor":[80,80,80,80,80,80,80,80,80,80,80,80,80,80,80,80,80,80,80,80,80,80,80,80,80,80,80,80,80,80,80,80,80,80,80,80,80,80,80,80,87,87,87,87,87,87,87,87,87,87],"card_choices":[{"not_picked":["Clash","True Grit"],"picked":"Sentinel","floor":1},{"not_picked":["Wild Strike","Combust"],"picked":"Infernal Blade","floor":5},{"not_picked":["Juggernaut","Iron Wave"],"picked":"Disarm","floor":6},{"not_picked":["Clash","Searing Blow"],"picked":"Dark Embrace","floor":10},{"not_picked":["Thunderclap","Infernal Blade"],"picked":"Havoc","floor":11},{"not_picked":["Sword Boomerang","Havoc"],"picked":"Sentinel","floor":12},{"not_picked":["Power Through","Combust"],"picked":"Reaper","floor":13},{"not_picked":["Feed","Double Tap"],"picked":"Fiend Fire","floor":16},{"not_picked":["Sword Boomerang+1","True Grit"],"picked":"Intimidate","floor":18},{"not_picked":["Twin Strike","Ghostly Armor"],"picked":"Spot Weakness","floor":19},{"not_picked":["Thunderclap+1","Perfected Strike"],"picked":"Flame Barrier+1","floor":22},{"not_picked":["Iron Wave+1","Dark Embrace+1"],"picked":"Bloodletting","floor":23},{"not_picked":["Pummel","Anger"],"picked":"Immolate","floor":27},{"not_picked":["Entrench+1","True Grit+1"],"picked":"Infernal Blade+1","floor":28},{"not_picked":["Iron Wave","Body Slam","Clash+1"],"picked":"SKIP","floor":29},{"not_picked":["Pummel","Thunderclap"],"picked":"Shrug It Off+1","floor":30},{"not_picked":["Clothesline","Clash","Twin Strike"],"picked":"SKIP","floor":31},{"not_picked":["Juggernaut","Reaper"],"picked":"Impervious+1","floor":33},{"not_picked":["Intimidate+1","Havoc+1"],"picked":"Rupture+1","floor":35},{"not_picked":["Cleave","Iron Wave"],"picked":"Anger+1","floor":38},{"not_picked":["Anger","Headbutt"],"picked":"Ghostly Armor+1","floor":39},{"not_picked":["Perfected Strike","Dropkick"],"picked":"Corruption","floor":41},{"not_picked":["Body Slam+1","Clash+1"],"picked":"Shrug It Off+1","floor":44},{"not_picked":["Body Slam+1","Clash+1"],"picked":"Shockwave+1","floor":46},{"not_picked":["Shrug It Off+1","Heavy Blade+1","Rupture"],"picked":"SKIP","floor":47},{"not_picked":["Uppercut+1","Clothesline+1"],"picked":"Flex+1","floor":48}],"player_experience":288569,"relics_obtained":[{"floor":6,"key":"Red Skull"},{"floor":9,"key":"Centennial Puzzle"},{"floor":13,"key":"Orichalcum"},{"floor":23,"key":"White Beast Statue"},{"floor":26,"key":"Charon\u0027s Ashes"},{"floor":28,"key":"Toxic Egg 2"},{"floor":31,"key":"Smiling Mask"},{"floor":36,"key":"Unceasing Top"},{"floor":41,"key":"Strawberry"},{"floor":43,"key":"Bronze Scales"},{"floor":44,"key":"Mummified Hand"}],"event_choices":[{"damage_healed":0,"gold_gain":0,"player_choice":"Paid Gold","damage_taken":0,"relics_obtained":["Meat on the Bone"],"max_hp_gain":0,"max_hp_loss":0,"event_name":"WeMeetAgain","floor":3,"gold_loss":71},{"cards_removed":["Strike_R"],"damage_healed":0,"gold_gain":0,"player_choice":"Card Removal","damage_taken":7,"max_hp_gain":0,"max_hp_loss":0,"event_name":"Golden Wing","floor":14,"gold_loss":0},{"cards_removed":["Entrench"],"damage_healed":0,"gold_gain":0,"player_choice":"Elegance","damage_taken":0,"max_hp_gain":0,"max_hp_loss":0,"event_name":"Back to Basics","floor":20,"gold_loss":0},{"damage_healed":0,"gold_gain":0,"player_choice":"Copied","damage_taken":0,"max_hp_gain":0,"max_hp_loss":0,"event_name":"Duplicator","floor":21,"gold_loss":0,"cards_obtained":["Reaper"]},{"damage_healed":0,"gold_gain":0,"player_choice":"Fight","damage_taken":0,"max_hp_gain":0,"max_hp_loss":0,"event_name":"Mysterious Sphere","floor":36,"gold_loss":0},{"damage_healed":0,"gold_gain":0,"player_choice":"Upgraded","damage_taken":0,"max_hp_gain":0,"max_hp_loss":0,"event_name":"Upgrade Shrine","floor":37,"gold_loss":0,"cards_upgraded":["Demon Form"]},{"damage_healed":0,"gold_gain":0,"player_choice":"Embrace Madness","damage_taken":11,"max_hp_gain":0,"max_hp_loss":0,"event_name":"Winding Halls","floor":45,"gold_loss":0,"cards_obtained":["Madness","Madness"]}],"is_beta":false,"boss_relics":[{"not_picked":["Black Star","Astrolabe"],"picked":"Pandora\u0027s Box"},{"not_picked":["Calling Bell","Tiny House"],"picked":"Runic Cube"}],"items_purged_floors":[],"is_endless":false,"potions_floor_spawned":[10,11,13,16,19,23,27,28,29,30,31,33,35,36,38,39,41,44,46,47,48],"ascension_level":9}}