{"host":"qxeepl7ydvsgmfdb","time":1610977667,"event":{"mods":["AchievementEnabler","BaseMod","Colored Powertips","Minty Spire (QoL Compilation)","Quick Restart","slay the spire mod where everything is the same but ironclad has a cowboy hat"],"gold_per_floor":[117,67,67,28,38,71,88,107,107,141,154,154,174,174,174,275,275,293,14,14,37,47,47,67,67,67,77,105,105,105,117,117,117,117],"floor_reached":33,"language":"ENG","playtime":1058,"items_purged":["Regret"],"score":302,"play_id":"27af8c1c-ecd9-4521-96d8-859ea76c6cc1","local_time":"20210118084747","is_ascension_mode":false,"campfire_choices":[{"floor":12,"key":"RECALL"},{"floor":15,"key":"REST"},{"floor":23,"key":"REST"},{"floor":25,"key":"REST"},{"floor":32,"key":"REST"}],"circlet_count":0,"master_deck":["Strike_G+1","Strike_G+1","Strike_G+1","Defend_G+1","Defend_G+1","Defend_G+1","Defend_G+1","Defend_G+1","Survivor","Neutralize","Outmaneuver","Discovery","Poisoned Stab","Noxious Fumes","Dagger Spray","Slice","All Out Attack","Slice","Poisoned Stab","Phantasmal Killer","CurseOfTheBell","Blade Dance","Blade Dance","Cloak And Dagger","Corpse Explosion","Regret"],"relics":["Ring of the Snake","NeowsBlessing","Orichalcum","Shuriken","Frozen Egg 2","Art of War","Calling Bell","Pen Nib","Paper Crane","The Specimen","Bronze Scales","Toy Ornithopter","Tiny Chest"],"acts_visited":["Exordium","TheCity"],"potions_floor_usage":[16,16,33,33],"damage_taken":[{"damage":0,"enemies":"Small Slimes","floor":1,"turns":1},{"damage":0,"enemies":"Jaw Worm","floor":5,"turns":1},{"damage":0,"enemies":"3 Sentries","floor":6,"turns":1},{"damage":0,"enemies":"Cultist","floor":7,"turns":3},{"damage":5,"enemies":"3 Louse","floor":8,"turns":2},{"damage":25,"enemies":"Lagavulin","floor":10,"turns":6},{"damage":2,"enemies":"Exordium Thugs","floor":11,"turns":4},{"damage":0,"enemies":"Gremlin Gang","floor":13,"turns":1},{"damage":55,"enemies":"The Guardian","floor":16,"turns":11},{"damage":37,"enemies":"2 Thieves","floor":18,"turns":5},{"damage":2,"enemies":"Chosen","floor":22,"turns":4},{"damage":26,"enemies":"Centurion and Healer","floor":24,"turns":4},{"damage":7,"enemies":"3 Cultists","floor":27,"turns":4},{"damage":16,"enemies":"Slavers","floor":28,"turns":3},{"damage":14,"enemies":"Sentry and Sphere","floor":31,"turns":4},{"damage":66,"enemies":"Automaton","floor":33,"turns":6}],"seed_played":"-7094898095598085779","potions_obtained":[{"floor":5,"key":"GamblersBrew"},{"floor":7,"key":"DistilledChaos"},{"floor":13,"key":"BlessingOfTheForge"},{"floor":18,"key":"SpeedPotion"},{"floor":27,"key":"CultistPotion"}],"is_trial":false,"path_per_floor":["M","?","?","$","M","E","M","M","T","E","M","R","M","?","R","B",null,"M","$","?","T","M","R","M","R","T","M","E","?","?","M","R","B"],"character_chosen":"THE_SILENT","items_purchased":["Noxious Fumes","Bronze Scales","AttackPotion"],"campfire_rested":4,"item_purchase_floors":[4,19,19],"current_hp_per_floor":[70,70,70,70,70,70,70,65,65,40,38,38,38,38,59,4,70,33,33,33,33,31,52,26,47,47,40,24,47,47,33,54,0,0],"gold":117,"neow_bonus":"THREE_ENEMY_KILL","is_daily":false,"chose_seed":false,"campfire_upgraded":0,"win_rate":0.0,"timestamp":1610977667,"path_taken":["M","?","?","$","?","E","M","M","T","E","M","R","M","?","R","BOSS","M","$","?","?","?","R","?","R","T","M","E","?","?","M","R","BOSS"],"items_purchased_type":["Card","Relic","Potion"],"build_version":"2020-12-22","purchased_purges":1,"victory":false,"max_hp_per_floor":[70,70,70,70,70,70,70,70,70,70,70,70,70,70,70,70,70,70,70,70,70,70,70,70,70,70,70,70,70,70,70,70,70,70],"card_choices":[{"not_picked":["Flying Knee","Underhanded Strike"],"picked":"Outmaneuver","floor":1},{"not_picked":["Endless Agony","Heel Hook"],"picked":"Dagger Spray","floor":5},{"not_picked":["Footwork","Noxious Fumes"],"picked":"Slice","floor":6},{"not_picked":["Dodge and Roll","Sucker Punch"],"picked":"All Out Attack","floor":7},{"not_picked":["Tools of the Trade","Flying Knee"],"picked":"Slice","floor":8},{"not_picked":["Flying Knee","Outmaneuver"],"picked":"Poisoned Stab","floor":10},{"not_picked":["Sucker Punch","Concentrate","Eviscerate"],"picked":"SKIP","floor":11},{"not_picked":["Flechettes","Quick Slash","Dagger Spray"],"picked":"SKIP","floor":13},{"not_picked":["After Image+1","Adrenaline"],"picked":"Phantasmal Killer","floor":16},{"not_picked":["Cloak And Dagger+1","Dagger Spray+1"],"picked":"Blade Dance","floor":18},{"not_picked":["Acrobatics","Concentrate"],"picked":"Blade Dance","floor":22},{"not_picked":["Skewer","Blade Dance","Dodge and Roll"],"picked":"SKIP","floor":24},{"not_picked":["PiercingWail","Flechettes+1"],"picked":"Cloak And Dagger","floor":27},{"not_picked":["Prepared","Flechettes"],"picked":"Corpse Explosion","floor":28},{"not_picked":["Poisoned Stab","Footwork+1","Deadly Poison"],"picked":"SKIP","floor":31}],"player_experience":168387,"relics_obtained":[{"floor":6,"key":"Orichalcum"},{"floor":9,"key":"Shuriken"},{"floor":10,"key":"Frozen Egg 2"},{"floor":17,"key":"Pen Nib"},{"floor":17,"key":"Paper Crane"},{"floor":17,"key":"The Specimen"},{"floor":21,"key":"Toy Ornithopter"},{"floor":28,"key":"Tiny Chest"}],"event_choices":[{"cards_removed":["Strike_G"],"damage_healed":0,"gold_gain":0,"player_choice":"Card Removal","damage_taken":0,"max_hp_gain":0,"max_hp_loss":0,"event_name":"The Cleric","floor":2,"gold_loss":50},{"damage_healed":0,"gold_gain":0,"player_choice":"2 cards matched","damage_taken":0,"max_hp_gain":0,"max_hp_loss":0,"event_name":"Match and Keep!","floor":3,"gold_loss":0,"cards_obtained":["Discovery","Poisoned Stab"]},{"damage_healed":0,"gold_gain":0,"player_choice":"Box","damage_taken":0,"relics_obtained":["Art of War"],"max_hp_gain":0,"max_hp_loss":0,"event_name":"Big Fish","floor":14,"gold_loss":0,"cards_obtained":["Regret"]},{"damage_healed":0,"gold_gain":0,"player_choice":"Simplicity","damage_taken":0,"max_hp_gain":0,"max_hp_loss":0,"event_name":"Back to Basics","floor":20,"gold_loss":0,"cards_upgraded":["Strike_G","Strike_G","Strike_G","Strike_G","Defend_G","Defend_G","Defend_G","Defend_G","Defend_G"]},{"damage_healed":23,"gold_gain":0,"player_choice":"Heal","damage_taken":0,"max_hp_gain":0,"max_hp_loss":0,"event_name":"The Library","floor":29,"gold_loss":0},{"cards_removed":["Strike_G"],"damage_healed":0,"gold_gain":0,"player_choice":"Took Card","damage_taken":0,"max_hp_gain":0,"max_hp_loss":0,"event_name":"NoteForYourself","floor":30,"gold_loss":0,"cards_obtained":["Regret"]}],"is_beta":false,"boss_relics":[{"not_picked":["Snecko Eye","Coffee Dripper"],"picked":"Calling Bell"}],"items_purged_floors":[19],"is_endless":false,"potions_floor_spawned":[5,7,13,18,22,27],"killed_by":"Automaton","ascension_level":0}}