{"host":"2se5dq1do2gp0x9k","time":1610996538,"event":{"mods":["AchievementEnabler","BaseMod","Block Reminder","Colored Map","Colored Powertips","Minty Spire (QoL Compilation)","Relic Stats","StSLib","SuperFastMode"],"gold_per_floor":[117,137,137,137,147,147,182,182,206,206,241,241,241,267,267,352,424,438,462,474,137,137,172,172,172,197,197,224,251,251,260,260,338,338,352,352,277,297,297,297,326,345,372,121,149,149,149],"floor_reached":46,"language":"ENG","playtime":2138,"items_purged":["Decay"],"score":1098,"play_id":"41a11543-eff9-4f3a-9b97-b46d11b8d5cc","local_time":"20210118110218","is_ascension_mode":true,"campfire_choices":[{"data":"Zap","floor":6.0,"key":"SMITH"},{"floor":8.0,"key":"REST"},{"data":"Coolheaded","floor":10.0,"key":"SMITH"},{"floor":15.0,"key":"REST"},{"data":"Consume","floor":24.0,"key":"SMITH"},{"floor":27.0,"key":"REST"},{"floor":32,"key":"REST"},{"floor":40,"key":"REST"}],"circlet_count":0,"master_deck":["AscendersBane","Zap+1","Dualcast","Biased Cognition","Coolheaded+1","Darkness+1","Conserve Battery","Coolheaded","Consume+1","Capacitor","Core Surge+1","Static Discharge","Conserve Battery","FTL+1","Coolheaded","Capacitor","BootSequence","Chaos","Defragment","Meteor Strike","Leap","Echo Form","Apotheosis"],"relics":["Cracked Core","Pen Nib","Happy Flower","CeramicFish","Regal Pillow","Pandora\u0027s Box","DataDisk","ClockworkSouvenir","Anchor","Oddly Smooth Stone","Letter Opener","Inserter","MealTicket","PreservedInsect","Whetstone"],"acts_visited":["Exordium","TheCity","TheBeyond"],"potions_floor_usage":[38,39],"damage_taken":[{"damage":13.0,"enemies":"Small Slimes","floor":1.0,"turns":3.0},{"damage":5.0,"enemies":"2 Louse","floor":2.0,"turns":2.0},{"damage":1.0,"enemies":"Cultist","floor":5.0,"turns":3.0},{"damage":14.0,"enemies":"Gremlin Nob","floor":7.0,"turns":3.0},{"damage":4.0,"enemies":"3 Sentries","floor":11.0,"turns":5.0},{"damage":0.0,"enemies":"Large Slime","floor":14.0,"turns":5.0},{"damage":9.0,"enemies":"The Guardian","floor":16.0,"turns":10.0},{"damage":7.0,"enemies":"Shell Parasite","floor":18.0,"turns":6.0},{"damage":11.0,"enemies":"Chosen","floor":19.0,"turns":6.0},{"damage":1.0,"enemies":"Snecko","floor":20.0,"turns":6.0},{"damage":2.0,"enemies":"Book of Stabbing","floor":23.0,"turns":4.0},{"damage":4.0,"enemies":"Shelled Parasite and Fungi","floor":28.0,"turns":5.0},{"damage":59.0,"enemies":"Slavers","floor":29.0,"turns":7.0},{"damage":13,"enemies":"Champ","floor":33,"turns":11},{"damage":0,"enemies":"3 Shapes","floor":35,"turns":9},{"damage":30,"enemies":"3 Darklings","floor":38,"turns":9},{"damage":0,"enemies":"4 Shapes","floor":39,"turns":2},{"damage":36,"enemies":"Nemesis","floor":41,"turns":9},{"damage":0,"enemies":"Sphere and 2 Shapes","floor":42,"turns":9},{"damage":7,"enemies":"Giant Head","floor":45,"turns":9},{"damage":26,"enemies":"Jaw Worm Horde","floor":46,"turns":4}],"seed_played":"-2427485126754426393","potions_obtained":[{"floor":1.0,"key":"EntropicBrew"},{"floor":5.0,"key":"LiquidMemories"},{"floor":16.0,"key":"ColorlessPotion"},{"floor":20.0,"key":"SpeedPotion"},{"floor":23.0,"key":"SmokeBomb"},{"floor":28.0,"key":"GamblersBrew"},{"floor":33,"key":"ColorlessPotion"},{"floor":38,"key":"SmokeBomb"},{"floor":45,"key":"SpeedPotion"}],"is_trial":false,"path_per_floor":["M","M","?","?","M","R","E","R","T","R","E","?","?","M","R","B",null,"M","M","M","$","?","E","R","?","T","R","M","E","?","?","R","B",null,"M","?","$","M","M","R","E","M","T","$","E","M"],"character_chosen":"DEFECT","items_purchased":["DataDisk","ClockworkSouvenir","Echo Form","Apotheosis"],"campfire_rested":5,"item_purchase_floors":[21,21,44,44],"current_hp_per_floor":[51,46,46,27,26,26,12,31,31,31,27,16,16,16,50,41,58,51,40,39,39,39,37,37,37,37,64,60,1,1,1,35,22,54,54,50,50,20,20,54,18,18,18,33,26,0,0],"gold":149,"neow_bonus":"THREE_RARE_CARDS","is_daily":false,"chose_seed":false,"campfire_upgraded":3,"win_rate":0.0,"timestamp":1610996538,"path_taken":["M","M","?","?","M","R","E","R","T","R","E","?","?","M","R","BOSS","M","M","M","$","?","E","R","?","T","R","?","E","?","?","R","BOSS","M","?","$","M","?","R","E","M","T","$","E","M"],"items_purchased_type":["Relic","Relic","Card","Card"],"build_version":"2020-12-22","purchased_purges":1,"victory":false,"max_hp_per_floor":[64,64,64,64,64,64,64,64,64,64,64,64,64,64,64,64,64,64,64,64,64,64,64,64,64,64,64,64,64,64,64,64,64,64,64,64,64,64,64,64,64,64,64,64,64,64,64],"relic_stats":{"Regal Pillow":53,"Inserter":[23],"Happy Flower":[38],"counters":[21,127],"CeramicFish":153,"Pandora\u0027s Box":["Darkness","Static Discharge","Conserve Battery","FTL","Coolheaded","Capacitor","BootSequence","Chaos"],"MealTicket":15,"Pen Nib":[6],"PreservedInsect":130,"Letter Opener":[191],"Whetstone":["Core Surge","FTL"],"obtain_stats":[{"Regal Pillow":12,"Inserter":34,"Happy Flower":9,"CeramicFish":11,"Oddly Smooth Stone":26,"Pen Nib":7,"PreservedInsect":43,"Letter Opener":29,"Whetstone":45,"ClockworkSouvenir":21,"DataDisk":21,"Anchor":23,"Pandora\u0027s Box":17,"MealTicket":41,"Cracked Core":0},{"Regal Pillow":5,"Inserter":14,"Happy Flower":4,"CeramicFish":5,"Oddly Smooth Stone":11,"Pen Nib":4,"PreservedInsect":19,"Letter Opener":13,"Whetstone":20,"ClockworkSouvenir":10,"DataDisk":10,"Anchor":11,"Pandora\u0027s Box":7,"MealTicket":18,"Cracked Core":0},{"Regal Pillow":16,"Inserter":76,"Happy Flower":11,"CeramicFish":16,"Oddly Smooth Stone":53,"Pen Nib":11,"PreservedInsect":114,"Letter Opener":65,"Whetstone":123,"ClockworkSouvenir":49,"DataDisk":49,"Anchor":53,"Pandora\u0027s Box":31,"MealTicket":105,"Cracked Core":0}]},"card_choices":[{"not_picked":["Amplify","Thunder Strike"],"picked":"Biased Cognition","floor":0.0},{"not_picked":["Compile Driver","Recycle"],"picked":"Coolheaded","floor":1.0},{"not_picked":["Hologram","Force Field"],"picked":"Darkness","floor":2.0},{"not_picked":["Go for the Eyes","Capacitor"],"picked":"Conserve Battery","floor":5.0},{"not_picked":["Leap","Chaos"],"picked":"Coolheaded","floor":7.0},{"not_picked":["Force Field","Leap"],"picked":"Consume","floor":11.0},{"not_picked":["Go for the Eyes","Coolheaded"],"picked":"Capacitor","floor":14.0},{"not_picked":["Buffer","Seek"],"picked":"Core Surge","floor":16.0},{"not_picked":["Beam Cell+1","Streamline","Coolheaded"],"picked":"SKIP","floor":18.0},{"not_picked":["Skim","Turbo"],"picked":"Defragment","floor":19.0},{"not_picked":["Beam Cell","Scrape","Go for the Eyes"],"picked":"SKIP","floor":20.0},{"not_picked":["Auto Shields","Double Energy","Streamline+1"],"picked":"SKIP","floor":23.0},{"not_picked":["Coolheaded","Leap"],"picked":"Meteor Strike","floor":28.0},{"not_picked":["Turbo","Ball Lightning","Amplify"],"picked":"SKIP","floor":29.0},{"not_picked":["Lockon","Steam+1","Gash"],"picked":"SKIP","floor":35},{"not_picked":["Sunder","Tempest","Cold Snap"],"picked":"SKIP","floor":38},{"not_picked":["Rebound+1","Steam","Genetic Algorithm"],"picked":"SKIP","floor":41},{"not_picked":["Storm","Sweeping Beam"],"picked":"Leap","floor":42},{"not_picked":["Static Discharge","Heatsinks+1","Streamline+1"],"picked":"SKIP","floor":45}],"player_experience":3918887,"relics_obtained":[{"floor":7.0,"key":"Pen Nib"},{"floor":9.0,"key":"Happy Flower"},{"floor":11.0,"key":"CeramicFish"},{"floor":23.0,"key":"Anchor"},{"floor":26.0,"key":"Oddly Smooth Stone"},{"floor":29.0,"key":"Letter Opener"},{"floor":41,"key":"MealTicket"},{"floor":43,"key":"PreservedInsect"},{"floor":45,"key":"Whetstone"}],"event_choices":[{"damage_healed":0.0,"max_hp_gain":0.0,"max_hp_loss":0.0,"gold_gain":0.0,"event_name":"Living Wall","player_choice":"Grow","floor":3.0,"gold_loss":0.0,"damage_taken":0.0,"cards_upgraded":["Darkness"]},{"damage_healed":0.0,"max_hp_gain":0.0,"max_hp_loss":0.0,"gold_gain":0.0,"event_name":"Shining Light","player_choice":"Entered Light","floor":4.0,"gold_loss":0.0,"damage_taken":19.0,"cards_upgraded":["Defend_B","Defend_B"]},{"damage_healed":0.0,"max_hp_gain":0.0,"max_hp_loss":0.0,"gold_gain":0.0,"event_name":"Scrap Ooze","player_choice":"Success","floor":12.0,"gold_loss":0.0,"damage_taken":11.0,"relics_obtained":["Regal Pillow"]},{"damage_healed":0.0,"max_hp_gain":0.0,"max_hp_loss":0.0,"gold_gain":0.0,"event_name":"Liars Game","player_choice":"Ignored","floor":13.0,"gold_loss":0.0,"damage_taken":0.0},{"damage_healed":0.0,"max_hp_gain":0.0,"max_hp_loss":0.0,"gold_gain":0.0,"event_name":"Vampires","player_choice":"Ignored","floor":22.0,"gold_loss":0.0,"damage_taken":0.0},{"damage_healed":0.0,"max_hp_gain":0.0,"max_hp_loss":0.0,"gold_gain":0.0,"event_name":"N\u0027loth","player_choice":"Ignored","floor":25.0,"gold_loss":0.0,"damage_taken":0.0},{"cards_removed":["Darkness"],"damage_healed":0,"gold_gain":0,"player_choice":"Elegance","damage_taken":0,"max_hp_gain":0,"max_hp_loss":0,"event_name":"Back to Basics","floor":30,"gold_loss":0},{"damage_healed":0,"gold_gain":0,"player_choice":"Smashed Altar","damage_taken":0,"max_hp_gain":0,"max_hp_loss":0,"event_name":"Forgotten Altar","floor":31,"gold_loss":0,"cards_obtained":["Decay"]},{"damage_healed":0,"gold_gain":0,"player_choice":"Bought 0 Potions","damage_taken":0,"max_hp_gain":0,"max_hp_loss":0,"event_name":"The Woman in Blue","floor":36,"gold_loss":0}],"is_beta":false,"boss_relics":[{"not_picked":["Runic Dome","Fusion Hammer"],"picked":"Pandora\u0027s Box"},{"not_picked":["Busted Crown","FrozenCore"],"picked":"Inserter"}],"items_purged_floors":[37],"is_endless":false,"potions_floor_spawned":[1,5,16,20,23,28,33,38,45],"killed_by":"Jaw Worm Horde","ascension_level":20}}