{"host":"tzyzz5n7hg2ni9q2","time":1610956703,"event":{"mods":["BaseMod","Minty Spire (QoL Compilation)","Quick Restart"],"gold_per_floor":[112,132,132,151,171,196,196,41,41,41,68,68,99,118,118,217,217,236,236,236,236,252,279,279,306,333,333,353,67,100,100,100,195,195,209,209,256,256,270,270,305,305,357,267,287,37,48,77,77,77],"floor_reached":51,"language":"ENG","playtime":2056,"items_purged":[],"score":1331,"play_id":"f4e0fde8-439d-41c7-8b78-be7fab5d4280","local_time":"20210118085823","is_ascension_mode":true,"campfire_choices":[{"data":"True Grit","floor":7.0,"key":"SMITH"},{"data":"Rampage","floor":10.0,"key":"SMITH"},{"data":"Whirlwind","floor":12.0,"key":"SMITH"},{"data":"Disarm","floor":15.0,"key":"SMITH"},{"data":"Seeing Red","floor":24.0,"key":"SMITH"},{"floor":32.0,"key":"REST"},{"data":"Bash","floor":40,"key":"SMITH"},{"data":"Shrug It Off","floor":42,"key":"SMITH"},{"data":"Rampage","floor":49,"key":"SMITH"}],"circlet_count":0,"master_deck":["AscendersBane","Strike_R","Strike_R+1","Strike_R+1","Defend_R","Defend_R","Defend_R","Bash+1","Twin Strike+1","True Grit+1","Headbutt","Shrug It Off+1","Rampage+1","Disarm+1","Whirlwind+1","Shrug It Off","Seeing Red+1","Double Tap","Rage","Evolve+1","Shrug It Off","Body Slam+1","Rampage+1"],"relics":["Burning Blood","Orichalcum","Eternal Feather","Self Forming Clay","Bottled Lightning","PreservedInsect","Singing Bowl","Sozu","Enchiridion","Paper Frog","Thread and Needle","InkBottle","Anchor","CaptainsWheel","Membership Card","Kunai","The Courier","MutagenicStrength","Busted Crown","Champion Belt","Blue Candle","Bag of Marbles","ClockworkSouvenir","Meat on the Bone","Whetstone","HornCleat"],"acts_visited":["Exordium","TheCity","TheBeyond"],"potions_floor_usage":[],"damage_taken":[{"damage":5.0,"enemies":"Jaw Worm","floor":1.0,"turns":5.0},{"damage":0.0,"enemies":"Cultist","floor":2.0,"turns":3.0},{"damage":3.0,"enemies":"Small Slimes","floor":4.0,"turns":4.0},{"damage":5.0,"enemies":"Looter","floor":5.0,"turns":4.0},{"damage":36.0,"enemies":"3 Sentries","floor":6.0,"turns":12.0},{"damage":23.0,"enemies":"Lagavulin","floor":11.0,"turns":8.0},{"damage":23.0,"enemies":"3 Sentries","floor":13.0,"turns":5.0},{"damage":5.0,"enemies":"Blue Slaver","floor":14.0,"turns":4.0},{"damage":14.0,"enemies":"Hexaghost","floor":16.0,"turns":11.0},{"damage":16.0,"enemies":"Spheric Guardian","floor":18.0,"turns":5.0},{"damage":3.0,"enemies":"3 Byrds","floor":22.0,"turns":5.0},{"damage":21.0,"enemies":"Gremlin Leader","floor":23.0,"turns":5.0},{"damage":2.0,"enemies":"Book of Stabbing","floor":25.0,"turns":5.0},{"damage":0.0,"enemies":"Snake Plant","floor":28.0,"turns":4.0},{"damage":46.0,"enemies":"Gremlin Leader","floor":30.0,"turns":8.0},{"damage":31.0,"enemies":"Champ","floor":33.0,"turns":11.0},{"damage":19,"enemies":"3 Darklings","floor":35,"turns":6},{"damage":17,"enemies":"2 Orb Walkers","floor":37,"turns":4},{"damage":10,"enemies":"3 Shapes","floor":39,"turns":7},{"damage":3,"enemies":"Giant Head","floor":41,"turns":7},{"damage":0,"enemies":"Jaw Worm Horde","floor":45,"turns":5},{"damage":5,"enemies":"Writhing Mass","floor":47,"turns":5},{"damage":0,"enemies":"Reptomancer","floor":48,"turns":7},{"damage":21,"enemies":"Awakened One","floor":50,"turns":11}],"seed_played":"-5074114981095964618","potions_obtained":[{"floor":2.0,"key":"SmokeBomb"},{"floor":13.0,"key":"Weak Potion"},{"floor":14.0,"key":"CultistPotion"}],"is_trial":false,"path_per_floor":["M","M","?","M","M","E","R","$","T","R","E","R","E","M","R","B",null,"M","?","T","?","M","E","R","E","T","T","M","$","E","?","R","B",null,"M","?","?","T","M","R","E","R","T","?","M","$","M","E","R","B",null],"character_chosen":"IRONCLAD","items_purchased":["Shrug It Off","Rampage","Disarm","Membership Card","Kunai","ClockworkSouvenir","Meat on the Bone","Whetstone","Rampage"],"campfire_rested":1,"item_purchase_floors":[8,8,8,29,29,46,46,46,46],"current_hp_per_floor":[73,79,79,80,80,50,56,56,56,65,48,57,40,41,53,45,71,63,47,47,47,52,39,51,55,55,55,63,63,23,23,61,38,77,66,66,57,57,55,67,72,84,84,84,90,90,93,101,102,87],"gold":77,"neow_bonus":"RANDOM_COMMON_RELIC","is_daily":false,"chose_seed":false,"campfire_upgraded":8,"win_rate":0.0,"timestamp":1610956703,"path_taken":["M","M","?","M","M","E","R","$","T","R","E","R","E","M","R","BOSS","M","?","?","?","?","E","R","E","T","?","M","?","E","?","R","BOSS","M","?","?","?","M","R","E","R","T","?","M","$","?","E","R","BOSS"],"items_purchased_type":["Card","Card","Card","Relic","Relic","Relic","Relic","Relic","Card"],"build_version":"2020-12-22","purchased_purges":0,"victory":true,"max_hp_per_floor":[80,80,80,80,80,80,80,80,80,80,80,80,80,80,80,80,80,82,82,82,82,84,86,86,86,86,86,88,88,88,88,88,90,90,92,92,94,94,96,96,98,98,98,98,98,98,100,102,102,102],"card_choices":[{"not_picked":["True Grit","Dual Wield"],"picked":"Twin Strike","floor":1.0},{"not_picked":["Anger","Flex"],"picked":"True Grit","floor":2.0},{"not_picked":["Clothesline","Iron Wave","Reckless Charge"],"picked":"SKIP","floor":4.0},{"not_picked":["Corruption","Bloodletting","Combust"],"picked":"SKIP","floor":5.0},{"not_picked":["Fire Breathing","Reckless Charge"],"picked":"Headbutt","floor":6.0},{"not_picked":["Pummel","Rage"],"picked":"Whirlwind","floor":11.0},{"not_picked":["Burning Pact","Heavy Blade"],"picked":"Shrug It Off","floor":13.0},{"not_picked":["Clash","Heavy Blade"],"picked":"Seeing Red","floor":14.0},{"not_picked":["Feed","Corruption"],"picked":"Double Tap","floor":16.0},{"not_picked":["Clothesline+1","Thunderclap","Shrug It Off"],"picked":"Singing Bowl","floor":18.0},{"not_picked":["Hemokinesis","Sword Boomerang","Headbutt"],"picked":"Singing Bowl","floor":22.0},{"not_picked":["Shockwave","Flame Barrier","Second Wind"],"picked":"Singing Bowl","floor":23.0},{"not_picked":["Clash","Armaments"],"picked":"Evolve+1","floor":25.0},{"not_picked":["Infernal Blade","Clothesline","Wild Strike"],"picked":"Singing Bowl","floor":28.0},{"not_picked":["Disarm","Havoc"],"picked":"Shrug It Off","floor":30.0},{"not_picked":["Exhume","Corruption","Limit Break"],"picked":"Singing Bowl","floor":33.0},{"not_picked":["Second Wind"],"picked":"Singing Bowl","floor":35},{"not_picked":["Headbutt"],"picked":"Singing Bowl","floor":37},{"not_picked":["Spot Weakness"],"picked":"Singing Bowl","floor":39},{"not_picked":["Brutality"],"picked":"Singing Bowl","floor":41},{"not_picked":[],"picked":"Body Slam+1","floor":45},{"not_picked":["Twin Strike"],"picked":"Singing Bowl","floor":47},{"not_picked":["Headbutt+1"],"picked":"Singing Bowl","floor":48}],"player_experience":290252,"relics_obtained":[{"floor":6.0,"key":"Self Forming Clay"},{"floor":9.0,"key":"Bottled Lightning"},{"floor":11.0,"key":"PreservedInsect"},{"floor":13.0,"key":"Singing Bowl"},{"floor":19.0,"key":"Enchiridion"},{"floor":20.0,"key":"Paper Frog"},{"floor":23.0,"key":"Thread and Needle"},{"floor":25.0,"key":"InkBottle"},{"floor":26.0,"key":"Anchor"},{"floor":27.0,"key":"CaptainsWheel"},{"floor":30.0,"key":"The Courier"},{"floor":37,"key":"Champion Belt"},{"floor":41,"key":"Blue Candle"},{"floor":43,"key":"Bag of Marbles"},{"floor":48,"key":"HornCleat"}],"event_choices":[{"damage_healed":0.0,"max_hp_gain":0.0,"max_hp_loss":0.0,"gold_gain":0.0,"event_name":"WeMeetAgain","player_choice":"Gave Potion","floor":3.0,"gold_loss":0.0,"damage_taken":0.0,"relics_obtained":["Eternal Feather"]},{"damage_healed":0.0,"max_hp_gain":0.0,"max_hp_loss":0.0,"gold_gain":0.0,"event_name":"Cursed Tome","player_choice":"Obtained Book","floor":19.0,"gold_loss":0.0,"damage_taken":16.0},{"damage_healed":0.0,"max_hp_gain":0.0,"max_hp_loss":0.0,"gold_gain":0.0,"cards_transformed":["Strike_R"],"event_name":"Transmorgrifier","player_choice":"Transformed","floor":21.0,"gold_loss":0.0,"damage_taken":0.0,"cards_obtained":["Rage"]},{"damage_healed":0.0,"max_hp_gain":0.0,"max_hp_loss":0.0,"gold_gain":0.0,"event_name":"Drug Dealer","player_choice":"Inject Mutagens","floor":31.0,"gold_loss":0.0,"damage_taken":0.0,"relics_obtained":["MutagenicStrength"]},{"cards_removed":["Defend_R"],"damage_healed":0,"gold_gain":0,"player_choice":"Removed Skill","damage_taken":0,"max_hp_gain":0,"max_hp_loss":0,"event_name":"Falling","floor":36,"gold_loss":0},{"damage_healed":0,"gold_gain":0,"player_choice":"Fight","damage_taken":0,"max_hp_gain":0,"max_hp_loss":0,"event_name":"Mysterious Sphere","floor":37,"gold_loss":0},{"cards_removed":["Strike_R"],"damage_healed":0,"gold_gain":0,"player_choice":"Upgrade and Remove","damage_taken":0,"max_hp_gain":0,"max_hp_loss":0,"event_name":"Designer","floor":44,"gold_loss":90,"cards_upgraded":["Strike_R"]}],"is_beta":false,"boss_relics":[{"not_picked":["Astrolabe","Empty Cage"],"picked":"Sozu"},{"not_picked":["Philosopher\u0027s Stone","Runic Pyramid"],"picked":"Busted Crown"}],"items_purged_floors":[],"is_endless":false,"potions_floor_spawned":[2,13,14,16,22,23,25,28,39,41,45],"ascension_level":12}}