{"host":"7sni158j623xchr2","time":1610953311,"event":{"mods":["BaseMod","Colored Map","Highlight Path","Minty Spire (QoL Compilation)","Permanent Neow","Potion Indicator Mod","Rare Cards Sparkle","Relic Sorter","Relic Stats","StSLib","everything is the same but u backflip on backflip"],"gold_per_floor":[210,210,13,13,30,64,64,94,94,123,137,149,149,69,69,164,164,182,182,182,192,211,242,242,68,92,92,123,123,156,168,168,265,265,277,237,256,272,272,299,349,363,363,363,398,398,398,409,409,409,409,409,34,66,66],"floor_reached":56,"language":"ENG","playtime":2269,"items_purged":["Defend_B","Strike_B","Defend_B"],"score":1512,"play_id":"a2d18e3b-0c13-4eb5-83ac-025912b2432b","local_time":"20210118010151","is_ascension_mode":true,"campfire_choices":[{"data":"Sweeping Beam","floor":7.0,"key":"SMITH"},{"data":"Dualcast","floor":13.0,"key":"SMITH"},{"data":"Loop","floor":15.0,"key":"SMITH"},{"data":"White Noise","floor":24.0,"key":"SMITH"},{"floor":29.0,"key":"REST"},{"data":"Loop","floor":32.0,"key":"SMITH"},{"data":"Biased Cognition","floor":44.0,"key":"SMITH"},{"data":"Turbo","floor":47,"key":"SMITH"},{"floor":49,"key":"RECALL"},{"data":"Consume","floor":52,"key":"SMITH"}],"circlet_count":0,"master_deck":["Zap+1","Dualcast+1","Consume+1","Sweeping Beam+1","Sweeping Beam","Core Surge+1","Coolheaded","Chill","Loop+1","Glacier","Hyperbeam","Ball Lightning+1","Auto Shields+1","White Noise+1","Go for the Eyes+1","Ghostly","Ghostly","Ghostly+1","Ghostly","Ghostly","Rip and Tear","Loop+1","Turbo+1","White Noise+1","Coolheaded","Heatsinks","Necronomicurse","Reinforced Body","Biased Cognition+1","Capacitor+1","Reinforced Body+1","Creative AI","Glacier+1","Defragment+1","Capacitor","Creative AI"],"relics":["Cracked Core","Sundial","MealTicket","Shuriken","StrikeDummy","Astrolabe","DataDisk","Bag of Marbles","Necronomicon","Bottled Lightning","Girya","Snecko Eye","Incense Burner","Lizard Tail","Thread and Needle","Membership Card","Bag of Preparation","Anchor"],"acts_visited":["Exordium","TheCity","TheBeyond","TheEnding"],"potions_floor_usage":[50,50,54,55,55],"damage_taken":[{"damage":2.0,"enemies":"2 Louse","floor":1.0,"turns":3.0},{"damage":0.0,"enemies":"Cultist","floor":5.0,"turns":2.0},{"damage":14.0,"enemies":"Gremlin Nob","floor":6.0,"turns":3.0},{"damage":13.0,"enemies":"3 Sentries","floor":8.0,"turns":5.0},{"damage":26.0,"enemies":"Lagavulin","floor":10.0,"turns":6.0},{"damage":0.0,"enemies":"Small Slimes","floor":11.0,"turns":2.0},{"damage":7.0,"enemies":"Looter","floor":12.0,"turns":2.0},{"damage":8.0,"enemies":"Hexaghost","floor":16.0,"turns":12.0},{"damage":15.0,"enemies":"3 Byrds","floor":18.0,"turns":3.0},{"damage":0.0,"enemies":"Shell Parasite","floor":21.0,"turns":7.0},{"damage":0.0,"enemies":"3 Cultists","floor":22.0,"turns":5.0},{"damage":26.0,"enemies":"Slavers","floor":23.0,"turns":4.0},{"damage":2.0,"enemies":"Gremlin Leader","floor":28.0,"turns":4.0},{"damage":0.0,"enemies":"Book of Stabbing","floor":30.0,"turns":6.0},{"damage":0.0,"enemies":"Sentry and Sphere","floor":31.0,"turns":4.0},{"damage":16.0,"enemies":"Champ","floor":33.0,"turns":11.0},{"damage":0.0,"enemies":"3 Darklings","floor":35.0,"turns":4.0},{"damage":2.0,"enemies":"Orb Walker","floor":37.0,"turns":4.0},{"damage":4.0,"enemies":"4 Shapes","floor":38.0,"turns":3.0},{"damage":6.0,"enemies":"Giant Head","floor":40.0,"turns":11.0},{"damage":0.0,"enemies":"Mind Bloom Boss Battle","floor":41.0,"turns":5.0},{"damage":0.0,"enemies":"Jaw Worm Horde","floor":42.0,"turns":1.0},{"damage":0,"enemies":"Reptomancer","floor":45,"turns":11},{"damage":0,"enemies":"Transient","floor":48,"turns":5},{"damage":0,"enemies":"Awakened One","floor":50,"turns":15},{"damage":12,"enemies":"Shield and Spear","floor":54,"turns":9},{"damage":3,"enemies":"The Heart","floor":55,"turns":11}],"seed_played":"-8500488234521966876","potions_obtained":[{"floor":8.0,"key":"SteroidPotion"},{"floor":10.0,"key":"Explosive Potion"},{"floor":11.0,"key":"PowerPotion"},{"floor":28.0,"key":"Fire Potion"},{"floor":40.0,"key":"PowerPotion"},{"floor":45,"key":"ColorlessPotion"},{"floor":54,"key":"Fruit Juice"}],"is_trial":false,"path_per_floor":["M","?","$","?","M","E","R","E","T","E","M","M","R","$","R","B",null,"M","?","?","M","M","E","R","$","T","?","E","R","E","M","R","B",null,"M","?","M","M","?","E","?","M","T","R","E","?","R","M","R","B",null,"R","$","E","B",null],"character_chosen":"DEFECT","items_purchased":["Sweeping Beam","CultistPotion","Glacier","Heatsinks","Membership Card","Bag of Preparation","Capacitor","FocusPotion","BlessingOfTheForge"],"campfire_rested":1,"item_purchase_floors":[3,3,14,25,53,53,53,53,53],"current_hp_per_floor":[73,73,73,73,73,59,59,46,46,20,20,13,13,28,28,20,75,60,37,37,37,37,11,11,26,26,10,8,19,19,19,19,3,37,37,37,35,31,31,25,25,25,25,25,25,25,25,25,25,25,35,35,35,28,25],"gold":66,"neow_bonus":"HUNDRED_GOLD","is_daily":false,"chose_seed":false,"campfire_upgraded":8,"win_rate":0.0,"timestamp":1610953311,"path_taken":["M","?","$","?","M","E","R","E","T","E","?","M","R","$","R","BOSS","M","?","?","M","M","E","R","$","T","?","E","R","E","M","R","BOSS","M","?","?","M","?","E","?","M","T","R","E","?","R","M","R","BOSS","R","$","E","BOSS"],"items_purchased_type":["Card","Potion","Card","Card","Relic","Relic","Card","Potion","Potion"],"build_version":"2020-12-22","purchased_purges":3,"victory":true,"max_hp_per_floor":[75,75,75,75,75,75,75,75,75,75,75,75,75,75,75,75,75,75,37,37,37,37,37,37,37,37,37,37,37,37,37,37,37,37,37,37,37,37,35,35,35,35,35,35,35,35,35,35,35,35,35,35,35,40,40],"relic_stats":{"Lizard Tail":0,"counters":[27,158],"Sundial":[20],"Shuriken":[33],"Astrolabe":["Ball Lightning","Auto Shields","White Noise"],"Snecko Eye":[137,156,150,137],"MealTicket":30,"Necronomicon":[19],"Bag of Preparation":[4],"obtain_stats":[{"Girya":30,"Astrolabe":17,"Thread and Needle":45,"Incense Burner":40,"Bag of Preparation":53,"DataDisk":23,"Lizard Tail":41,"Anchor":54,"Sundial":6,"Shuriken":9,"Snecko Eye":34,"MealTicket":8,"Bag of Marbles":26,"Necronomicon":27,"Bottled Lightning":28,"Membership Card":53,"Cracked Core":0,"StrikeDummy":10},{"Girya":14,"Astrolabe":8,"Thread and Needle":23,"Incense Burner":20,"Bag of Preparation":25,"DataDisk":12,"Lizard Tail":21,"Anchor":26,"Sundial":3,"Shuriken":4,"Snecko Eye":16,"MealTicket":4,"Bag of Marbles":12,"Necronomicon":12,"Bottled Lightning":13,"Membership Card":25,"Cracked Core":0,"StrikeDummy":5},{"Girya":64,"Astrolabe":35,"Thread and Needle":118,"Incense Burner":101,"Bag of Preparation":138,"DataDisk":54,"Lizard Tail":106,"Anchor":147,"Sundial":8,"Shuriken":13,"Snecko Eye":79,"MealTicket":13,"Bag of Marbles":54,"Necronomicon":54,"Bottled Lightning":58,"Membership Card":138,"Cracked Core":0,"StrikeDummy":19}]},"card_choices":[{"not_picked":["Leap","Conserve Battery"],"picked":"Consume","floor":1.0},{"not_picked":["Barrage","Sweeping Beam"],"picked":"FTL","floor":5.0},{"not_picked":["Self Repair","Fusion"],"picked":"Core Surge","floor":6.0},{"not_picked":["Streamline","Gash","Go for the Eyes"],"picked":"SKIP","floor":8.0},{"not_picked":["Turbo","Scrape"],"picked":"Coolheaded","floor":10.0},{"not_picked":["Rebound","Go for the Eyes"],"picked":"Chill","floor":11.0},{"not_picked":["Compile Driver","Sweeping Beam"],"picked":"Loop","floor":12.0},{"not_picked":["Amplify","Multi-Cast"],"picked":"Hyperbeam","floor":16.0},{"not_picked":["Consume+1","Leap"],"picked":"Go for the Eyes+1","floor":18.0},{"not_picked":["Fusion","Conserve Battery+1"],"picked":"Turbo","floor":21.0},{"not_picked":["Hologram","Beam Cell"],"picked":"White Noise","floor":22.0},{"not_picked":["Ball Lightning","Turbo"],"picked":"Coolheaded","floor":23.0},{"not_picked":["Barrage","Sweeping Beam+1","Undo"],"picked":"SKIP","floor":28.0},{"not_picked":["Barrage+1","Amplify"],"picked":"Reinforced Body","floor":30.0},{"not_picked":["Aggregate","Turbo","Go for the Eyes"],"picked":"SKIP","floor":31.0},{"not_picked":["Meteor Strike","Multi-Cast"],"picked":"Biased Cognition","floor":33.0},{"not_picked":["Loop","Sweeping Beam"],"picked":"Capacitor+1","floor":35.0},{"not_picked":["Gash","Capacitor+1","Fusion+1"],"picked":"SKIP","floor":37.0},{"not_picked":["Darkness+1","Go for the Eyes"],"picked":"Reinforced Body+1","floor":38.0},{"not_picked":["Auto Shields","Barrage","Chill+1"],"picked":"SKIP","floor":40.0},{"not_picked":["Rebound","Tempest"],"picked":"Creative AI","floor":41.0},{"not_picked":["Reprogram","Sweeping Beam+1"],"picked":"Glacier+1","floor":42.0},{"not_picked":["Chill","Sweeping Beam"],"picked":"Defragment+1","floor":45},{"not_picked":["Cold Snap+1","Hologram","Redo"],"picked":"SKIP","floor":48},{"not_picked":["Leap","Redo+1"],"picked":"Creative AI","floor":54}],"player_experience":1638540,"relics_obtained":[{"floor":6.0,"key":"Sundial"},{"floor":8.0,"key":"MealTicket"},{"floor":9.0,"key":"Shuriken"},{"floor":10.0,"key":"StrikeDummy"},{"floor":23.0,"key":"DataDisk"},{"floor":26.0,"key":"Bag of Marbles"},{"floor":27.0,"key":"Necronomicon"},{"floor":28.0,"key":"Bottled Lightning"},{"floor":30.0,"key":"Girya"},{"floor":40.0,"key":"Incense Burner"},{"floor":41.0,"key":"Lizard Tail"},{"floor":45,"key":"Thread and Needle"},{"floor":54,"key":"Anchor"}],"event_choices":[{"damage_healed":0.0,"max_hp_gain":0.0,"max_hp_loss":0.0,"gold_gain":0.0,"event_name":"Living Wall","player_choice":"Grow","floor":2.0,"gold_loss":0.0,"damage_taken":0.0,"cards_upgraded":["Zap"]},{"damage_healed":0.0,"max_hp_gain":0.0,"max_hp_loss":0.0,"gold_gain":0.0,"event_name":"Match and Keep!","player_choice":"1 cards matched","floor":4.0,"gold_loss":0.0,"damage_taken":0.0,"cards_obtained":["Sweeping Beam"]},{"damage_healed":0.0,"max_hp_gain":0.0,"max_hp_loss":38.0,"gold_gain":0.0,"event_name":"Ghosts","player_choice":"Became a Ghost","floor":19.0,"gold_loss":0.0,"damage_taken":0.0,"cards_obtained":["Ghostly","Ghostly","Ghostly","Ghostly","Ghostly"]},{"damage_healed":0.0,"max_hp_gain":0.0,"max_hp_loss":0.0,"gold_gain":0.0,"cards_transformed":["Defend_B","Defend_B"],"event_name":"Drug Dealer","player_choice":"Became Test Subject","floor":20.0,"gold_loss":0.0,"damage_taken":0.0,"cards_obtained":["Rip and Tear","Loop"]},{"damage_healed":0.0,"max_hp_gain":0.0,"max_hp_loss":0.0,"gold_gain":0.0,"event_name":"Cursed Tome","player_choice":"Obtained Book","floor":27.0,"gold_loss":0.0,"damage_taken":16.0},{"damage_healed":0.0,"max_hp_gain":0.0,"max_hp_loss":0.0,"gold_gain":0.0,"event_name":"Designer","player_choice":"Upgraded Two","floor":36.0,"gold_loss":40.0,"damage_taken":0.0,"cards_upgraded":["Ghostly","Core Surge"]},{"damage_healed":0.0,"max_hp_gain":0.0,"max_hp_loss":2.0,"gold_gain":0.0,"event_name":"Winding Halls","player_choice":"Max HP","floor":39.0,"gold_loss":0.0,"damage_taken":0.0},{"damage_healed":0.0,"max_hp_gain":0.0,"max_hp_loss":0.0,"gold_gain":0.0,"event_name":"MindBloom","player_choice":"Fight","floor":41.0,"gold_loss":0.0,"damage_taken":0.0},{"cards_removed":["FTL"],"damage_healed":0,"gold_gain":0,"player_choice":"Removed Attack","damage_taken":0,"max_hp_gain":0,"max_hp_loss":0,"event_name":"Falling","floor":46,"gold_loss":0}],"is_beta":false,"boss_relics":[{"not_picked":["Ectoplasm","Cursed Key"],"picked":"Astrolabe"},{"not_picked":["Tiny House","Velvet Choker"],"picked":"Snecko Eye"}],"items_purged_floors":[3,25,53],"is_endless":false,"potions_floor_spawned":[8,10,11,12,28,30,33,35,40,45,54],"ascension_level":2}}