{"host":"3j2m8n0ywf988fwb","time":1610998782,"event":{"mods":["BaseMod","Colored Map","Colored Powertips","Downfall","Highlight Path","Minty Spire (QoL Compilation)","StSLib"],"gold_per_floor":[99,109,109,122,141,141,219,76,76,111,286,305,319,319,319,319],"floor_reached":14,"language":"ENG","playtime":945,"items_purged":["Guardian:Strike_Guardian"],"score":113,"play_id":"8d69725f-501d-4882-824f-4d487cd40233","local_time":"20210118133942","is_ascension_mode":true,"campfire_choices":[{"data":"Guardian:TwinSlam","floor":1,"key":"SMITH"},{"data":"Guardian:SentryBeam","floor":6,"key":"SMITH"},{"data":"Guardian:PolyBeam","floor":9,"key":"SMITH"}],"circlet_count":0,"master_deck":["Guardian:Strike_Guardian","Guardian:Strike_Guardian","Guardian:Strike_Guardian","Guardian:Defend_Guardian","Guardian:Defend_Guardian","Guardian:Defend_Guardian","Guardian:Defend_Guardian","Guardian:CurlUp","Guardian:TwinSlam+1","Guardian:SentryBeam+1","Guardian:PolyBeam+1","Guardian:MultiBeam","Guardian:TemporalStrike","Doubt","Guardian:Gem_Fragmented","Guardian:Gem_Crimson"],"relics":["Guardian:ModeShifter","Centennial Puzzle","Frozen Egg 2","Juzu Bracelet"],"acts_visited":["Exordium"],"potions_floor_usage":[],"damage_taken":[{"damage":13,"enemies":"Jaw Worm","floor":2,"turns":6},{"damage":0,"enemies":"Cultist","floor":4,"turns":3},{"damage":4,"enemies":"Small Slimes","floor":5,"turns":3},{"damage":5,"enemies":"downfall:FleeingMerchant","floor":8,"turns":4},{"damage":12,"enemies":"3 Sentries","floor":10,"turns":8},{"damage":16,"enemies":"Gremlin Gang","floor":12,"turns":3},{"damage":16,"enemies":"Blue Slaver","floor":13,"turns":4},{"damage":17,"enemies":"Lagavulin","floor":14,"turns":3}],"seed_played":"-9142249472604969650","potions_obtained":[{"floor":3,"key":"bronze:BurnAndBuffPotion"},{"floor":3,"key":"sneckomod:MuddlingPotion"},{"floor":3,"key":"BlessingOfTheForge"}],"is_trial":false,"path_per_floor":["R","M","?","M","M","R","T","$","R","E","?","M","M","E"],"character_chosen":"GUARDIAN","items_purchased":["Guardian:Gem_Cyan"],"campfire_rested":0,"item_purchase_floors":[8],"current_hp_per_floor":[80,67,67,67,63,63,63,58,58,46,46,30,14,0,0,0],"gold":319,"neow_bonus":"RANDOM_COMMON_RELIC","is_daily":false,"chose_seed":false,"campfire_upgraded":3,"win_rate":0.0,"timestamp":1610998782,"path_taken":["R","M","?","?","M","R","T","?","R","E","?","M","M","E"],"items_purchased_type":["Card"],"build_version":"2020-12-22","purchased_purges":1,"victory":false,"max_hp_per_floor":[80,80,80,80,80,80,80,80,80,80,80,80,80,80,80,80],"card_choices":[{"not_picked":["Guardian:Incinerate","Guardian:Preprogram"],"picked":"Guardian:SentryBeam","floor":2},{"not_picked":["Guardian:BodySlam","Guardian:CrystalBeam"],"picked":"Guardian:PolyBeam","floor":4},{"not_picked":["Guardian:ArmoredProtocol","Guardian:CrystalBeam"],"picked":"Guardian:MultiBeam","floor":5},{"not_picked":["Guardian:ChargeCore","Guardian:SphericShield"],"picked":"Guardian:Gem_Fragmented","floor":8},{"not_picked":["Guardian:WalkerClaw","Guardian:ArmoredProtocol+1"],"picked":"Guardian:TemporalStrike","floor":10},{"not_picked":["Guardian:TimeCapacitor+1","Guardian:PrismaticBeam"],"picked":"Guardian:Gem_Fragmented","floor":12},{"not_picked":["Guardian:TemporalStrike","Guardian:BodySlam"],"picked":"Guardian:Gem_Crimson","floor":13}],"player_experience":974774,"relics_obtained":[{"floor":7,"key":"Frozen Egg 2"},{"floor":10,"key":"Juzu Bracelet"}],"event_choices":[{"damage_healed":0,"gold_gain":0,"player_choice":"Got Potions","damage_taken":0,"max_hp_gain":0,"max_hp_loss":0,"event_name":"Lab","floor":3,"gold_loss":0}],"is_beta":false,"boss_relics":[],"items_purged_floors":[8],"is_endless":false,"potions_floor_spawned":[4,10,13],"killed_by":"Lagavulin","ascension_level":5}}