{"host":"684z1xpuwaoqmmh1","time":1610994887,"event":{"mods":["Bard","BaseMod","Downfall","Hermit","Jorbs\u0027s Wanderer Trilogy","Marisa????????","Minty Spire (QoL Compilation)","Robot Space Explorer","Shade Mod","StSLib","The Bug Knight","The Cursed","The Hayseed","The Hierophant","The Marked","The Mystic","The Runesmith","The Senshi","The Spell Scribe"],"gold_per_floor":[113,131,150,160,175,207,207,234,234,234,234,234],"floor_reached":11,"language":"ENG","playtime":571,"items_purged":[],"score":98,"play_id":"dcfc7a44-a1ea-41c0-b107-70a50cdb3f22","local_time":"20210118203447","is_ascension_mode":true,"campfire_choices":[{"floor":7,"key":"REST"}],"circlet_count":0,"master_deck":["TheSimpletonMod:Strike_TheSimpleton","TheSimpletonMod:Strike_TheSimpleton","TheSimpletonMod:Strike_TheSimpleton","TheSimpletonMod:Defend_TheSimpleton","TheSimpletonMod:Defend_TheSimpleton","TheSimpletonMod:Defend_TheSimpleton","TheSimpletonMod:Defend_TheSimpleton","TheSimpletonMod:Haymaker","TheSimpletonMod:ReapAndSow","TheSimpletonMod:Potatoes","TheSimpletonMod:CropRotation","TheSimpletonMod:CloseScrape","TheSimpletonMod:Turnips","TheSimpletonMod:RootDown","TheSimpletonMod:BumperCrop","TheSimpletonMod:FlashPasteurize","TheSimpletonMod:Polyculture","TheSimpletonMod:Frostbite"],"relics":["TheSimpletonMod:SpudOfTheInnocent","TheSimpletonMod:NightSoil","TheSimpletonMod:TheHarvester","Ornamental Fan","Oddly Smooth Stone","Eternal Feather","Frozen Egg 2"],"acts_visited":["Exordium"],"potions_floor_usage":[],"damage_taken":[{"damage":10,"enemies":"2 Louse","floor":1,"turns":3},{"damage":2,"enemies":"Jaw Worm","floor":2,"turns":4},{"damage":12,"enemies":"Small Slimes","floor":3,"turns":3},{"damage":11,"enemies":"Looter","floor":4,"turns":4},{"damage":11,"enemies":"Blue Slaver","floor":5,"turns":3},{"damage":25,"enemies":"Lagavulin","floor":6,"turns":8},{"damage":28,"enemies":"Gremlin Nob","floor":8,"turns":4},{"damage":24,"enemies":"3 Sentries","floor":11,"turns":4}],"seed_played":"-1195205421966191824","potions_obtained":[{"floor":1,"key":"TheSimpletonMod:KindlingPotion"},{"floor":2,"key":"Ancient Potion"}],"is_trial":false,"path_per_floor":["M","M","M","M","M","E","R","E","T","?","E"],"character_chosen":"THE_SIMPLETON","items_purchased":[],"campfire_rested":1,"item_purchase_floors":[],"current_hp_per_floor":[69,71,63,56,45,24,46,22,22,22,0,0],"gold":234,"neow_bonus":"TRANSFORM_CARD","is_daily":false,"chose_seed":false,"campfire_upgraded":0,"win_rate":0.0,"timestamp":1610994887,"path_taken":["M","M","M","M","M","E","R","E","T","?","E"],"items_purchased_type":[],"build_version":"2020-12-22","purchased_purges":0,"victory":false,"max_hp_per_floor":[75,75,75,75,75,75,75,75,75,75,75,75],"card_choices":[{"not_picked":["TheSimpletonMod:Thresh","TheSimpletonMod:GoToMarket"],"picked":"TheSimpletonMod:CropRotation","floor":1},{"not_picked":["TheSimpletonMod:Potatoes","TheSimpletonMod:Ferment"],"picked":"TheSimpletonMod:CloseScrape","floor":2},{"not_picked":["TheSimpletonMod:Rototilling","TheSimpletonMod:ControlledBurn"],"picked":"TheSimpletonMod:Turnips","floor":3},{"not_picked":["TheSimpletonMod:Innovate","TheSimpletonMod:ToughenUp"],"picked":"TheSimpletonMod:RootDown","floor":4},{"not_picked":["TheSimpletonMod:ToughenUp","TheSimpletonMod:DoubleBarrel"],"picked":"TheSimpletonMod:BumperCrop","floor":5},{"not_picked":["TheSimpletonMod:SoilSample","TheSimpletonMod:DoubleBarrel"],"picked":"TheSimpletonMod:FlashPasteurize","floor":6},{"not_picked":["TheSimpletonMod:DoubleBarrel","TheSimpletonMod:SoilSample"],"picked":"TheSimpletonMod:Polyculture","floor":8}],"player_experience":2901362,"relics_obtained":[{"floor":6,"key":"Ornamental Fan"},{"floor":8,"key":"Oddly Smooth Stone"},{"floor":9,"key":"Eternal Feather"}],"event_choices":[],"is_beta":false,"boss_relics":[],"items_purged_floors":[],"is_endless":false,"potions_floor_spawned":[1,2],"killed_by":"3 Sentries","ascension_level":3}}