{"host":"r10yh36zs2k9z1sa","time":1610981024,"event":{"mods":["Astrologer","BaseMod","Colored Map","Hermit","Marisa¡]Ãú«B¡@Å]²z¨F¡^","Minty Spire (QoL Compilation)","Permanent Neow","Remilia¡]Á¢¦Ì²ú?¡^","StSLib","The Animator","The Bug Knight","The Cursed","The Gatherer","The Hierophant","The Necromancer","The Runesmith","The Servant 0.9.4"],"gold_per_floor":[215,226,226,239,414,414,447,447,470,485,485,505,505,106,106,201,201,213,213,59,59,23,23,23,56,108,68,68,102,102,102,102,201,201,220,265,276,276,276,310,310,345,370,433,473,473,51,80,80,80],"floor_reached":51,"language":"ZHS","playtime":3168,"items_purged":["Regret","Strike_S"],"score":1186,"play_id":"581f9caf-1ac4-4145-a535-e886621dc70f","local_time":"20210118224344","is_ascension_mode":true,"campfire_choices":[{"data":"Moondial","floor":6,"key":"SMITH"},{"data":"InstantArmor","floor":15,"key":"SMITH"},{"data":"TheWorld","floor":23,"key":"SMITH"},{"data":"RitualDagger","floor":32,"key":"SMITH"},{"data":"Moondial","floor":46,"key":"SMITH"},{"data":"Foresight","floor":49,"key":"SMITH"}],"circlet_count":0,"master_deck":["Strike_S","Strike_S","Defend_S","Defend_S","Defend_S+1","Defend_S+1","Exchange+1","Moondial+1","FastForward+1","Comet+1","ShatteredReality","BottledTime+1","InstantArmor+1","TheWorld+1","Moondial+1","Desolation","Rewind+1","Foresight+1","Collapse+1","RitualDagger+1","Embodiment+1","Defy+1","SpecialFormula+1","SoulSculpture","Moondial+1","Collapse+1","Embodiment+1"],"relics":["Uniform","Juzu Bracelet","White Beast Statue","PreservedInsect","Art of War","Gremlin Horn","SacredBark","Pan","War Paint","MealTicket","MutagenicStrength","Toy Ornithopter","Black Star","CatCart","Regal Pillow","Bottled Flame","Oddly Smooth Stone","Strawberry","CeramicFish","Smiling Mask","PaperSwan","DollysMirror","Sundial","Potion Belt"],"acts_visited":["Exordium","TheCity","TheBeyond"],"potions_floor_usage":[10,10,16,16,25,33,33,36,36,42,42,50,50,50,50],"damage_taken":[{"damage":1,"enemies":"Small Slimes","floor":1,"turns":4},{"damage":0,"enemies":"2 Louse","floor":2,"turns":3},{"damage":0,"enemies":"Jaw Worm","floor":4,"turns":4},{"damage":2,"enemies":"3 Sentries","floor":7,"turns":5},{"damage":3,"enemies":"Gremlin Gang","floor":10,"turns":4},{"damage":3,"enemies":"Red Slaver","floor":12,"turns":3},{"damage":11,"enemies":"The Guardian","floor":16,"turns":18},{"damage":0,"enemies":"Chosen","floor":18,"turns":5},{"damage":0,"enemies":"Slavers","floor":25,"turns":1},{"damage":0,"enemies":"Gremlin Leader","floor":29,"turns":2},{"damage":0,"enemies":"Collector","floor":33,"turns":6},{"damage":0,"enemies":"3 Darklings","floor":35,"turns":2},{"damage":0,"enemies":"Orin","floor":36,"turns":10},{"damage":0,"enemies":"Orb Walker","floor":37,"turns":4},{"damage":0,"enemies":"Giant Head","floor":40,"turns":7},{"damage":4,"enemies":"Nemesis","floor":42,"turns":11},{"damage":0,"enemies":"2 Orb Walkers","floor":44,"turns":4},{"damage":0,"enemies":"Reptomancer","floor":45,"turns":3},{"damage":0,"enemies":"HollowMod:StalkingDevout","floor":48,"turns":1},{"damage":0,"enemies":"Donu and Deca","floor":50,"turns":10}],"seed_played":"-7003356621660441700","potions_obtained":[{"floor":2,"key":"Strength Potion"},{"floor":4,"key":"Block Potion"},{"floor":7,"key":"Weak Potion"},{"floor":10,"key":"DistilledChaos"},{"floor":12,"key":"Explosive Potion"},{"floor":16,"key":"SkillPotion"},{"floor":18,"key":"SneckoOil"},{"floor":25,"key":"Strength Potion"},{"floor":29,"key":"PowerPotion"},{"floor":33,"key":"Block Potion"},{"floor":35,"key":"SteroidPotion"},{"floor":36,"key":"Block Potion"},{"floor":37,"key":"ColorlessPotion"},{"floor":40,"key":"AttackPotion"},{"floor":42,"key":"FearPotion"},{"floor":44,"key":"PowerPotion"},{"floor":45,"key":"Block Potion"},{"floor":48,"key":"SteroidPotion"}],"is_trial":false,"path_per_floor":["M","M","?","M","?","R","E","?","T","M","?","M","?","$","R","B",null,"M","?","$","?","$","R","?","E","T","$","?","E","?","?","R","B",null,"M","?","M","?","?","E","?","E","T","?","E","R","$","E","R","B",null],"character_chosen":"THE_SERVANT","items_purchased":["InstantArmor","Gremlin Horn","Pan","Desolation","Foresight","DollysMirror","Sundial"],"campfire_rested":0,"item_purchase_floors":[14,14,20,22,27,47,47],"current_hp_per_floor":[64,64,57,57,57,57,55,42,42,39,39,36,36,36,36,25,65,65,65,65,65,65,65,65,65,65,65,65,65,65,59,59,65,65,65,65,65,65,65,65,65,69,69,72,72,72,72,72,72,72],"gold":80,"neow_bonus":"HUNDRED_GOLD","is_daily":false,"chose_seed":false,"campfire_upgraded":6,"win_rate":0.0,"timestamp":1610981024,"path_taken":["M","M","?","M","?","R","E","?","T","M","?","M","?","$","R","BOSS","M","?","?","?","$","R","?","E","T","$","?","E","?","?","R","BOSS","M","?","M","?","?","E","?","E","T","?","E","R","$","E","R","BOSS"],"items_purchased_type":["Card","Relic","Relic","Card","Card","Relic","Relic"],"build_version":"2020-12-22","purchased_purges":2,"victory":true,"max_hp_per_floor":[65,65,65,65,65,65,65,65,65,65,65,65,65,65,65,65,65,65,65,65,65,65,65,65,65,65,65,65,65,65,65,65,65,65,65,65,65,65,65,65,65,72,72,72,72,72,72,72,72,72],"card_choices":[{"not_picked":["Rewind","Manipulate"],"picked":"Moondial","floor":1},{"not_picked":["Unruled","SurpressingFire"],"picked":"FastForward","floor":2},{"not_picked":["Deadline","DualDimension"],"picked":"Comet","floor":4},{"not_picked":["ReturningBlade","Starlight"],"picked":"ShatteredReality","floor":7},{"not_picked":["Manipulate","Potential"],"picked":"BottledTime","floor":10},{"not_picked":["Revamp","Alleviate","Spin"],"picked":"SKIP","floor":12},{"not_picked":["ForgedInTime","LightFlow"],"picked":"TheWorld","floor":16},{"not_picked":["Potential","StarChef"],"picked":"Moondial","floor":18},{"not_picked":["Revamp","TimeWarp+1"],"picked":"Rewind+1","floor":25},{"not_picked":["DoubleEdge","Moonlight"],"picked":"Collapse+1","floor":29},{"not_picked":["TheWorld","TrueSight"],"picked":"Embodiment","floor":33},{"not_picked":["Potential+1","Ricochet+1","Alleviate+1"],"picked":"SKIP","floor":35},{"not_picked":["ShatteredReality+1","FanOfKnives"],"picked":"Defy+1","floor":36},{"not_picked":["TimeWarp","Moonlight","Unruled"],"picked":"SKIP","floor":37},{"not_picked":["DoubleEdge+1","Hightail"],"picked":"SpecialFormula+1","floor":40},{"not_picked":["BottledTime","DoubleEdge"],"picked":"SoulSculpture","floor":42},{"not_picked":["StarChef","FanOfKnives"],"picked":"Moondial","floor":44},{"not_picked":["Rearm+1","Potential+1"],"picked":"Collapse+1","floor":45},{"not_picked":["ShatteredReality+1","TrueSight","BestPractice"],"picked":"SKIP","floor":48}],"player_experience":237731,"relics_obtained":[{"floor":7,"key":"White Beast Statue"},{"floor":9,"key":"PreservedInsect"},{"floor":25,"key":"War Paint"},{"floor":26,"key":"MealTicket"},{"floor":29,"key":"Toy Ornithopter"},{"floor":36,"key":"CatCart"},{"floor":40,"key":"Regal Pillow"},{"floor":40,"key":"Bottled Flame"},{"floor":42,"key":"Oddly Smooth Stone"},{"floor":42,"key":"Strawberry"},{"floor":43,"key":"CeramicFish"},{"floor":45,"key":"Smiling Mask"},{"floor":45,"key":"PaperSwan"},{"floor":48,"key":"Potion Belt"}],"event_choices":[{"damage_healed":0,"gold_gain":0,"player_choice":"Success","damage_taken":7,"relics_obtained":["Juzu Bracelet"],"max_hp_gain":0,"max_hp_loss":0,"event_name":"Scrap Ooze","floor":3,"gold_loss":0},{"damage_healed":0,"gold_gain":175,"player_choice":"AGREE","damage_taken":0,"max_hp_gain":0,"max_hp_loss":0,"event_name":"Liars Game","floor":5,"gold_loss":0,"cards_obtained":["Doubt"]},{"damage_healed":0,"gold_gain":0,"player_choice":"Entered Light","damage_taken":13,"max_hp_gain":0,"max_hp_loss":0,"event_name":"Shining Light","floor":8,"gold_loss":0,"cards_upgraded":["Defend_S","Defend_S"]},{"damage_healed":0,"gold_gain":0,"player_choice":"Box","damage_taken":0,"relics_obtained":["Art of War"],"max_hp_gain":0,"max_hp_loss":0,"event_name":"Big Fish","floor":11,"gold_loss":0,"cards_obtained":["Regret"]},{"damage_healed":0,"gold_gain":0,"player_choice":"Upgraded","damage_taken":0,"max_hp_gain":0,"max_hp_loss":0,"event_name":"Upgrade Shrine","floor":13,"gold_loss":0,"cards_upgraded":["BottledTime"]},{"cards_removed":["Doubt"],"damage_healed":0,"gold_gain":0,"player_choice":"Removed Curses","damage_taken":0,"max_hp_gain":0,"max_hp_loss":0,"event_name":"Fountain of Cleansing","floor":19,"gold_loss":0},{"cards_removed":["Strike_S"],"damage_healed":0,"gold_gain":0,"player_choice":"Offered Basic","damage_taken":0,"max_hp_gain":0,"max_hp_loss":0,"event_name":"Bonfire Elementals","floor":21,"gold_loss":0},{"damage_healed":0,"gold_gain":0,"player_choice":"Ignored","damage_taken":0,"max_hp_gain":0,"max_hp_loss":0,"event_name":"Ghosts","floor":24,"gold_loss":0},{"damage_healed":0,"gold_gain":0,"player_choice":"Inject Mutagens","damage_taken":0,"relics_obtained":["MutagenicStrength"],"max_hp_gain":0,"max_hp_loss":0,"event_name":"Drug Dealer","floor":28,"gold_loss":0},{"damage_healed":0,"gold_gain":0,"player_choice":"Upgraded","damage_taken":0,"max_hp_gain":0,"max_hp_loss":0,"event_name":"Upgrade Shrine","floor":30,"gold_loss":0,"cards_upgraded":["Moondial"]},{"damage_healed":0,"gold_gain":0,"player_choice":"Joined the Cult","damage_taken":6,"max_hp_gain":0,"max_hp_loss":0,"event_name":"Nest","floor":31,"gold_loss":0,"cards_obtained":["RitualDagger"]},{"damage_healed":0,"gold_gain":0,"player_choice":"Fight","damage_taken":0,"max_hp_gain":0,"max_hp_loss":0,"event_name":"OrinTheCat","floor":36,"gold_loss":0},{"damage_healed":0,"gold_gain":0,"player_choice":"Forge","damage_taken":0,"max_hp_gain":0,"max_hp_loss":0,"event_name":"Accursed Blacksmith","floor":38,"gold_loss":0,"cards_upgraded":["Embodiment"]},{"cards_removed":["KidneyShot"],"damage_healed":0,"gold_gain":0,"player_choice":"Removed Attack","damage_taken":0,"max_hp_gain":0,"max_hp_loss":0,"event_name":"Falling","floor":39,"gold_loss":0},{"damage_healed":0,"gold_gain":0,"player_choice":"Upgraded","damage_taken":0,"max_hp_gain":0,"max_hp_loss":0,"event_name":"Upgrade Shrine","floor":41,"gold_loss":0,"cards_upgraded":["Comet"]},{"damage_healed":0,"gold_gain":0,"player_choice":"Fight","damage_taken":0,"max_hp_gain":0,"max_hp_loss":0,"event_name":"Mysterious Sphere","floor":44,"gold_loss":0}],"is_beta":false,"boss_relics":[{"not_picked":["Calling Bell","MysterySword"],"picked":"SacredBark"},{"not_picked":["Velvet Choker","Coffee Dripper"],"picked":"Black Star"}],"items_purged_floors":[14,47],"is_endless":false,"potions_floor_spawned":[2,4,7,10,12,16,18,25,29,33,35,36,37,40,42,44,45,48],"ascension_level":3}}