{"host":"och2iitg9ibgz06n","time":1610995937,"event":{"mods":["Abigail Mod","AchievementEnabler","Aspiration","BaseMod","Colored Powertips","Dio Mod","FruityMod","Hubris","Hyrulean Relics","Infinite Spire","Minty Spire (QoL Compilation)","Replay The Spire","Small Relic Pack","StSLib","The Animator","The Bug Knight","The Hierophant","The Jungle","The Saiyan","TheHero","Wandering Minibosses","everything is the same but u backflip on backflip","slay the spire mod where everything is the same but ironclad has a cowboy hat","vexMod"],"gold_per_floor":[90,90,103,21,31,31,63,63,63,63,76,90,90,161,161,262,262,282,282,298,1048,1048,1083,1083,1133,1184,1184,1211,1223,1223,1237,1237,1237,1237],"floor_reached":33,"language":"ENG","playtime":1278,"items_purged":[],"score":422,"play_id":"c380be23-03c3-44f5-904e-b9b33382a70d","local_time":"20210118125217","is_ascension_mode":true,"campfire_choices":[{"data":"Saiyan:MonkeyTail","floor":6,"key":"SMITH"},{"data":"Saiyan:RuthlessBlow","floor":8,"key":"SMITH"},{"data":"Saiyan:EnergyBlast","floor":10,"key":"SMITH"},{"data":"Saiyan:TurtleShell","floor":13,"key":"SMITH"},{"floor":15,"key":"REST"},{"data":"Saiyan:PlotArmor","floor":24,"key":"SMITH"},{"floor":27,"key":"RECALL"},{"floor":32,"key":"REST"}],"circlet_count":0,"master_deck":["Saiyan:SAIYA_Strike","Saiyan:SAIYA_Strike","Saiyan:SAIYA_Strike","Saiyan:SAIYA_Strike","Saiyan:SAIYA_Defend","Saiyan:SAIYA_Defend","Saiyan:SAIYA_Defend","Saiyan:SAIYA_Defend","Saiyan:EnergyBlast+1","Saiyan:KaioKen","Saiyan:RuthlessBlow+1","Saiyan:MonkeyTail+1","Saiyan:PowerUp","Saiyan:DragonFist","Saiyan:Teleport","Saiyan:FingerParry","Saiyan:BigBangAttack","Saiyan:TurtleShell+1","Saiyan:FingerParry","Saiyan:MindBoom","Saiyan:BackAttack","Saiyan:KiExplosion+1","Saiyan:ExpandingShockwave+1","Saiyan:PlotArmor+1","Saiyan:Quickening","Saiyan:BurningSoul+1","Saiyan:PlotArmor"],"relics":["SaiyanSoul","SaiyanHeart","Pocketwatch","Sozu","wanderingMiniBosses:MasterThiefsPresence","infinitespire:CheckeredPen","Lantern","Darkstone Periapt"],"acts_visited":["Exordium","TheCity"],"potions_floor_usage":[20,28],"damage_taken":[{"damage":5,"enemies":"Jaw Worm","floor":1,"turns":3},{"damage":0,"enemies":"Cultist","floor":3,"turns":3},{"damage":0,"enemies":"2 Louse","floor":5,"turns":2},{"damage":11,"enemies":"3 Sentries","floor":7,"turns":5},{"damage":0,"enemies":"2 Fungi Beasts","floor":11,"turns":2},{"damage":15,"enemies":"Gremlin Gang","floor":12,"turns":3},{"damage":12,"enemies":"The Guardian","floor":16,"turns":6},{"damage":19,"enemies":"Spheric Guardian","floor":18,"turns":4},{"damage":8,"enemies":"3 Byrds","floor":20,"turns":5},{"damage":8,"enemies":"Snecko","floor":21,"turns":6},{"damage":6,"enemies":"Slavers","floor":23,"turns":4},{"damage":0,"enemies":"Gremlin Leader","floor":28,"turns":3},{"damage":8,"enemies":"Centurion and Healer","floor":29,"turns":5},{"damage":13,"enemies":"Snake Plant","floor":31,"turns":5},{"damage":60,"enemies":"Collector","floor":33,"turns":9}],"seed_played":"598813628755729518","potions_obtained":[{"floor":3,"key":"ColorlessPotion"},{"floor":7,"key":"Venom Potion"},{"floor":16,"key":"Adrenaline Potion"}],"is_trial":false,"path_per_floor":["M","?","M","$","M","R","E","R","T","R","M","M","R","?","R","B",null,"M","?","M","M","?","E","R","?","T","R","E","M","$","M","R","B"],"character_chosen":"SAIYAJIN","items_purchased":["Saiyan:Teleport"],"campfire_rested":2,"item_purchase_floors":[4],"current_hp_per_floor":[37,60,60,60,60,60,49,49,49,49,50,37,37,37,55,45,65,48,55,48,41,47,44,44,44,44,44,44,38,38,29,52,0,0],"gold":1237,"neow_bonus":"THREE_RARE_CARDS","is_daily":false,"chose_seed":false,"campfire_upgraded":5,"win_rate":0.0,"timestamp":1610995937,"path_taken":["M","?","?","$","M","R","E","R","T","R","M","M","R","?","R","BOSS","M","?","?","M","?","E","R","?","T","R","E","?","$","M","R","BOSS"],"items_purchased_type":["Card"],"build_version":"2020-12-22","purchased_purges":0,"victory":false,"max_hp_per_floor":[60,60,60,60,60,60,60,60,60,60,61,63,63,63,63,65,65,67,67,68,69,69,72,72,72,72,72,72,74,74,78,78,79,79],"card_choices":[{"not_picked":["Saiyan:SuperSaiyanThree","Saiyan:SenzuBean"],"picked":"Saiyan:MonkeyTail","floor":0},{"not_picked":["Saiyan:KameHameHa","Saiyan:FinalFlash"],"picked":"Saiyan:PowerUp","floor":1},{"not_picked":["Saiyan:MeteorDash","Saiyan:DrainingStrike"],"picked":"Saiyan:DragonFist","floor":3},{"not_picked":["Saiyan:KameHameHa","Saiyan:Expend"],"picked":"Saiyan:FingerParry","floor":5},{"not_picked":["Saiyan:Reset","Saiyan:KameHameHa"],"picked":"Saiyan:BigBangAttack","floor":7},{"not_picked":["Saiyan:BackAttack","Saiyan:Planning"],"picked":"Saiyan:TurtleShell","floor":11},{"not_picked":["Saiyan:PowerUp","Saiyan:KameHameHa"],"picked":"Saiyan:FingerParry","floor":12},{"not_picked":["Saiyan:HyperTimeChamber","Saiyan:MonkeyTail"],"picked":"Saiyan:MindBoom","floor":16},{"not_picked":["Saiyan:TurtleShell","Saiyan:Overexert"],"picked":"Saiyan:BackAttack","floor":18},{"not_picked":["Saiyan:SaiyanHubris","Saiyan:Scouter+1"],"picked":"Saiyan:KiExplosion+1","floor":20},{"not_picked":["Saiyan:SaiyanHubris","Saiyan:KameHameHa"],"picked":"Saiyan:ExpandingShockwave+1","floor":21},{"not_picked":["Saiyan:SpiritSword","Saiyan:KameHameHa+1"],"picked":"Saiyan:PlotArmor","floor":23},{"not_picked":["Saiyan:MindBoom","Saiyan:SaiyanHubris"],"picked":"Saiyan:Quickening","floor":28},{"not_picked":["Saiyan:DragonFist","Saiyan:KameHameHa"],"picked":"Saiyan:BurningSoul+1","floor":29},{"not_picked":["Saiyan:Reset","Saiyan:PowerUp"],"picked":"Saiyan:PlotArmor","floor":31}],"player_experience":396342,"relics_obtained":[{"floor":7,"key":"Pocketwatch"},{"floor":21,"key":"wanderingMiniBosses:MasterThiefsPresence"},{"floor":23,"key":"infinitespire:CheckeredPen"},{"floor":26,"key":"Lantern"},{"floor":28,"key":"Darkstone Periapt"}],"event_choices":[{"damage_healed":23,"gold_gain":0,"player_choice":"Full Heal","damage_taken":0,"max_hp_gain":0,"max_hp_loss":0,"event_name":"Wheel of Change","floor":2,"gold_loss":0},{"damage_healed":0,"gold_gain":71,"player_choice":"Gained Gold","damage_taken":0,"max_hp_gain":0,"max_hp_loss":0,"event_name":"Golden Wing","floor":14,"gold_loss":0},{"damage_healed":0,"gold_gain":100,"player_choice":"Bet on Murderer","damage_taken":0,"max_hp_gain":0,"max_hp_loss":0,"event_name":"The Joust","floor":25,"gold_loss":50}],"is_beta":false,"boss_relics":[{"not_picked":["hubris:TerracottaHorce","aspiration:DefectSkillbook"],"picked":"Sozu"}],"items_purged_floors":[],"is_endless":false,"potions_floor_spawned":[3,7,16,20,21,28],"killed_by":"Collector","ascension_level":4}}