{"host":"cw25u8qal1h0d7ia","time":1610931815,"event":{"mods":["BaseMod","Downfall","Minty Spire (QoL Compilation)","StSLib"],"gold_per_floor":[99,116,136,411,31,31,108,140,140,168,168,53,53,81,91,91,91,91],"floor_reached":16,"language":"ENG","playtime":1391,"items_purged":["Regret","downfall:Haunted"],"score":139,"play_id":"14fa22df-641c-40f7-ab28-87ac90b1f761","local_time":"20210118020335","is_ascension_mode":true,"campfire_choices":[{"data":"Slimebound:CorrosiveSpit","floor":1,"key":"SMITH"},{"data":"Slimebound:Split","floor":6,"key":"SMITH"},{"data":"Slimebound:LeechLife","floor":13,"key":"SMITH"}],"circlet_count":0,"master_deck":["Slimebound:Strike_Slimebound","Slimebound:Tackle","Slimebound:Defend_Slimebound","Slimebound:Defend_Slimebound","Slimebound:Defend_Slimebound","Slimebound:Split+1","Slimebound:CorrosiveSpit+1","Slimebound:LeechLife+1"],"relics":["Slimebound:AbsorbEndCombat","Juzu Bracelet","Bag of Preparation","Eternal Feather","MealTicket","Oddly Smooth Stone","Singing Bowl","Akabeko"],"acts_visited":["Exordium"],"potions_floor_usage":[8,10,14],"damage_taken":[{"damage":7,"enemies":"Jaw Worm","floor":2,"turns":3},{"damage":0,"enemies":"Cultist","floor":3,"turns":4},{"damage":12,"enemies":"downfall:FleeingMerchant","floor":5,"turns":4},{"damage":23,"enemies":"Lagavulin","floor":8,"turns":6},{"damage":28,"enemies":"Gremlin Nob","floor":10,"turns":4},{"damage":9,"enemies":"downfall:FleeingMerchant","floor":12,"turns":4},{"damage":25,"enemies":"3 Sentries","floor":14,"turns":6},{"damage":0,"enemies":"2 Louse","floor":15,"turns":3},{"damage":76,"enemies":"IC_STATUS_ARCHETYPE","floor":16,"turns":10}],"seed_played":"4178080523938291117","potions_obtained":[{"floor":2,"key":"SkillPotion"},{"floor":8,"key":"GamblersBrew"},{"floor":10,"key":"LiquidBronze"}],"is_trial":false,"path_per_floor":["R","M","M","?","$","R","T","E","?","E","?","$","R","E","M","B"],"character_chosen":"SLIMEBOUND","items_purchased":["Juzu Bracelet","Bag of Preparation"],"campfire_rested":0,"item_purchase_floors":[5,5],"current_hp_per_floor":[59,53,59,59,49,49,49,39,32,19,19,37,40,19,36,0,0,0],"gold":91,"neow_bonus":"THREE_RARE_CARDS","is_daily":false,"chose_seed":false,"campfire_upgraded":3,"win_rate":0.0,"timestamp":1610931815,"path_taken":["R","M","M","?","$","R","T","E","?","E","?","?","R","E","M","BOSS"],"items_purchased_type":["Relic","Relic"],"build_version":"2020-12-22","purchased_purges":2,"victory":false,"max_hp_per_floor":[59,59,59,59,59,59,59,59,59,61,61,63,63,65,67,67,67,67],"card_choices":[{"not_picked":["Slimebound:WasteNot","Slimebound:CheckThePlaybook"],"picked":"Slimebound:LeechLife","floor":0},{"not_picked":["Slimebound:Equalize","Slimebound:SlimeSpikes","Slimebound:GrowthPunch"],"picked":"SKIP","floor":2},{"not_picked":["Slimebound:SplitBruiser","Slimebound:Dissolve","Slimebound:LeechingTouch"],"picked":"SKIP","floor":3},{"not_picked":["Slimebound:RollThrough","Slimebound:LivingWall","Slimebound:Repurpose"],"picked":"SKIP","floor":5},{"not_picked":["Slimebound:LeechingTouch","Slimebound:Chomp","Slimebound:HungryTackle"],"picked":"SKIP","floor":8},{"not_picked":["Slimebound:CheckThePlaybook","Slimebound:ViciousTackle","Slimebound:PressTheAttack"],"picked":"Singing Bowl","floor":10},{"not_picked":["Slimebound:ComboTackle","Slimebound:GoopSpray","Slimebound:LeechingTouch"],"picked":"Singing Bowl","floor":12},{"not_picked":["Slimebound:TongueLash","Slimebound:BestDefense","Slimebound:SplitLeeching"],"picked":"Singing Bowl","floor":14},{"not_picked":["Slimebound:GrowthPunch","Slimebound:LeechingTouch","Slimebound:Prepare"],"picked":"Singing Bowl","floor":15}],"player_experience":572297,"relics_obtained":[{"floor":7,"key":"Eternal Feather"},{"floor":8,"key":"MealTicket"},{"floor":10,"key":"Singing Bowl"},{"floor":14,"key":"Akabeko"}],"event_choices":[{"damage_healed":0,"gold_gain":0,"player_choice":"Success","damage_taken":7,"relics_obtained":["Oddly Smooth Stone"],"max_hp_gain":0,"max_hp_loss":0,"event_name":"Scrap Ooze","floor":9,"gold_loss":0}],"is_beta":false,"boss_relics":[],"items_purged_floors":[5,12],"is_endless":false,"potions_floor_spawned":[2,8,10],"killed_by":"IC_STATUS_ARCHETYPE","ascension_level":4}}