{"host":"fnk117zi8wf5078t","time":1610973197,"event":{"mods":["AchievementEnabler","BaseMod","Colored Map","Minty Spire (QoL Compilation)","Rare Cards Sparkle","SuperFastMode","everything is the same but u backflip on backflip"],"gold_per_floor":[115,7,23,23,23,23,33,33,83,67,67,83,83,96,96,198,198,213,57,57,75,89,89,115,115,115,115,115,133,153,153,153,250,250,262,262,36,46,58,58,78,78,103,130,144,144,47,59,59,59,59],"floor_reached":50,"language":"KOR","playtime":2646,"items_purged":["Strike_B"],"score":958,"play_id":"8e87b479-ae93-4a83-b36c-4f324053bb41","local_time":"20210118213317","is_ascension_mode":true,"campfire_choices":[{"data":"Genetic Algorithm","floor":6.0,"key":"SMITH"},{"data":"Fusion","floor":11.0,"key":"SMITH"},{"floor":13.0,"key":"REST"},{"floor":15.0,"key":"REST"},{"floor":23.0,"key":"REST"},{"data":"Rainbow","floor":25.0,"key":"SMITH"},{"floor":32.0,"key":"REST"},{"floor":40.0,"key":"REST"},{"floor":49,"key":"REST"}],"circlet_count":0,"master_deck":["Strike_B","Strike_B","Defend_B","Defend_B","Defend_B","Defend_B","Zap","Dualcast","Genetic Algorithm+1","Capacitor","FTL","Chill","Chaos","Seek","Skim","Fusion+1","Multi-Cast","Rainbow+1","Chaos+1","Double Energy+1","Melter+1","Turbo","Lockon","Echo Form","Meteor Strike","CurseOfTheBell","Madness","Madness","Darkness+1","Barrage+1","Capacitor+1"],"relics":["Cracked Core","CaptainsWheel","Centennial Puzzle","Bag of Preparation","SacredBark","Juzu Bracelet","PreservedInsect","Gambling Chip","Nilry\u0027s Codex","Calling Bell","Anchor","Symbiotic Virus","Incense Burner","Potion Belt","Bag of Marbles","Peace Pipe"],"acts_visited":["Exordium","TheCity","TheBeyond"],"potions_floor_usage":[50,50,50,50],"damage_taken":[{"damage":7.0,"enemies":"Jaw Worm","floor":1.0,"turns":3.0},{"damage":6.0,"enemies":"Cultist","floor":3.0,"turns":3.0},{"damage":4.0,"enemies":"2 Louse","floor":7.0,"turns":3.0},{"damage":13.0,"enemies":"Exordium Thugs","floor":10.0,"turns":4.0},{"damage":4.0,"enemies":"Looter","floor":12.0,"turns":3.0},{"damage":4.0,"enemies":"2 Fungi Beasts","floor":14.0,"turns":4.0},{"damage":0.0,"enemies":"Slime Boss","floor":16.0,"turns":7.0},{"damage":15.0,"enemies":"3 Byrds","floor":18.0,"turns":7.0},{"damage":5.0,"enemies":"Chosen","floor":21.0,"turns":4.0},{"damage":5.0,"enemies":"Snecko","floor":22.0,"turns":6.0},{"damage":11.0,"enemies":"Gremlin Leader","floor":24.0,"turns":7.0},{"damage":0.0,"enemies":"Colosseum Slavers","floor":28.0,"turns":1.0},{"damage":0.0,"enemies":"Sentry and Sphere","floor":29.0,"turns":4.0},{"damage":11.0,"enemies":"Chosen and Byrds","floor":30.0,"turns":5.0},{"damage":14.0,"enemies":"Champ","floor":33.0,"turns":10.0},{"damage":1.0,"enemies":"Orb Walker","floor":35.0,"turns":2.0},{"damage":8.0,"enemies":"3 Darklings","floor":38.0,"turns":5.0},{"damage":17.0,"enemies":"Transient","floor":39.0,"turns":5.0},{"damage":22.0,"enemies":"4 Shapes","floor":41.0,"turns":4.0},{"damage":1.0,"enemies":"Giant Head","floor":44.0,"turns":5.0},{"damage":0.0,"enemies":"Maw","floor":45.0,"turns":5.0},{"damage":21,"enemies":"Sphere and 2 Shapes","floor":48,"turns":6},{"damage":64,"enemies":"Donu and Deca","floor":50,"turns":5}],"seed_played":"7095279595702886556","potions_obtained":[{"floor":7.0,"key":"EssenceOfSteel"},{"floor":10.0,"key":"SmokeBomb"},{"floor":16.0,"key":"FocusPotion"},{"floor":18.0,"key":"Block Potion"},{"floor":24.0,"key":"Swift Potion"},{"floor":29.0,"key":"Block Potion"},{"floor":33.0,"key":"Swift Potion"},{"floor":35.0,"key":"SpeedPotion"},{"floor":39.0,"key":"Weak Potion"},{"floor":44.0,"key":"Ancient Potion"}],"is_trial":false,"path_per_floor":["M","$","M","?","$","R","M","?","T","M","R","M","R","M","R","B",null,"M","$","?","M","M","R","E","R","T","?","?","M","M","?","R","B",null,"M","?","$","M","M","R","M","?","T","E","M","?","$","M","R","B"],"character_chosen":"DEFECT","items_purchased":["Capacitor","FTL","Juzu Bracelet","Potion Belt","Energy Potion","ColorlessPotion"],"campfire_rested":6,"item_purchase_floors":[2,2,19,37,47,47],"current_hp_per_floor":[61,61,55,55,55,55,51,44,44,31,31,27,47,43,63,63,67,52,52,52,47,42,62,51,51,51,51,51,51,40,24,44,30,59,58,49,49,41,24,44,22,59,59,58,58,58,58,37,54,0,0],"gold":59,"neow_bonus":"ONE_RARE_RELIC","is_daily":false,"chose_seed":false,"campfire_upgraded":3,"win_rate":0.0,"timestamp":1610973197,"path_taken":["M","$","M","?","?","R","M","?","T","M","R","M","R","M","R","BOSS","M","$","?","M","M","R","E","R","T","?","?","M","M","?","R","BOSS","M","?","$","M","M","R","M","?","T","E","M","?","$","M","R","BOSS"],"items_purchased_type":["Card","Card","Relic","Relic","Potion","Potion"],"build_version":"2020-12-22","purchased_purges":1,"victory":false,"max_hp_per_floor":[68,68,68,68,68,68,68,68,68,68,68,68,68,68,68,68,68,68,68,68,68,68,68,68,68,68,68,68,68,68,68,68,68,68,68,68,68,68,68,68,68,59,59,59,59,59,59,59,59,59,59],"card_choices":[{"not_picked":["Steam","Steam Power"],"picked":"Genetic Algorithm","floor":1.0},{"not_picked":["Reinforced Body","Stack"],"picked":"Chill","floor":3.0},{"not_picked":["Rebound","Steam"],"picked":"Skim","floor":7.0},{"not_picked":["Capacitor","Stack"],"picked":"Fusion","floor":10.0},{"not_picked":["Rip and Tear","Stack"],"picked":"Multi-Cast","floor":12.0},{"not_picked":["Hologram","Streamline","Leap"],"picked":"SKIP","floor":14.0},{"not_picked":["Echo Form","Multi-Cast"],"picked":"Rainbow","floor":16.0},{"not_picked":["Ball Lightning","Hologram+1"],"picked":"Chaos+1","floor":18.0},{"not_picked":["Genetic Algorithm","Ball Lightning"],"picked":"Double Energy+1","floor":21.0},{"not_picked":["Steam+1","Darkness"],"picked":"Melter+1","floor":22.0},{"not_picked":["Hello World","Gash"],"picked":"Turbo","floor":24.0},{"not_picked":["Go for the Eyes","Ball Lightning"],"picked":"Lockon","floor":29.0},{"not_picked":["Glacier","Coolheaded"],"picked":"Echo Form","floor":30.0},{"not_picked":["Amplify","Biased Cognition"],"picked":"Meteor Strike","floor":33.0},{"not_picked":["Rip and Tear","Cold Snap","Steam+1"],"picked":"SKIP","floor":35.0},{"not_picked":["Doom and Gloom","Aggregate"],"picked":"Darkness+1","floor":38.0},{"not_picked":["Stack+1","Streamline","Steam"],"picked":"SKIP","floor":39.0},{"not_picked":["Steam+1","Beam Cell"],"picked":"Barrage+1","floor":41.0},{"not_picked":["Sweeping Beam+1","Undo+1","Auto Shields+1"],"picked":"SKIP","floor":44.0},{"not_picked":["Compile Driver+1","Go for the Eyes"],"picked":"Capacitor+1","floor":45.0},{"not_picked":["Steam Power","Steam","Fusion"],"picked":"SKIP","floor":48}],"player_experience":403401,"relics_obtained":[{"floor":9.0,"key":"Bag of Preparation"},{"floor":24.0,"key":"PreservedInsect"},{"floor":26.0,"key":"Gambling Chip"},{"floor":31.0,"key":"Nilry\u0027s Codex"},{"floor":34.0,"key":"Anchor"},{"floor":34.0,"key":"Symbiotic Virus"},{"floor":34.0,"key":"Incense Burner"},{"floor":43.0,"key":"Bag of Marbles"},{"floor":44.0,"key":"Peace Pipe"}],"event_choices":[{"damage_healed":0.0,"max_hp_gain":0.0,"max_hp_loss":0.0,"gold_gain":0.0,"event_name":"Match and Keep!","player_choice":"2 cards matched","floor":4.0,"gold_loss":0.0,"damage_taken":0.0,"cards_obtained":["Chaos","Seek"]},{"damage_healed":0.0,"max_hp_gain":0.0,"max_hp_loss":0.0,"gold_gain":0.0,"event_name":"Scrap Ooze","player_choice":"Success","floor":8.0,"gold_loss":0.0,"damage_taken":7.0,"relics_obtained":["Centennial Puzzle"]},{"cards_removed":["Strike_B"],"damage_healed":0.0,"max_hp_gain":0.0,"max_hp_loss":0.0,"gold_gain":0.0,"event_name":"Wheel of Change","player_choice":"Card Removal","floor":20.0,"gold_loss":0.0,"damage_taken":0.0},{"damage_healed":0.0,"max_hp_gain":0.0,"max_hp_loss":0.0,"gold_gain":0.0,"event_name":"Vampires","player_choice":"Ignored","floor":27.0,"gold_loss":0.0,"damage_taken":0.0},{"damage_healed":0.0,"max_hp_gain":0.0,"max_hp_loss":0.0,"gold_gain":0.0,"event_name":"Colosseum","player_choice":"Fight","floor":28.0,"gold_loss":0.0,"damage_taken":0.0},{"damage_healed":0.0,"max_hp_gain":0.0,"max_hp_loss":0.0,"gold_gain":0.0,"event_name":"Colosseum","player_choice":"Fled From Nobs","floor":28.0,"gold_loss":0.0,"damage_taken":0.0},{"damage_healed":0.0,"max_hp_gain":0.0,"max_hp_loss":0.0,"gold_gain":0.0,"event_name":"Cursed Tome","player_choice":"Obtained Book","floor":31.0,"gold_loss":0.0,"damage_taken":16.0},{"damage_healed":0.0,"max_hp_gain":0.0,"max_hp_loss":0.0,"gold_gain":0.0,"event_name":"Winding Halls","player_choice":"Embrace Madness","floor":36.0,"gold_loss":0.0,"damage_taken":9.0,"cards_obtained":["Madness","Madness"]},{"damage_healed":59.0,"max_hp_gain":0.0,"max_hp_loss":9.0,"gold_gain":0.0,"event_name":"The Moai Head","player_choice":"Heal","floor":42.0,"gold_loss":0.0,"damage_taken":0.0},{"damage_healed":0,"gold_gain":0,"player_choice":"Ignored","damage_taken":0,"max_hp_gain":0,"max_hp_loss":0,"event_name":"Mysterious Sphere","floor":46,"gold_loss":0}],"is_beta":false,"boss_relics":[{"not_picked":["Snecko Eye","Cursed Key"],"picked":"SacredBark"},{"not_picked":["Tiny House","Runic Dome"],"picked":"Calling Bell"}],"items_purged_floors":[37],"is_endless":false,"potions_floor_spawned":[7,10,16,18,24,29,30,33,35,39,44],"killed_by":"Donu and Deca","ascension_level":8}}