{"host":"ojme7g6xlqwffsso","time":1610948588,"event":{"mods":["BaseMod","Downfall","Lobotomy","Minty Spire (QoL Compilation)","StSLib"],"gold_per_floor":[111,111,127,145,159,159,159],"floor_reached":6,"language":"ENG","playtime":434,"items_purged":[],"score":57,"play_id":"c1e1103f-858d-44cb-a91f-e98eafec5562","local_time":"20210118144308","is_ascension_mode":true,"campfire_choices":[],"circlet_count":0,"master_deck":["AscendersBane","Strike_G","Strike_G","Strike_G","Strike_G","Strike_G","Defend_G","Defend_G","Defend_G","Defend_G","Defend_G","Survivor","Neutralize","Acrobatics","SpiderBud","Leg Sweep","Variant","Escape Plan","DespairKnight","Quick Slash","Bloodbath"],"relics":["Ring of the Snake","CogitoBucket","Golden Idol"],"acts_visited":["Exordium"],"potions_floor_usage":[],"damage_taken":[{"damage":1,"enemies":"Small Slimes","floor":1,"turns":4},{"damage":1,"enemies":"Jaw Worm","floor":3,"turns":7},{"damage":1,"enemies":"Cultist","floor":4,"turns":5},{"damage":36,"enemies":"Large Slime","floor":5,"turns":19},{"damage":27,"enemies":"3 Sentries","floor":6,"turns":4}],"seed_played":"-7883176523353156095","potions_obtained":[{"floor":4,"key":"Dexterity Potion"},{"floor":5,"key":"champ:CounterPotion"}],"is_trial":false,"path_per_floor":["M","?","M","M","M","E"],"character_chosen":"THE_SILENT","items_purchased":[],"campfire_rested":0,"item_purchase_floors":[],"current_hp_per_floor":[62,62,61,60,24,0,0],"gold":159,"neow_bonus":"","is_daily":false,"chose_seed":false,"campfire_upgraded":0,"win_rate":0.0,"timestamp":1610948588,"path_taken":["M","?","M","M","M","E"],"items_purchased_type":[],"build_version":"2020-12-22","purchased_purges":0,"victory":false,"max_hp_per_floor":[70,65,65,65,65,65,65],"card_choices":[{"not_picked":["Dagger Spray","Noxious Fumes"],"picked":"Acrobatics","floor":1},{"not_picked":["WallGazer","BeautyBeast"],"picked":"SpiderBud","floor":1},{"not_picked":["Footwork","Poisoned Stab"],"picked":"Leg Sweep","floor":3},{"not_picked":["WallGazer","MeatLantern"],"picked":"Variant","floor":3},{"not_picked":["Distraction","Dodge and Roll"],"picked":"Escape Plan","floor":4},{"not_picked":["WallGazer","Bloodbath"],"picked":"DespairKnight","floor":4},{"not_picked":["Accuracy","Acrobatics"],"picked":"Quick Slash","floor":5},{"not_picked":["PunishingBird","ShyLook"],"picked":"Bloodbath","floor":5}],"player_experience":881938,"relics_obtained":[],"event_choices":[{"damage_healed":0,"gold_gain":0,"player_choice":"Lose Max HP","damage_taken":0,"relics_obtained":["Golden Idol"],"max_hp_gain":0,"max_hp_loss":5,"event_name":"Golden Idol","floor":2,"gold_loss":0}],"is_beta":false,"boss_relics":[],"items_purged_floors":[],"is_endless":false,"potions_floor_spawned":[4,5],"killed_by":"3 Sentries","ascension_level":10}}