{"host":"lh9qfzqeqctr28d2","time":1610980262,"event":{"mods":["BaseMod","CapriCore","Luminous","Minty Spire (QoL Compilation)","Quick Restart","Relic Stats","Remilia£®¿Ÿ√◊¿Ú—«£©","StSLib","Yakumo Yukari mod"],"gold_per_floor":[118,118,118,133,133,164,164,193,220,220,66,79,96,112,112,215,215,229,229,249,262,262,262],"floor_reached":22,"language":"ZHS","playtime":1075,"items_purged":[],"score":332,"play_id":"f55ec7db-5340-4f1e-9c68-d7dfbf398bfc","local_time":"20210118223102","is_ascension_mode":true,"campfire_choices":[{"floor":7,"key":"RECALL"},{"data":"ScarletDream","floor":10,"key":"SMITH"},{"data":"BombardNight","floor":15,"key":"SMITH"}],"circlet_count":0,"master_deck":["AscendersBane","Strike_RM","Strike_RM","Strike_RM","Strike_RM","Defend_RM","Defend_RM","Defend_RM","Defend_RM","RedMoon","ScarletShoot","ScarletDream+1","BombardNight+1","EndlessAdversity","VampireFantasy","RedRainbow","DemonKingCradle","MillenniumVampire"],"relics":["ScarletHat","NeowsBlessing","Mercury Hourglass","Smiling Mask","Boot","Bronze Scales","Lantern","Busted Crown","Potion Belt"],"acts_visited":["Exordium","TheCity"],"potions_floor_usage":[6,21],"damage_taken":[{"damage":0,"enemies":"Jaw Worm","floor":1,"turns":1},{"damage":0,"enemies":"Small Slimes","floor":4,"turns":1},{"damage":0,"enemies":"3 Sentries","floor":6,"turns":1},{"damage":28,"enemies":"Lagavulin","floor":8,"turns":11},{"damage":0,"enemies":"2 Louse","floor":12,"turns":1},{"damage":0,"enemies":"2 Fungi Beasts","floor":13,"turns":2},{"damage":0,"enemies":"Exordium Thugs","floor":14,"turns":4},{"damage":36,"enemies":"The Guardian","floor":16,"turns":8},{"damage":4,"enemies":"Spheric Guardian","floor":18,"turns":3},{"damage":8,"enemies":"2 Thieves","floor":20,"turns":3},{"damage":39,"enemies":"Shelled Parasite and Fungi","floor":21,"turns":5},{"damage":11,"enemies":"Snecko","floor":22,"turns":4}],"seed_played":"-4410349518588463734","potions_obtained":[{"floor":6,"key":"Fruit Juice"},{"floor":8,"key":"SkillPotion"},{"floor":13,"key":"LiquidMemories"},{"floor":21,"key":"Block Potion"}],"is_trial":false,"path_per_floor":["M","?","T","M","?","E","R","E","T","R","$","M","M","M","R","B",null,"M","?","M","M","M"],"character_chosen":"REMILIA","items_purchased":["Lantern"],"campfire_rested":0,"item_purchase_floors":[11],"current_hp_per_floor":[68,61,61,61,66,71,71,48,48,48,48,48,48,50,50,23,70,68,68,60,26,20,20],"gold":262,"neow_bonus":"THREE_ENEMY_KILL","is_daily":false,"chose_seed":false,"campfire_upgraded":2,"win_rate":0.0,"timestamp":1610980262,"path_taken":["M","?","?","M","?","E","R","E","T","R","$","M","M","M","R","BOSS","M","?","M","M","M"],"items_purchased_type":["Relic"],"build_version":"2020-12-22","purchased_purges":0,"victory":false,"max_hp_per_floor":[75,75,75,75,80,85,85,85,85,85,85,85,85,85,85,85,85,85,85,85,85,85,85],"relic_stats":{"Busted Crown":6,"counters":[12,44],"Bronze Scales":[63],"Smiling Mask":0,"Boot":[25],"obtain_stats":[{"Potion Belt":19,"Lantern":11,"Busted Crown":17,"NeowsBlessing":0,"Bronze Scales":9,"Smiling Mask":6,"Boot":8,"ScarletHat":0,"Mercury Hourglass":2},{"Potion Belt":9,"Lantern":4,"Busted Crown":8,"NeowsBlessing":0,"Bronze Scales":4,"Smiling Mask":3,"Boot":4,"ScarletHat":0,"Mercury Hourglass":1},{"Potion Belt":32,"Lantern":14,"Busted Crown":29,"NeowsBlessing":0,"Bronze Scales":14,"Smiling Mask":3,"Boot":14,"ScarletHat":0,"Mercury Hourglass":1}],"Mercury Hourglass":[110]},"card_choices":[{"not_picked":["CharismaGuard","NightDance","UnstableMagic"],"picked":"SKIP","floor":1},{"not_picked":["NightDance","MastersStateliness"],"picked":"ScarletDream","floor":4},{"not_picked":["GlobalNightmare","UnderTheZenith"],"picked":"BombardNight","floor":6},{"not_picked":["VampireClaw","BloodyMagicSquare"],"picked":"EndlessAdversity","floor":8},{"not_picked":["StarOfDavid","DiffusionOfMisfortune"],"picked":"VampireFantasy","floor":12},{"not_picked":["HunterOfTheNight","FavorOfDestiny"],"picked":"RedRainbow","floor":13},{"not_picked":["MastersStateliness","UnderTheZenith","FavorOfDestiny"],"picked":"SKIP","floor":14},{"not_picked":["BloodySeventeenLaser","BloodyHallows"],"picked":"DemonKingCradle","floor":16},{"not_picked":[],"picked":"MillenniumVampire","floor":18},{"not_picked":["VampireKiss"],"picked":"SKIP","floor":20},{"not_picked":["FavorOfDestiny"],"picked":"SKIP","floor":21}],"player_experience":428878,"relics_obtained":[{"floor":6,"key":"Smiling Mask"},{"floor":8,"key":"Boot"},{"floor":9,"key":"Bronze Scales"}],"event_choices":[{"damage_healed":0,"gold_gain":0,"player_choice":"Success","damage_taken":7,"relics_obtained":["Mercury Hourglass"],"max_hp_gain":0,"max_hp_loss":0,"event_name":"Scrap Ooze","floor":2,"gold_loss":0},{"damage_healed":0,"gold_gain":0,"player_choice":"Donut","damage_taken":0,"max_hp_gain":5,"max_hp_loss":0,"event_name":"Big Fish","floor":5,"gold_loss":0}],"is_beta":false,"boss_relics":[{"not_picked":["Philosopher\u0027s Stone","Empty Cage"],"picked":"Busted Crown"}],"items_purged_floors":[],"is_endless":false,"potions_floor_spawned":[6,8,12,13,21],"killed_by":"Snecko","ascension_level":10}}