{"host":"few9iyaxiywls251","time":1610998129,"event":{"mods":["BaseMod","Bestiary","Curses Come First","Highlight Path","Minty Spire (QoL Compilation)","Shop Mod","StSLib","The Marked"],"gold_per_floor":[117,117,117,133,156,156,199,199,226,247,247,88,108,139,151,287,299,335,262,274,329,361,406,418,444,501,80,80,93,93,111,111,111,111],"floor_reached":33,"language":"ENG","playtime":2262,"items_purged":["Defend_P","Defend_P"],"score":325,"play_id":"86752b9e-0a91-4afe-87f5-6e47a5aa0135","local_time":"20210118132849","is_ascension_mode":false,"campfire_choices":[{"data":"BattleHymn","floor":6,"key":"SMITH"},{"data":"Eruption","floor":11,"key":"SMITH"},{"data":"CrushJoints","floor":15,"key":"SMITH"},{"data":"RitualDagger","floor":24,"key":"SMITH"},{"data":"Weave","floor":30,"key":"SMITH"},{"data":"Nirvana","floor":32,"key":"SMITH"}],"circlet_count":0,"master_deck":["Strike_P","Strike_P","Strike_P","Strike_P","Defend_P","Eruption+1","Vigilance","DeceiveReality","CutThroughFate","BattleHymn+1","FlyingSleeves","Perseverance","Weave+1","Nirvana+1","CrushJoints+1","SpiritShield","ThirdEye","RitualDagger+1","EmptyMind+1","Wireheading","WaveOfTheHand+1"],"relics":["HolyWater","Bloody Idol","Smiling Mask","Happy Flower","MawBank","Anchor","Red Mask","Toxic Egg 2","Centennial Puzzle","Nunchaku","TheAbacus"],"acts_visited":["Exordium","TheCity"],"potions_floor_usage":[7,14,25,25,33,33],"damage_taken":[{"damage":1,"enemies":"Jaw Worm","floor":1,"turns":3},{"damage":0,"enemies":"Cultist","floor":4,"turns":4},{"damage":2,"enemies":"Small Slimes","floor":5,"turns":5},{"damage":42,"enemies":"3 Sentries","floor":7,"turns":4},{"damage":2,"enemies":"Looter","floor":10,"turns":3},{"damage":0,"enemies":"3 Louse","floor":13,"turns":4},{"damage":1,"enemies":"Lagavulin","floor":14,"turns":7},{"damage":9,"enemies":"The Guardian","floor":16,"turns":6},{"damage":2,"enemies":"Chosen","floor":18,"turns":3},{"damage":8,"enemies":"Masked Bandits","floor":21,"turns":3},{"damage":3,"enemies":"3 Byrds","floor":22,"turns":5},{"damage":0,"enemies":"Gremlin Leader","floor":23,"turns":5},{"damage":23,"enemies":"3 Cultists","floor":25,"turns":6},{"damage":6,"enemies":"Shelled Parasite and Fungi","floor":29,"turns":6},{"damage":1,"enemies":"Snake Plant","floor":31,"turns":5},{"damage":54,"enemies":"Automaton","floor":33,"turns":6}],"seed_played":"6915121369421466625","potions_obtained":[{"floor":1,"key":"Strength Potion"},{"floor":5,"key":"Block Potion"},{"floor":14,"key":"LiquidMemories"},{"floor":18,"key":"Energy Potion"},{"floor":22,"key":"Swift Potion"},{"floor":25,"key":"EssenceOfSteel"}],"is_trial":false,"path_per_floor":["M","?","?","M","M","R","E","?","T","M","R","$","M","E","R","B",null,"M","?","?","?","M","E","R","M","T","$","?","M","R","M","R","B"],"character_chosen":"WATCHER","items_purchased":["Weave","Nirvana","Nunchaku","TheAbacus","WaveOfTheHand+1"],"campfire_rested":0,"item_purchase_floors":[12,12,27,27,27],"current_hp_per_floor":[78,59,59,59,57,57,15,15,15,13,13,13,13,12,12,3,79,77,77,71,63,60,60,60,37,37,37,37,36,36,40,40,0,0],"gold":111,"neow_bonus":"TEN_PERCENT_HP_BONUS","is_daily":false,"chose_seed":false,"campfire_upgraded":6,"win_rate":0.0,"timestamp":1610998129,"path_taken":["M","?","?","M","?","R","E","?","T","M","R","$","M","E","R","BOSS","M","?","?","?","M","E","R","M","T","$","?","?","R","M","R","BOSS"],"items_purchased_type":["Card","Card","Relic","Relic","Card"],"build_version":"2020-12-22","purchased_purges":2,"victory":false,"max_hp_per_floor":[79,79,79,79,79,79,79,79,79,79,79,79,79,79,79,79,79,79,79,79,79,79,79,79,79,79,79,79,79,79,79,79,79,79],"card_choices":[{"not_picked":["Worship","FearNoEvil"],"picked":"DeceiveReality","floor":1},{"not_picked":["Consecrate","JustLucky"],"picked":"CutThroughFate","floor":4},{"not_picked":["EmptyFist","Indignation"],"picked":"BattleHymn","floor":5},{"not_picked":["Halt","Consecrate"],"picked":"FlyingSleeves","floor":7},{"not_picked":["Consecrate","FlyingSleeves"],"picked":"Perseverance","floor":10},{"not_picked":["BowlingBash","EmptyBody","ClearTheMind"],"picked":"SKIP","floor":13},{"not_picked":["ConjureBlade","CutThroughFate"],"picked":"CrushJoints","floor":14},{"not_picked":["Wish","Devotion"],"picked":"SpiritShield","floor":16},{"not_picked":["Sanctity+1","Evaluate"],"picked":"ThirdEye","floor":18},{"not_picked":["ClearTheMind","Conclude+1","CrushJoints"],"picked":"SKIP","floor":22},{"not_picked":["Collect+1","Nirvana+1"],"picked":"EmptyMind+1","floor":23},{"not_picked":["Prostrate+1","FlyingSleeves"],"picked":"Wireheading","floor":25},{"not_picked":["EmptyBody+1","BattleHymn","FollowUp"],"picked":"SKIP","floor":29},{"not_picked":["FearNoEvil+1","CarveReality","Pray+1"],"picked":"SKIP","floor":31}],"player_experience":106614,"relics_obtained":[{"floor":7,"key":"Smiling Mask"},{"floor":9,"key":"Happy Flower"},{"floor":14,"key":"MawBank"},{"floor":21,"key":"Red Mask"},{"floor":23,"key":"Toxic Egg 2"},{"floor":26,"key":"Centennial Puzzle"}],"event_choices":[{"damage_healed":0,"gold_gain":0,"player_choice":"Take Damage","damage_taken":19,"relics_obtained":["Golden Idol"],"max_hp_gain":0,"max_hp_loss":0,"event_name":"Golden Idol","floor":2,"gold_loss":0},{"damage_healed":0,"gold_gain":0,"player_choice":"Bought 0 Potions","damage_taken":0,"max_hp_gain":0,"max_hp_loss":0,"event_name":"The Woman in Blue","floor":3,"gold_loss":0},{"cards_removed":["Defend_P"],"damage_healed":0,"gold_gain":0,"player_choice":"Forget","damage_taken":0,"max_hp_gain":0,"max_hp_loss":0,"event_name":"Living Wall","floor":8,"gold_loss":0},{"damage_healed":0,"gold_gain":0,"player_choice":"Obtained Relic","damage_taken":0,"relics_obtained":["Anchor"],"max_hp_gain":0,"max_hp_loss":0,"event_name":"Addict","floor":19,"gold_loss":85},{"damage_healed":0,"gold_gain":0,"player_choice":"Joined the Cult","damage_taken":6,"max_hp_gain":0,"max_hp_loss":0,"event_name":"Nest","floor":20,"gold_loss":0,"cards_obtained":["RitualDagger"]},{"damage_healed":0,"gold_gain":0,"player_choice":"Fought Bandits","damage_taken":0,"max_hp_gain":0,"max_hp_loss":0,"event_name":"Masked Bandits","floor":21,"gold_loss":0},{"damage_healed":0,"gold_gain":0,"player_choice":"Gave Idol","damage_taken":0,"relics_obtained":["Bloody Idol"],"max_hp_gain":0,"max_hp_loss":0,"event_name":"Forgotten Altar","floor":28,"relics_lost":["Golden Idol"],"gold_loss":0}],"is_beta":false,"boss_relics":[{"not_picked":["Black Star","SacredBark"],"picked":"HolyWater"}],"items_purged_floors":[12,27],"is_endless":false,"potions_floor_spawned":[1,5,14,18,22,25],"killed_by":"Automaton","ascension_level":0}}