{"host":"baymyijz6sxaqj5s","time":1610972195,"event":{"mods":["AchievementEnabler","BaseMod","Colored Map","Colored Powertips","DeckTracker","Highlight Path","KOR Keyword Fix","Keyboard Shortcuts","Minty Spire (QoL Compilation)","StSLib","SuperFastMode","everything is the same but u backflip on backflip"],"gold_per_floor":[118,118,118,132,132,132,151,151,151,151,170,170,245,263,263,263,263],"floor_reached":16,"language":"KOR","playtime":337,"items_purged":[],"score":99,"play_id":"e54e84f0-5aa4-4d92-8585-6d6aecfe258c","local_time":"20210118211635","is_ascension_mode":true,"campfire_choices":[{"data":"Survivor","floor":6,"key":"SMITH"},{"data":"Tactician","floor":8,"key":"SMITH"},{"data":"Catalyst","floor":10,"key":"SMITH"},{"floor":15,"key":"REST"}],"circlet_count":0,"master_deck":["Strike_G","Strike_G","Strike_G","Strike_G","Defend_G","Defend_G","Defend_G","Defend_G","Defend_G","Survivor+1","Neutralize","Poisoned Stab","Tactician+1","Catalyst+1","Catalyst"],"relics":["Ring of the Snake","Lantern","Gremlin Horn"],"acts_visited":["Exordium"],"potions_floor_usage":[11,14,16],"damage_taken":[{"damage":1,"enemies":"Cultist","floor":1,"turns":4},{"damage":1,"enemies":"Jaw Worm","floor":4,"turns":5},{"damage":0,"enemies":"2 Louse","floor":7,"turns":3},{"damage":24,"enemies":"Large Slime","floor":11,"turns":10},{"damage":1,"enemies":"Looter","floor":14,"turns":3},{"damage":66,"enemies":"The Guardian","floor":16,"turns":19}],"seed_played":"7567141512275588645","potions_obtained":[{"floor":4,"key":"Weak Potion"},{"floor":11,"key":"AttackPotion"},{"floor":14,"key":"Weak Potion"}],"is_trial":false,"path_per_floor":["M","?","$","M","?","R","M","R","T","R","M","$","?","M","R","B"],"character_chosen":"THE_SILENT","items_purchased":[],"campfire_rested":1,"item_purchase_floors":[],"current_hp_per_floor":[76,76,76,75,72,72,72,72,72,72,48,48,37,36,59,0,0],"gold":263,"neow_bonus":"TEN_PERCENT_HP_BONUS","is_daily":false,"chose_seed":false,"campfire_upgraded":3,"win_rate":0.0,"timestamp":1610972195,"path_taken":["M","?","$","?","?","R","M","R","T","R","M","?","?","M","R","BOSS"],"items_purchased_type":[],"build_version":"2020-12-22","purchased_purges":0,"victory":false,"max_hp_per_floor":[77,77,77,77,77,77,77,77,77,77,77,77,77,77,77,77,77],"card_choices":[{"not_picked":["Dagger Throw","Dodge and Roll"],"picked":"Poisoned Stab","floor":1},{"not_picked":["Bane","Outmaneuver"],"picked":"Tactician","floor":4},{"not_picked":["Dodge and Roll","Outmaneuver"],"picked":"Catalyst","floor":7},{"not_picked":["Flechettes","Concentrate","Tactician"],"picked":"SKIP","floor":11},{"not_picked":["Skewer","Deflect"],"picked":"Catalyst","floor":14}],"player_experience":47275,"relics_obtained":[{"floor":9,"key":"Gremlin Horn"}],"event_choices":[{"cards_removed":["Strike_G"],"damage_healed":0,"gold_gain":0,"player_choice":"Purged","damage_taken":0,"max_hp_gain":0,"max_hp_loss":0,"event_name":"Purifier","floor":2,"gold_loss":0},{"damage_healed":0,"gold_gain":0,"player_choice":"Success","damage_taken":3,"relics_obtained":["Lantern"],"max_hp_gain":0,"max_hp_loss":0,"event_name":"Scrap Ooze","floor":5,"gold_loss":0},{"damage_healed":0,"gold_gain":75,"player_choice":"Gather Gold","damage_taken":11,"max_hp_gain":0,"max_hp_loss":0,"event_name":"World of Goop","floor":13,"gold_loss":0}],"is_beta":false,"boss_relics":[],"items_purged_floors":[],"is_endless":false,"potions_floor_spawned":[4,11,14],"killed_by":"The Guardian","ascension_level":2}}