{"host":"1q02rw1wpi0nrsss","time":1610981765,"event":{"mods":["AchievementEnabler","BaseMod","Better Note","Custom Start","Dark Map","DeckTracker","Disable Question Mark Monsters","Minty Spire (QoL Compilation)","Permanent Neow","Quick Restart","Rare Cards Sparkle","Relic Stats","StSLib"],"gold_per_floor":[115,34,53,53,66,97,97,97,124,149,224,224,262,286,286,416,416,439,210,125,150,150,168,168,168,193,212,212,212,212,231,231,362,362,386,402,421,421,441,472,472,216,216,216,230,230,230,245,245,245],"floor_reached":51,"language":"ENG","playtime":2274,"items_purged":["Parasite","All Out Attack"],"score":999,"play_id":"7d54c3ec-8814-4e65-894a-ef3b5aa87076","local_time":"20210118065605","is_ascension_mode":true,"campfire_choices":[{"data":"Noxious Fumes","floor":8,"key":"SMITH"},{"data":"Envenom","floor":15,"key":"SMITH"},{"floor":28,"key":"REST"},{"data":"Dash","floor":30,"key":"SMITH"},{"data":"Blur","floor":32,"key":"SMITH"},{"floor":41,"key":"REST"},{"data":"Glass Knife","floor":44,"key":"SMITH"},{"floor":46,"key":"REST"},{"data":"After Image","floor":49,"key":"SMITH"}],"circlet_count":0,"master_deck":["Defend_G+1","Defend_G+1","Defend_G+1","Defend_G+1","Defend_G+1","Survivor","Neutralize","Noxious Fumes+1","Dash+1","Bane","Blur+1","Bouncing Flask","Envenom+1","After Image+1","PiercingWail+1","Acrobatics","Bite","Bite","Bite","Bite","Bite","Necronomicurse","Blade Dance","Glass Knife+1","Riddle With Holes+1","Dodge and Roll+1"],"relics":["Ring of the Serpent","Golden Idol","Oddly Smooth Stone","Bronze Scales","Art of War","Philosopher\u0027s Stone","TwistedFunnel","Du-Vu Doll","Necronomicon","Potion Belt","Meat on the Bone","Vajra","Kunai"],"acts_visited":["Exordium","TheCity","TheBeyond"],"potions_floor_usage":[13,13,16,21,33,33,36,37,40,40,50],"damage_taken":[{"damage":0,"enemies":"2 Louse","floor":1,"turns":2},{"damage":3,"enemies":"Small Slimes","floor":3,"turns":3},{"damage":5,"enemies":"Cultist","floor":5,"turns":4},{"damage":16,"enemies":"3 Sentries","floor":6,"turns":8},{"damage":1,"enemies":"Red Slaver","floor":10,"turns":4},{"damage":12,"enemies":"Lagavulin","floor":13,"turns":5},{"damage":0,"enemies":"Exordium Wildlife","floor":14,"turns":3},{"damage":36,"enemies":"The Guardian","floor":16,"turns":10},{"damage":13,"enemies":"Shell Parasite","floor":18,"turns":6},{"damage":3,"enemies":"Chosen","floor":21,"turns":5},{"damage":5,"enemies":"Snake Plant","floor":23,"turns":5},{"damage":9,"enemies":"Shelled Parasite and Fungi","floor":27,"turns":4},{"damage":1,"enemies":"Centurion and Healer","floor":31,"turns":6},{"damage":29,"enemies":"Collector","floor":33,"turns":10},{"damage":8,"enemies":"Orb Walker","floor":35,"turns":4},{"damage":3,"enemies":"3 Shapes","floor":36,"turns":3},{"damage":4,"enemies":"Transient","floor":37,"turns":5},{"damage":20,"enemies":"Maw","floor":39,"turns":7},{"damage":18,"enemies":"Giant Head","floor":40,"turns":8},{"damage":5,"enemies":"Writhing Mass","floor":45,"turns":7},{"damage":2,"enemies":"4 Shapes","floor":48,"turns":4},{"damage":32,"enemies":"Awakened One","floor":50,"turns":17}],"seed_played":"-4465621144756453849","potions_obtained":[{"floor":1,"key":"FearPotion"},{"floor":10,"key":"GamblersBrew"},{"floor":14,"key":"Explosive Potion"},{"floor":18,"key":"ColorlessPotion"},{"floor":27,"key":"Strength Potion"},{"floor":31,"key":"ColorlessPotion"},{"floor":33,"key":"Strength Potion"},{"floor":35,"key":"SpeedPotion"},{"floor":36,"key":"SkillPotion"},{"floor":39,"key":"GamblersBrew"},{"floor":48,"key":"Dexterity Potion"}],"is_trial":false,"path_per_floor":["M","$","M","?","M","E","?","R","T","M","?","?","E","M","R","B",null,"M","$","?","M","$","M","?","?","T","M","R","?","R","M","R","B",null,"M","M","M","?","M","E","R","$","T","R","M","R","$","M","R","B",null],"character_chosen":"THE_SILENT","items_purchased":["Noxious Fumes","TwistedFunnel","Vajra"],"campfire_rested":3,"item_purchase_floors":[2,19,42],"current_hp_per_floor":[70,70,67,48,43,27,46,46,46,45,34,59,47,47,47,11,61,48,48,48,45,45,40,40,24,24,19,34,34,34,43,43,40,48,43,40,48,48,43,29,44,44,44,44,45,51,51,49,49,47],"gold":245,"neow_bonus":"TEN_PERCENT_HP_BONUS","is_daily":false,"chose_seed":false,"campfire_upgraded":6,"win_rate":0.0,"timestamp":1610981765,"path_taken":["M","$","M","?","M","E","?","R","T","M","?","?","E","M","R","BOSS","M","$","?","M","$","M","?","?","T","M","R","?","R","M","R","BOSS","M","M","M","?","M","E","R","$","T","R","M","R","$","?","R","BOSS"],"items_purchased_type":["Card","Relic","Relic"],"build_version":"2020-12-22","purchased_purges":2,"victory":true,"max_hp_per_floor":[77,77,77,77,77,77,77,77,77,77,77,77,77,77,77,77,77,77,74,74,74,74,74,51,51,51,51,51,51,51,51,51,51,51,51,51,51,51,51,51,51,51,51,51,51,51,51,51,51,51],"relic_stats":{"counters":[22,130],"Golden Idol":153,"Bronze Scales":[337],"Art of War":[9],"Necronomicon":[23],"Kunai":[15],"obtain_stats":[{"TwistedFunnel":19,"Potion Belt":26,"Golden Idol":4,"Oddly Smooth Stone":6,"Vajra":42,"Du-Vu Doll":20,"Bronze Scales":9,"Philosopher\u0027s Stone":17,"Art of War":13,"Necronomicon":25,"Kunai":43,"Ring of the Serpent":34,"Ring of the Snake":0,"Meat on the Bone":40},{"TwistedFunnel":9,"Potion Belt":11,"Golden Idol":2,"Oddly Smooth Stone":4,"Vajra":19,"Du-Vu Doll":9,"Bronze Scales":4,"Philosopher\u0027s Stone":8,"Art of War":6,"Necronomicon":11,"Kunai":19,"Ring of the Serpent":14,"Ring of the Snake":0,"Meat on the Bone":19},{"TwistedFunnel":45,"Potion Belt":55,"Golden Idol":5,"Oddly Smooth Stone":17,"Vajra":102,"Du-Vu Doll":45,"Bronze Scales":17,"Philosopher\u0027s Stone":39,"Art of War":26,"Necronomicon":55,"Kunai":102,"Ring of the Serpent":75,"Ring of the Snake":0,"Meat on the Bone":102}],"Meat on the Bone":0},"card_choices":[{"not_picked":["Prepared","Sucker Punch"],"picked":"All Out Attack","floor":1},{"not_picked":["Slice","Flying Knee"],"picked":"Dash","floor":3},{"not_picked":["Calculated Gamble","Poisoned Stab","Slice"],"picked":"SKIP","floor":5},{"not_picked":["Poisoned Stab","Quick Slash"],"picked":"Bane","floor":6},{"not_picked":["Concentrate","Flying Knee"],"picked":"Blur","floor":10},{"not_picked":["Eviscerate","Dagger Spray"],"picked":"Bouncing Flask","floor":13},{"not_picked":["Dagger Spray","Slice"],"picked":"Envenom","floor":14},{"not_picked":["Malaise","Night Terror"],"picked":"After Image","floor":16},{"not_picked":["Concentrate","Deflect"],"picked":"PiercingWail+1","floor":18},{"not_picked":["Tactician","Dodge and Roll"],"picked":"Acrobatics","floor":21},{"not_picked":["Acrobatics","Slice","Cloak And Dagger"],"picked":"SKIP","floor":23},{"not_picked":["Terror","Eviscerate+1"],"picked":"Blade Dance","floor":27},{"not_picked":["Bane","Deadly Poison+1","Deflect"],"picked":"SKIP","floor":31},{"not_picked":["A Thousand Cuts","Adrenaline"],"picked":"Glass Knife","floor":33},{"not_picked":["Dodge and Roll","Prepared"],"picked":"Riddle With Holes+1","floor":35},{"not_picked":["Caltrops+1","Quick Slash+1"],"picked":"Dodge and Roll+1","floor":36},{"not_picked":["Prepared","Sucker Punch+1","Heel Hook"],"picked":"SKIP","floor":37},{"not_picked":["Doppelganger","Flechettes","Leg Sweep"],"picked":"SKIP","floor":39},{"not_picked":["Prepared+1","Dash","Slice"],"picked":"SKIP","floor":40},{"not_picked":["Prepared","Poisoned Stab+1","Leg Sweep"],"picked":"SKIP","floor":45},{"not_picked":["Grand Finale","Flechettes+1","Blade Dance"],"picked":"SKIP","floor":48}],"player_experience":415019,"relics_obtained":[{"floor":6,"key":"Oddly Smooth Stone"},{"floor":9,"key":"Bronze Scales"},{"floor":13,"key":"Art of War"},{"floor":25,"key":"Necronomicon"},{"floor":26,"key":"Potion Belt"},{"floor":40,"key":"Meat on the Bone"},{"floor":43,"key":"Kunai"}],"event_choices":[{"damage_healed":0,"gold_gain":0,"player_choice":"Take Damage","damage_taken":19,"relics_obtained":["Golden Idol"],"max_hp_gain":0,"max_hp_loss":0,"event_name":"Golden Idol","floor":4,"gold_loss":0},{"damage_healed":19,"gold_gain":0,"player_choice":"Healed and dodged fight","damage_taken":0,"max_hp_gain":0,"max_hp_loss":0,"event_name":"Mushrooms","floor":7,"gold_loss":0,"cards_obtained":["Parasite"]},{"damage_healed":0,"gold_gain":75,"player_choice":"Gather Gold","damage_taken":11,"max_hp_gain":0,"max_hp_loss":0,"event_name":"World of Goop","floor":11,"gold_loss":0},{"damage_healed":25,"gold_gain":0,"player_choice":"Banana","damage_taken":0,"max_hp_gain":0,"max_hp_loss":0,"event_name":"Big Fish","floor":12,"gold_loss":0},{"damage_healed":0,"gold_gain":0,"player_choice":"Obtained Relic","damage_taken":0,"relics_obtained":["Du-Vu Doll"],"max_hp_gain":0,"max_hp_loss":0,"event_name":"Addict","floor":20,"gold_loss":85},{"damage_healed":0,"gold_gain":0,"player_choice":"Became a vampire","damage_taken":0,"max_hp_gain":0,"max_hp_loss":23,"event_name":"Vampires","floor":24,"gold_loss":0,"cards_obtained":["Bite","Bite","Bite","Bite","Bite"]},{"damage_healed":0,"gold_gain":0,"player_choice":"Obtained Book","damage_taken":16,"max_hp_gain":0,"max_hp_loss":0,"event_name":"Cursed Tome","floor":25,"gold_loss":0},{"damage_healed":0,"gold_gain":0,"player_choice":"Simplicity","damage_taken":0,"max_hp_gain":0,"max_hp_loss":0,"event_name":"Back to Basics","floor":29,"gold_loss":0,"cards_upgraded":["Defend_G","Defend_G","Defend_G","Defend_G","Defend_G"]},{"damage_healed":0,"gold_gain":0,"player_choice":"Ignored","damage_taken":0,"max_hp_gain":0,"max_hp_loss":0,"event_name":"Transmorgrifier","floor":38,"gold_loss":0}],"is_beta":false,"boss_relics":[{"not_picked":["Runic Dome","Astrolabe"],"picked":"Philosopher\u0027s Stone"},{"not_picked":["Calling Bell","Black Star"],"picked":"Ring of the Serpent"}],"items_purged_floors":[19,42],"is_endless":false,"potions_floor_spawned":[1,10,14,18,27,31,33,35,36,39,48],"ascension_level":9}}