{"host":"goj2s4fnav97bn09","time":1610996986,"event":{"mods":["AchievementEnabler","Act Like it!","BaseMod","Colored Map","GifTheSpireLib","Hermit","Infinite Spire","Minty Spire (QoL Compilation)","Replay The Spire","StSLib","The Hierophant","The Servant 0.9.4"],"gold_per_floor":[111,111,186,186,203,234,244,275,302,319,350,397,424,443,443,544,544,561,612,625,277,277,312,312,322,322,347,3,3,3,14,14,117,117,136,236,178,178,178],"floor_reached":38,"language":"ENG","playtime":1772,"items_purged":["Strike_R","Strike_R"],"score":560,"play_id":"8be03d52-1264-49c6-8608-ae5fa8b1ddee","local_time":"20210118130946","is_ascension_mode":true,"campfire_choices":[{"data":"Life Link","floor":15,"key":"SMITH"},{"data":"Inflame","floor":24,"key":"SMITH"},{"data":"Infernal Blade","floor":29,"key":"SMITH"},{"floor":32,"key":"REST"}],"circlet_count":0,"master_deck":["Defend_R+1","Defend_R+1","Defend_R+1","Defend_R+1","Bash","Inflame","Rampage+1","Bloodletting","Blood for Blood","Pot Of Greed","Pot Of Greed","Intimidate","Life Link+1","ReplayTheSpireMod:Muscle Training","Juggernaut","Armaments+1","Anger","Anger+1","Inflame+1","Flex","ReplayTheSpireMod:Muscle Training+1","Infernal Blade+1","Pot Of Greed","Battle Trance","Juggernaut","Hemokinesis+1"],"relics":["Burning Blood","NeowsBlessing","Ring of Searing","Ring of Fury","infinitespire:PuzzleCube","Grinning Jar","Bag of Marbles","Bag of Preparation","Akabeko","Replay:Bottled Eggs","Empty Cage","Replay:Bottled Steam","Red Skull","Bottled Lightning","Strawberry","Quantum Egg","Replay:Ringing Soul","Busted Crown"],"acts_visited":["Exordium","TheCity","TheBeyond"],"potions_floor_usage":[13,23,25,33,33,38],"damage_taken":[{"damage":0,"enemies":"Jaw Worm","floor":1,"turns":1},{"damage":0,"enemies":"2 Louse","floor":5,"turns":1},{"damage":0,"enemies":"Gremlin Nob","floor":6,"turns":1},{"damage":10,"enemies":"Small Slimes","floor":7,"turns":3},{"damage":32,"enemies":"3 Sentries","floor":8,"turns":5},{"damage":3,"enemies":"Looter","floor":10,"turns":1},{"damage":8,"enemies":"Gremlin Nob","floor":11,"turns":3},{"damage":13,"enemies":"Lagavulin","floor":13,"turns":3},{"damage":4,"enemies":"3 Louse","floor":14,"turns":2},{"damage":18,"enemies":"Slime Boss","floor":16,"turns":5},{"damage":14,"enemies":"Chosen","floor":18,"turns":2},{"damage":20,"enemies":"Spheric Guardian","floor":20,"turns":4},{"damage":11,"enemies":"Slavers","floor":23,"turns":3},{"damage":16,"enemies":"Snake Plant","floor":25,"turns":3},{"damage":7,"enemies":"Replay:Snechameleon","floor":27,"turns":3},{"damage":4,"enemies":"Snecko","floor":31,"turns":2},{"damage":16,"enemies":"Collector","floor":33,"turns":5},{"damage":28,"enemies":"3 Shapes","floor":35,"turns":3},{"damage":28,"enemies":"infinitespire:Three Voidlings","floor":38,"turns":2},{"damage":52,"enemies":"Nightmare_Alpha","floor":38,"turns":3}],"seed_played":"-5269663964097257081","potions_obtained":[{"floor":1,"key":"AttackPotion"},{"floor":5,"key":"SkillPotion"},{"floor":6,"key":"Strength Potion"},{"floor":13,"key":"Fire Potion"},{"floor":25,"key":"SteroidPotion"},{"floor":31,"key":"Swift Potion"},{"floor":33,"key":"Explosive Potion"}],"is_trial":false,"path_per_floor":["M","?","?","?","M","E","M","E","T","M","E","T","E","M","R","B",null,"M","?","M","$","?","E","R","M","T","E","$","R","?","M","R","B",null,"M","?","$","?"],"character_chosen":"IRONCLAD","items_purchased":["Red Skull","Inflame","Flex","Replay:Ringing Soul","Hemokinesis+1"],"campfire_rested":1,"item_purchase_floors":[21,21,21,28,37],"current_hp_per_floor":[80,80,69,69,75,80,76,50,50,53,51,51,44,46,46,34,80,72,52,38,38,38,33,33,23,30,29,29,29,29,34,61,54,93,71,71,74,0,0],"gold":178,"neow_bonus":"THREE_ENEMY_KILL","is_daily":false,"chose_seed":false,"campfire_upgraded":3,"win_rate":0.0,"timestamp":1610996986,"path_taken":["M","?","?","?","M","E","M","E","T","M","E","?","E","M","R","BOSS","M","?","?","$","?","E","R","M","T","E","?","R","?","?","R","BOSS","M","?","?","?"],"items_purchased_type":["Relic","Card","Card","Relic","Card"],"build_version":"2020-12-22","purchased_purges":2,"victory":false,"max_hp_per_floor":[80,80,80,80,80,80,80,80,80,80,80,80,80,80,80,80,80,80,80,80,80,80,80,80,80,87,87,87,87,87,90,90,93,93,93,93,96,96,96],"card_choices":[{"not_picked":["ReplayTheSpireMod:Strike From Hell","Twin Strike"],"picked":"Inflame","floor":1},{"not_picked":["Disarm","Perfected Strike"],"picked":"Bloodletting","floor":5},{"not_picked":["Heavy Blade","Fire Breathing","Second Wind"],"picked":"SKIP","floor":6},{"not_picked":["Heavy Blade","Thunderclap"],"picked":"Blood for Blood","floor":7},{"not_picked":["Searing Blow","Dropkick"],"picked":"Intimidate","floor":8},{"not_picked":["Evolve","Abandon","Shockwave"],"picked":"SKIP","floor":10},{"not_picked":["Metallicize","Dual Wield"],"picked":"Life Link","floor":11},{"not_picked":["Thunderclap","Havoc","Clash"],"picked":"SKIP","floor":13},{"not_picked":["Thunderclap","Havoc","Clash"],"picked":"SKIP","floor":13},{"not_picked":["Pummel","Havoc"],"picked":"ReplayTheSpireMod:Muscle Training","floor":14},{"not_picked":["Immolate","Demonic Infusion"],"picked":"Juggernaut","floor":16},{"not_picked":["Whirlwind+1","Thunderclap"],"picked":"Armaments","floor":18},{"not_picked":["Thunderclap+1","Cleave+1"],"picked":"Anger","floor":19},{"not_picked":["Body Slam","Burning Pact"],"picked":"Anger+1","floor":19},{"not_picked":["Heavy Blade","Pommel Strike","Dark Embrace"],"picked":"SKIP","floor":20},{"not_picked":["Exhume","Havoc"],"picked":"ReplayTheSpireMod:Muscle Training+1","floor":23},{"not_picked":["infinitespire:OneForAll","Pommel Strike+1"],"picked":"Infernal Blade","floor":25},{"not_picked":["Run Through","Twin Strike","Entrench+1"],"picked":"SKIP","floor":27},{"not_picked":["ReplayTheSpireMod:Stacked","Replay:Undeath\u0027s Touch"],"picked":"Battle Trance","floor":31},{"not_picked":["Immolate","Eclipse"],"picked":"Juggernaut","floor":33},{"not_picked":["Pommel Strike"],"picked":"SKIP","floor":35}],"player_experience":327579,"relics_obtained":[{"floor":4,"key":"Ring of Searing"},{"floor":4,"key":"Ring of Fury"},{"floor":6,"key":"infinitespire:PuzzleCube"},{"floor":8,"key":"Grinning Jar"},{"floor":9,"key":"Bag of Marbles"},{"floor":11,"key":"Bag of Preparation"},{"floor":12,"key":"Akabeko"},{"floor":13,"key":"Replay:Bottled Eggs"},{"floor":19,"key":"Replay:Bottled Steam"},{"floor":23,"key":"Bottled Lightning"},{"floor":26,"key":"Strawberry"},{"floor":27,"key":"Quantum Egg"}],"event_choices":[{"damage_healed":0,"gold_gain":75,"player_choice":"Gather Gold","damage_taken":11,"max_hp_gain":0,"max_hp_loss":0,"event_name":"World of Goop","floor":3,"gold_loss":0},{"damage_healed":0,"gold_gain":0,"player_choice":"Upgraded","damage_taken":0,"max_hp_gain":0,"max_hp_loss":0,"event_name":"Upgrade Shrine","floor":22,"gold_loss":0,"cards_upgraded":["Armaments"]},{"damage_healed":0,"gold_gain":0,"player_choice":"Ignored","damage_taken":0,"max_hp_gain":0,"max_hp_loss":0,"event_name":"Ghosts","floor":30,"gold_loss":0},{"damage_healed":0,"gold_gain":100,"player_choice":"Pray","damage_taken":0,"max_hp_gain":0,"max_hp_loss":0,"event_name":"Golden Shrine","floor":36,"gold_loss":0}],"is_beta":false,"boss_relics":[{"not_picked":["Sozu","Runic Dome"],"picked":"Empty Cage"},{"not_picked":["Abe\u0027s Treasure","Cursed Key"],"picked":"Busted Crown"}],"items_purged_floors":[21,28],"is_endless":false,"potions_floor_spawned":[1,5,6,13,14,18,25,31,33,38],"killed_by":"Nightmare_Alpha","ascension_level":3}}