{"host":"l8lm1goh5xm9tkuw","time":1610965834,"event":{"mods":["Act Like it!","Alarm Clock","Astrologer","BaseMod","Colored Map","Colored Powertips","Hermit","KomeijiMod","Library of Ruina","Library of Ruina Extra","Lobotomy","LobotomyExtend","Marisa£®ÏF”Í°°ƒß¿Ì…≥£©","Minty Spire (QoL Compilation)","MostiFishMod","Quick Restart","Replay The Spire","StSLib","TestMod","The Bug Knight","The Hierophant","UnlockEverythingMod","vexMod","°æ“≈ŒÔø®≈∆°øREMEMod"],"gold_per_floor":[114,114,128,128,144,175,175,207,256,274,169,203,203,213,213,286,286,298,298,315,331,373,430,430,456,456,536,572,616,616,666,666,756,756,767,767,767,781,393,423,423,436,436,489,505,505,585,630,630,666,720,720,720,720,115,167,227],"floor_reached":58,"language":"ZHS","playtime":2363,"items_purged":["LightAttack","LightAttack","LightDefense"],"score":2740,"play_id":"1dad11a6-5413-4966-a5b9-9369091ed609","local_time":"20210118183033","is_ascension_mode":true,"campfire_choices":[{"data":"SilentMist","floor":7.0,"key":"SMITH"},{"data":"1","floor":15.0,"key":"LIFT"},{"floor":24,"key":"REST"},{"data":"BulkyImpact","floor":30,"key":"SMITH"},{"floor":32,"key":"RECALL"},{"data":"2","floor":46,"key":"LIFT"},{"data":"Madness","floor":49,"key":"SMITH"},{"data":"3","floor":54,"key":"LIFT"}],"circlet_count":0,"master_deck":["Dodge","ChargeAndCover+1","FocusedStrikes","Overpower","SteelKnuckles","SilentMist+1","Parry2","BladeWhirl","GrazeTheGrass+1","Commandeering","BulkyImpact+1","CrackOfDawn","UnavoidableGaze+1","SavageMode","TendonChords","ToOvercomeCrisis","Madness","Madness+1","Slice_lor","EmotionalTurbulence","ForcefulGesture+1","Disposal"],"relics":["PageOfLibrarian","DaveBox","testmod-TestBox","REME_ComplimentaryCards","MostiFishMod:Haymaker","testmod-Nine","LetterFromLob","HollowMod:StagPassRelic","ReplayTheSpireMod:Lightbulb","Girya","vexMod:TanglingVine","Nloth\u0027s Gift","Quantum Egg","REME_ArchaeologicalTools","Mercury Hourglass","testmod-ArcanaOfDestiny","HollowMod:PaleOreRelic","JellyFishMachine","PageOfTheQueenOfHatred","PageOfTheKnightOfDespair","PageOfGreed","PageOfWrath","PageOfNihil","Gremlin Horn","TheAbacus","CaptainsWheel","PageOfGalaxyChild"],"acts_visited":["Exordium","TheCity","TheBeyond","TheEnding"],"potions_floor_usage":[23,23,25,57],"damage_taken":[{"damage":0.0,"enemies":"Small Slimes","floor":1.0,"turns":3.0},{"damage":7.0,"enemies":"Jaw Worm","floor":3.0,"turns":3.0},{"damage":0.0,"enemies":"Cultist","floor":5.0,"turns":3.0},{"damage":17.0,"enemies":"Gremlin Nob","floor":6.0,"turns":4.0},{"damage":21.0,"enemies":"Replay:BlueRogue","floor":8.0,"turns":4.0},{"damage":0.0,"enemies":"Exordium Wildlife","floor":10.0,"turns":1.0},{"damage":19.0,"enemies":"Lagavulin","floor":12.0,"turns":6.0},{"damage":0.0,"enemies":"Lots of Slimes","floor":14.0,"turns":2.0},{"damage":14.0,"enemies":"The Guardian","floor":16.0,"turns":12.0},{"damage":5.0,"enemies":"2 Thieves","floor":18.0,"turns":3.0},{"damage":0.0,"enemies":"Spheric Guardian","floor":20.0,"turns":3.0},{"damage":12.0,"enemies":"Shelled Parasite and Fungi","floor":21.0,"turns":2.0},{"damage":18.0,"enemies":"Centurion and Healer","floor":22.0,"turns":4.0},{"damage":20,"enemies":"Replay:Snechameleon","floor":23,"turns":2},{"damage":11,"enemies":"Slavers","floor":25,"turns":3},{"damage":0,"enemies":"Gremlin Leader","floor":27,"turns":2},{"damage":0,"enemies":"3 Cultists","floor":28,"turns":3},{"damage":0,"enemies":"Replay:Snechameleon","floor":29,"turns":4},{"damage":0,"enemies":"KingOfGreed","floor":33,"turns":8},{"damage":0,"enemies":"Orb Walker","floor":35,"turns":2},{"damage":0,"enemies":"3 Shapes","floor":38,"turns":1},{"damage":2,"enemies":"Reptomancer","floor":40,"turns":3},{"damage":7,"enemies":"Jaw Worm Horde","floor":42,"turns":3},{"damage":0,"enemies":"R_Hoarder","floor":44,"turns":4},{"damage":12,"enemies":"Maw","floor":45,"turns":8},{"damage":8,"enemies":"Reptomancer","floor":47,"turns":5},{"damage":13,"enemies":"Sphere and 2 Shapes","floor":48,"turns":3},{"damage":6,"enemies":"Replay:Hell Engine","floor":50,"turns":5},{"damage":11,"enemies":"Awakened One","floor":51,"turns":6},{"damage":8,"enemies":"Shield and Spear","floor":56,"turns":3},{"damage":51,"enemies":"The Heart","floor":57,"turns":7}],"seed_played":"-4466490085436225597","potions_obtained":[{"floor":1.0,"key":"AttackPotion"},{"floor":3.0,"key":"Strength Potion"},{"floor":16.0,"key":"LiquidMemories"},{"floor":20.0,"key":"REME_GoldPotion"},{"floor":22.0,"key":"REME_GoldPotion"},{"floor":23,"key":"AttackPotion"},{"floor":33,"key":"FearPotion"},{"floor":42,"key":"testmod-TimePotion"}],"is_trial":false,"path_per_floor":["M","?","M","?","M","E","R","E","T","M","$","E","?","M","R","B",null,"M","?","M","M","M","E","R","E","T","E","M","E","R","?","R","B",null,"M","?","?","M","$","E","?","M","T","E","M","R","E","M","R_BF","B","B",null,null,"R","$","E","B",null],"character_chosen":"Librarian","items_purchased":["GrazeTheGrass","PageOfTheQueenOfHatred","TheAbacus","CaptainsWheel"],"campfire_rested":1,"item_purchase_floors":[11,39,55,55],"current_hp_per_floor":[54,54,47,63,63,46,46,25,25,25,25,6,6,23,23,53,71,66,66,66,54,36,16,39,28,28,28,28,31,31,31,31,40,73,73,73,58,58,58,62,62,63,63,73,82,82,78,74,74,84,83,83,84,84,84,84,46],"gold":227,"neow_bonus":"TRANSFORM_CARD","is_daily":false,"chose_seed":false,"campfire_upgraded":3,"win_rate":0.0,"timestamp":1610965833,"path_taken":["M","?","M","?","M","E","R","E","T","?","$","E","?","?","R","BOSS","M","?","M","?","M","E","R","E","T","E","M","E","R","?","R","BOSS","M","?","?","M","$","E","?","M","T","E","M","R","E","M","R_BF","BOSS","BOSS","R","$","E","BOSS"],"items_purchased_type":["Card","Relic","Relic","Relic"],"build_version":"2020-12-22","purchased_purges":3,"victory":true,"max_hp_per_floor":[84,84,84,84,84,84,84,84,84,70,70,76,76,76,76,77,77,77,77,77,77,77,77,77,77,77,84,84,84,84,84,84,84,84,84,84,84,84,84,84,84,84,84,84,84,84,84,84,84,84,84,84,84,84,84,84,84],"card_choices":[{"not_picked":["GuardingStance","KeepItFresh","BindingArms","TendonChords","CircusKnives","StructuralAnalysis","GuidanceOfTheGears","Standoff"],"picked":"RhinoRam","floor":1.0},{"not_picked":["DarkCloud","ViolentFlame","PreemptiveStrike","TimeForALittleTest","StrongStrike","SuppressingShot","Brawl","DevastatingThrash","DefenseOrder","StrikeDown"],"picked":"ChopItOff","floor":3.0},{"not_picked":["TendonChords","Slice_lor","PreparedMind","FlamingDragonFist","Unlock1","DefenseOrder","StructuralAnalysis","PreemptiveStrike","Collision","Standoff"],"picked":"SteelKnuckles","floor":5.0},{"not_picked":["ChopItOff","TasteMyFlamingBat","RulesOfTheBackstreets","BackstreetsDash","TheArtOfRapidSteps","HandleRequest","DefenseOrder","Eradication","DarkCloud","EnergyStrike"],"picked":"SilentMist","floor":6.0},{"not_picked":["SinglePointStab","TimeForALittleTest","Outburst","Quickness","WillBeTasty","DestructiveImpact","FleetFootsteps","Laceration","Leap_lor","OpportunitySpotted"],"picked":"Parry2","floor":8.0},{"not_picked":["Leap_lor","SmokingPipe","SomberProcuration","SpearedSweep","InhaleSmoke","ReadyUp","SerpentineBarrier","GrazeTheGrass","DevastatingThrash","SerpentSwordTechnique"],"picked":"BladeWhirl","floor":10.0},{"not_picked":["MultiHit","Wallop_lor","UpbeatPerformance","Leap_lor","ElectricShock","BoundaryOfDeath","StructuralAnalysis","BladeWhirl","SpearedSweep","Tttonst","NightInTheBackstreets"],"picked":"SKIP","floor":12.0},{"not_picked":["Thrust","SuppressingShot","GuidanceOfTheGears","OpportunitySpotted","HighSpeedStabbing","GreatSerpentsImpact","Outburst","UpbeatPerformance","TrimTheIngredients","HighKick","FlamingDragonFist"],"picked":"SKIP","floor":14.0},{"not_picked":["SenseQuarry","Castigation","UnforgettableMelody","Suppress"],"picked":"Commandeering","floor":16.0},{"not_picked":["StartinOutLightly+1","EnergyCycle","EndlessBattle","BindingChains","UpbeatPerformance","DesperateStruggle+1","FierceOnslaught","Punishment","Reload","Track"],"picked":"BulkyImpact","floor":18.0},{"not_picked":["DarkCloud","StartinOutLightly","GuardingStance","SpearedSweep","UnavoidableGaze","StrikeDown","Suppress","Mutilate+1","Guardian_lor+1"],"picked":"SKIP","floor":20.0},{"not_picked":["MultiHit","BiteOff","HandleRequest","SerpentSwordTechnique","AsThePrescriptOrders","StayCalm","ProselytesBlade","WildCard"],"picked":"CrackOfDawn","floor":21.0},{"not_picked":["CutIn+1","Leap_lor","MultiHit","TheArtOfRapidSteps","RapidGashes","ViolentFlame","Quickness","RushDown","BiteOff"],"picked":"SKIP","floor":22.0},{"not_picked":["SinglePointStab","TieShanKao","Preparation+1","BackAttack","Decapitation","YourShield","Punishment","Eradication"],"picked":"UnavoidableGaze+1","floor":23},{"not_picked":["Creak","RipSpace","GrazeTheGrass","HardRehearsal","Commandeering","FleetEdge","ExtremeEdge","Endure"],"picked":"SavageMode","floor":25},{"not_picked":["Cruelty","GreatSerpentsImpact","Outburst","FleetFootsteps","EnergyCycle","GoinFirst","CutIn","OpportunitySpotted","CrackOfDawn"],"picked":"SKIP","floor":27},{"not_picked":["HandleRequest","SetFire+1","MultiHit+1","SmokingPipe","AsThePrescriptOrders","Marionette","TasteMyFlamingBat","YouOnlyLiveOnce"],"picked":"TendonChords","floor":28},{"not_picked":["PreemptiveStrike","QuickAttack","NightInTheBackstreets","StructuralAnalysis","FleshFillet","ViolentFlame","AsThePrescriptOrders","Deflect_lor"],"picked":"ToOvercomeCrisis","floor":29},{"not_picked":["StrongStrike","GreatSerpentsImpact+1","UpbeatPerformance+1","WillOfThePrescript+1","FieryWaltz+1","Laceration","FrontalAssault","ScratchThat","OpportunitySpotted+1"],"picked":"SKIP","floor":35},{"not_picked":["Faith","Riposte+1","Multislash+1","Clone","Thrust","SunsetBlade","PreemptiveStrike","HighSpeedStabbing","SuppressingShot"],"picked":"SKIP","floor":38},{"not_picked":["Quickness","Overcharge","CrackOfDawn","GuardingStance","Concentration","NightInTheBackstreets+1","EnergyStrike","GoinFirst","Tailoring"],"picked":"SKIP","floor":40},{"not_picked":["QuickAttack","GrazeTheGrass","MultiBlock","ExtremeEdge","Multislash+1","HandleRequest","Thrust+1","GreatSerpentsImpact+1","UpbeatPerformance"],"picked":"SKIP","floor":42},{"not_picked":["TendonChords","Tttonst","Wallop_lor","GroundSmash","BoundaryOfDeath","WaitUp","Multislash","Quickness","CumulusWall"],"picked":"SKIP","floor":44},{"not_picked":["Multislash+1","Outburst","GreatSerpentsImpact","Transpierce","RapidGashes","Unlock1+1","AssaultOrder","FrontalAssault","Pound"],"picked":"SKIP","floor":45},{"not_picked":["PinpointShot","Track","ClassAndRespect","Suppress","Unlock1+1","ICanCookAnything","GuardingStance+1","WillOfThePrescript"],"picked":"EmotionalTurbulence","floor":47},{"not_picked":["Marionette+1","Multislash+1","SinglePointStab","AssaultOrder","UndertakePrescript","Punishment","CircusKnives","StructuralAnalysis"],"picked":"ForcefulGesture+1","floor":48},{"not_picked":["FleshFillet","UncannyStrike","HighKick","CombatPreparation+1","Castigation","AutomatedMovement","BackAttack","Clone"],"picked":"Disposal","floor":56}],"player_experience":358088,"relics_obtained":[{"floor":1.0,"key":"SynthV:TestCard"},{"floor":1.0,"key":"LetterFromLob"},{"floor":6.0,"key":"HollowMod:StagPassRelic"},{"floor":8.0,"key":"ReplayTheSpireMod:Lightbulb"},{"floor":12.0,"key":"Girya"},{"floor":23,"key":"Quantum Egg"},{"floor":25,"key":"REME_ArchaeologicalTools"},{"floor":26,"key":"Mercury Hourglass"},{"floor":27,"key":"testmod-ArcanaOfDestiny"},{"floor":29,"key":"HollowMod:PaleOreRelic"},{"floor":40,"key":"PageOfTheKnightOfDespair"},{"floor":43,"key":"PageOfGreed"},{"floor":44,"key":"PageOfWrath"},{"floor":45,"key":"PageOfNihil"},{"floor":47,"key":"Gremlin Horn"},{"floor":56,"key":"PageOfGalaxyChild"}],"event_choices":[{"damage_healed":0.0,"max_hp_gain":0.0,"max_hp_loss":0.0,"gold_gain":0.0,"event_name":"Accursed Blacksmith","player_choice":"Forge","floor":13.0,"gold_loss":0.0,"damage_taken":0.0,"cards_upgraded":["ChargeAndCover"]},{"damage_healed":0.0,"max_hp_gain":0.0,"max_hp_loss":0.0,"gold_gain":0.0,"event_name":"N\u0027loth","player_choice":"Traded Relic","floor":19.0,"relics_lost":["SynthV:TestCard"],"gold_loss":0.0,"damage_taken":0.0,"relics_obtained":["Nloth\u0027s Gift"]},{"damage_healed":0,"gold_gain":50,"player_choice":"Stole From Cult","damage_taken":0,"max_hp_gain":0,"max_hp_loss":0,"event_name":"Nest","floor":31,"gold_loss":0},{"cards_removed":["ChopItOff"],"damage_healed":0,"gold_gain":0,"player_choice":"Removed Attack","damage_taken":0,"max_hp_gain":0,"max_hp_loss":0,"event_name":"Falling","floor":36,"gold_loss":0},{"damage_healed":0,"gold_gain":0,"player_choice":"Embrace Madness","damage_taken":15,"max_hp_gain":0,"max_hp_loss":0,"event_name":"Winding Halls","floor":37,"gold_loss":0,"cards_obtained":["Madness","Madness"]},{"damage_healed":0,"gold_gain":0,"cards_transformed":["LightDefense"],"player_choice":"Transformed","damage_taken":0,"max_hp_gain":0,"max_hp_loss":0,"event_name":"Transmorgrifier","floor":41,"gold_loss":0,"cards_obtained":["Slice_lor"]}],"is_beta":false,"boss_relics":[{"not_picked":["TakeMeEscape","testmod-KeyOfTheVoid"],"picked":"vexMod:TanglingVine"},{"not_picked":["SlaversCollar","Ring of Chaos"],"picked":"JellyFishMachine"}],"items_purged_floors":[11,39,55],"is_endless":false,"potions_floor_spawned":[1,3,6,16,20,22,23,33,42,48,56],"ascension_level":20}}