{"host":"ypphcgdomtfqpc2w","time":1610981946,"event":{"mods":["BaseMod","DeckTracker","Minty Spire (QoL Compilation)","Relic Stats","StSLib"],"gold_per_floor":[19,39,39,39,54,84,84,116,116,116,132,57,73,101,101,206,206,226,226,241,141,141,141,153,153,153,187,198,198,198,209,209,311,311,330,330,330,341,341,341,373,373,373,373,388,420,207,219,219,219,219,219,42,69,69],"floor_reached":56,"language":"ENG","playtime":2836,"items_purged":["Bash","Strike_R"],"score":1343,"play_id":"2dd2a58c-1138-43d5-aea9-ad04c3ac8e4f","local_time":"20210118235906","is_ascension_mode":false,"campfire_choices":[{"data":"Rupture","floor":7,"key":"SMITH"},{"data":"Uppercut","floor":10,"key":"SMITH"},{"data":"Strike_R","floor":15,"key":"PURGE"},{"data":"Pommel Strike","floor":23,"key":"SMITH"},{"data":"Immolate","floor":25,"key":"SMITH"},{"data":"Strike_R","floor":32,"key":"PURGE"},{"data":"Strike_R","floor":40,"key":"PURGE"},{"data":"Defend_R","floor":42,"key":"PURGE"},{"data":"Defend_R","floor":44,"key":"PURGE"},{"floor":49,"key":"RECALL"},{"data":"Defend_R","floor":52,"key":"PURGE"}],"circlet_count":0,"master_deck":["Anger","Ghostly Armor+1","Hemokinesis","Rupture+1","Pommel Strike+1","Uppercut+1","Shrug It Off","Combust","Ghostly Armor","Immolate+1","Shrug It Off+1","Shrug It Off","Thunderclap","Flame Barrier","Feel No Pain+1","Feel No Pain","Exhume","Armaments+1","Shrug It Off+1","Feed","Battle Trance+1","Second Wind","Disarm","True Grit","Shockwave+1"],"relics":["Burning Blood","Toy Ornithopter","Gremlin Horn","Peace Pipe","Philosopher\u0027s Stone","Question Card","Thread and Needle","Oddly Smooth Stone","Runic Pyramid","Unceasing Top","Happy Flower","War Paint","Art of War","ClockworkSouvenir","Calipers"],"acts_visited":["Exordium","TheCity","TheBeyond","TheEnding"],"potions_floor_usage":[18,24,30,55,55],"damage_taken":[{"damage":0,"enemies":"Small Slimes","floor":1,"turns":3},{"damage":2,"enemies":"Cultist","floor":2,"turns":2},{"damage":2,"enemies":"2 Louse","floor":5,"turns":3},{"damage":21,"enemies":"3 Sentries","floor":6,"turns":6},{"damage":22,"enemies":"Gremlin Nob","floor":8,"turns":4},{"damage":2,"enemies":"Looter","floor":11,"turns":3},{"damage":3,"enemies":"2 Fungi Beasts","floor":13,"turns":2},{"damage":11,"enemies":"Lagavulin","floor":14,"turns":5},{"damage":27,"enemies":"The Guardian","floor":16,"turns":7},{"damage":8,"enemies":"2 Thieves","floor":18,"turns":2},{"damage":5,"enemies":"Spheric Guardian","floor":20,"turns":3},{"damage":11,"enemies":"Snake Plant","floor":24,"turns":3},{"damage":7,"enemies":"Gremlin Leader","floor":27,"turns":3},{"damage":2,"enemies":"Chosen and Byrds","floor":28,"turns":5},{"damage":4,"enemies":"3 Cultists","floor":31,"turns":3},{"damage":32,"enemies":"Automaton","floor":33,"turns":8},{"damage":4,"enemies":"3 Darklings","floor":35,"turns":3},{"damage":2,"enemies":"Orb Walker","floor":38,"turns":3},{"damage":18,"enemies":"Giant Head","floor":41,"turns":10},{"damage":4,"enemies":"Writhing Mass","floor":45,"turns":7},{"damage":4,"enemies":"Nemesis","floor":46,"turns":9},{"damage":1,"enemies":"Jaw Worm Horde","floor":48,"turns":4},{"damage":14,"enemies":"Donu and Deca","floor":50,"turns":10},{"damage":43,"enemies":"Shield and Spear","floor":54,"turns":7},{"damage":16,"enemies":"The Heart","floor":55,"turns":11}],"seed_played":"7476911093715274854","potions_obtained":[{"floor":1,"key":"LiquidBronze"},{"floor":8,"key":"CultistPotion"},{"floor":14,"key":"SkillPotion"},{"floor":20,"key":"HeartOfIron"},{"floor":24,"key":"ColorlessPotion"},{"floor":28,"key":"Energy Potion"},{"floor":30,"key":"Fruit Juice"},{"floor":30,"key":"HeartOfIron"},{"floor":48,"key":"LiquidMemories"}],"is_trial":false,"path_per_floor":["M","M","?","?","M","E","R","E","T","R","M","$","M","E","R","B",null,"M","?","M","$","?","R","M","R","T","E","M","?","?","M","R","B",null,"M","?","?","M","?","R","E","R","T","R","M","E","$","M","R","B",null,"R","$","E","B",null],"character_chosen":"IRONCLAD","items_purchased":["Disarm","Art of War","True Grit","ClockworkSouvenir"],"campfire_rested":0,"item_purchase_floors":[47,47,53,53],"current_hp_per_floor":[80,80,80,80,80,65,65,49,49,49,53,53,56,51,51,30,80,78,78,79,79,79,79,79,79,79,78,80,65,75,77,77,51,90,90,85,85,85,85,85,77,77,77,77,83,89,89,97,97,97,108,108,108,78,78],"gold":69,"neow_bonus":"TRANSFORM_TWO_CARDS","is_daily":false,"chose_seed":false,"campfire_upgraded":4,"win_rate":0.0,"timestamp":1610981946,"path_taken":["M","M","?","?","M","E","R","E","T","R","?","?","M","E","R","BOSS","M","?","M","$","?","R","M","R","T","E","M","?","?","M","R","BOSS","M","?","?","M","?","R","E","R","T","R","M","E","$","?","R","BOSS","R","$","E","BOSS"],"items_purchased_type":["Card","Relic","Card","Relic"],"build_version":"2020-12-22","purchased_purges":2,"victory":true,"max_hp_per_floor":[80,80,80,80,80,80,80,80,80,80,80,80,80,80,80,80,80,80,80,80,80,80,80,80,80,80,80,80,85,90,90,90,90,90,90,85,85,85,85,85,89,89,89,89,93,97,97,100,100,108,108,108,108,115,115],"relic_stats":{"Peace Pipe":6,"Gremlin Horn":[15,16],"Happy Flower":[16],"counters":[25,126],"Art of War":[4],"War Paint":["Ghostly Armor","Shrug It Off"],"Question Card":13,"obtain_stats":[{"Calipers":54,"Gremlin Horn":8,"Happy Flower":43,"Oddly Smooth Stone":27,"Thread and Needle":26,"War Paint":46,"Question Card":19,"Burning Blood":0,"ClockworkSouvenir":53,"Peace Pipe":14,"Philosopher\u0027s Stone":17,"Art of War":47,"Toy Ornithopter":6,"Unceasing Top":41,"Runic Pyramid":34},{"Calipers":24,"Gremlin Horn":5,"Happy Flower":19,"Oddly Smooth Stone":13,"Thread and Needle":12,"War Paint":21,"Question Card":10,"Burning Blood":0,"ClockworkSouvenir":23,"Peace Pipe":8,"Philosopher\u0027s Stone":9,"Art of War":21,"Toy Ornithopter":4,"Unceasing Top":19,"Runic Pyramid":16},{"Calipers":115,"Gremlin Horn":18,"Happy Flower":78,"Oddly Smooth Stone":46,"Thread and Needle":43,"War Paint":94,"Question Card":37,"Burning Blood":0,"ClockworkSouvenir":108,"Peace Pipe":28,"Philosopher\u0027s Stone":35,"Art of War":94,"Toy Ornithopter":14,"Unceasing Top":78,"Runic Pyramid":62}],"Burning Blood":128,"Toy Ornithopter":20,"Unceasing Top":[0]},"card_choices":[{"not_picked":["Rage","Clash"],"picked":"Hemokinesis","floor":1},{"not_picked":["Entrench","Twin Strike"],"picked":"Rupture","floor":2},{"not_picked":["Wild Strike","Headbutt"],"picked":"Pommel Strike","floor":5},{"not_picked":["Entrench","Clothesline","Warcry"],"picked":"SKIP","floor":6},{"not_picked":["Dropkick","Searing Blow"],"picked":"Uppercut","floor":8},{"not_picked":["Power Through","Heavy Blade"],"picked":"Shrug It Off","floor":11},{"not_picked":["Sword Boomerang","Rupture"],"picked":"Combust","floor":13},{"not_picked":["Dropkick","Burning Pact"],"picked":"Ghostly Armor","floor":14},{"not_picked":["Corruption","Exhume"],"picked":"Immolate","floor":16},{"not_picked":["Anger","Sword Boomerang+1"],"picked":"Shrug It Off","floor":18},{"not_picked":["Seeing Red+1","Cleave","Flex"],"picked":"Shrug It Off","floor":20},{"not_picked":["Anger","Pommel Strike+1","Headbutt"],"picked":"Thunderclap","floor":24},{"not_picked":["Headbutt","Brutality","Sword Boomerang"],"picked":"Flame Barrier","floor":27},{"not_picked":["Wild Strike","Infernal Blade","Dropkick+1"],"picked":"Feel No Pain+1","floor":28},{"not_picked":["Shrug It Off","Iron Wave","Perfected Strike"],"picked":"Feel No Pain","floor":31},{"not_picked":["Demon Form","Immolate","Berserk"],"picked":"Exhume","floor":33},{"not_picked":["Anger","Thunderclap+1","Carnage"],"picked":"Armaments+1","floor":35},{"not_picked":["Heavy Blade+1","Wild Strike","Sword Boomerang"],"picked":"Shrug It Off+1","floor":38},{"not_picked":["Anger","Rampage","Hemokinesis"],"picked":"Battle Trance+1","floor":41},{"not_picked":["Burning Pact+1","Dropkick","Warcry+1"],"picked":"Second Wind","floor":45},{"not_picked":["Anger","Clothesline+1","Sword Boomerang","Carnage"],"picked":"SKIP","floor":46},{"not_picked":["Bludgeon","Perfected Strike+1","Thunderclap+1","Cleave"],"picked":"SKIP","floor":48},{"not_picked":["Hemokinesis+1","Seeing Red","Inflame+1"],"picked":"Shockwave+1","floor":54}],"player_experience":2051995,"relics_obtained":[{"floor":6,"key":"Toy Ornithopter"},{"floor":8,"key":"Gremlin Horn"},{"floor":14,"key":"Peace Pipe"},{"floor":26,"key":"Thread and Needle"},{"floor":27,"key":"Oddly Smooth Stone"},{"floor":41,"key":"Unceasing Top"},{"floor":43,"key":"Happy Flower"},{"floor":46,"key":"War Paint"},{"floor":54,"key":"Calipers"}],"event_choices":[{"damage_healed":0,"gold_gain":0,"player_choice":"Ignored","damage_taken":0,"max_hp_gain":0,"max_hp_loss":0,"event_name":"Liars Game","floor":3,"gold_loss":0},{"damage_healed":0,"gold_gain":0,"player_choice":"Ignored","damage_taken":0,"max_hp_gain":0,"max_hp_loss":0,"event_name":"NoteForYourself","floor":4,"gold_loss":0},{"damage_healed":0,"gold_gain":0,"player_choice":"Opened","damage_taken":0,"relics_obtained":["Question Card"],"max_hp_gain":0,"max_hp_loss":0,"event_name":"The Mausoleum","floor":19,"gold_loss":0},{"damage_healed":0,"gold_gain":0,"player_choice":"Ignored","damage_taken":0,"max_hp_gain":0,"max_hp_loss":0,"event_name":"Ghosts","floor":22,"gold_loss":0},{"damage_healed":0,"gold_gain":0,"player_choice":"Shed Blood","damage_taken":20,"max_hp_gain":5,"max_hp_loss":0,"event_name":"Forgotten Altar","floor":29,"gold_loss":0},{"damage_healed":0,"gold_gain":0,"player_choice":"Got Potions","damage_taken":0,"max_hp_gain":0,"max_hp_loss":0,"event_name":"Lab","floor":30,"gold_loss":0},{"damage_healed":0,"gold_gain":0,"player_choice":"Max HP","damage_taken":0,"max_hp_gain":0,"max_hp_loss":5,"event_name":"Winding Halls","floor":36,"gold_loss":0},{"damage_healed":0,"gold_gain":0,"player_choice":"Ignored","damage_taken":0,"max_hp_gain":0,"max_hp_loss":0,"event_name":"Tomb of Lord Red Mask","floor":37,"gold_loss":0},{"damage_healed":0,"gold_gain":0,"player_choice":"1 cards matched","damage_taken":0,"max_hp_gain":0,"max_hp_loss":0,"event_name":"Match and Keep!","floor":39,"gold_loss":0,"cards_obtained":["Feed"]}],"is_beta":false,"boss_relics":[{"not_picked":["Black Blood","Sozu"],"picked":"Philosopher\u0027s Stone"},{"not_picked":["Velvet Choker","Pandora\u0027s Box"],"picked":"Runic Pyramid"}],"items_purged_floors":[12,21],"is_endless":false,"potions_floor_spawned":[1,8,14,16,20,24,28,33,38,45,46,48,54],"ascension_level":0}}