{"host":"8oeebsytg2tzguhe","time":1610958749,"event":{"mods":["BaseMod","GungeonMod","Minty Spire (QoL Compilation)","Replay The Spire","StSLib","The Animator","The Bug Knight"],"gold_per_floor":[114,114,114,114,114,141,141,141,141,141,141,141,141,141,141,242,242,254,254,267,97,97,97,97,128,128,162,162,162,162,162,162,274,274,294,294,134,9,21,53,93,127,153,153,153,170,170,208,208,208],"floor_reached":51,"language":"ZHS","playtime":1775,"items_purged":["HollowMod:HeavyBlow","HollowMod:NewLittleFool","HollowMod:CycloneSlash"],"score":871,"play_id":"7df89864-19b9-4b0b-9f8c-427c2b9ba8c7","local_time":"20210118163229","daily_mods":["Draft","Vintage","Heirloom","Time Dilation","Flight","DeadlyEvents","Elite Swarm","Lethality"],"is_ascension_mode":true,"campfire_choices":[{"data":"HollowMod:Weaversong","floor":7.0,"key":"SMITH"},{"data":"HollowMod:SoulSplash","floor":8.0,"key":"SMITH"},{"data":"HollowMod:DesolateDive","floor":10.0,"key":"SMITH"},{"data":"HollowMod:DesolateDive","floor":11.0,"key":"SMITH"},{"floor":15.0,"key":"DIG"},{"data":"HollowMod:PureVessel","floor":23.0,"key":"SMITH"},{"data":"HollowMod:ChannelNail","floor":24.0,"key":"SMITH"},{"data":"HollowMod:SoulMaster","floor":28.0,"key":"SMITH"},{"data":"HollowMod:AwokenDreamNail","floor":44,"key":"SMITH"},{"floor":47,"key":"REST"},{"data":"HollowMod:BaldurShell","floor":49,"key":"SMITH"}],"circlet_count":0,"master_deck":["HollowMod:CycloneSlash","HollowMod:DesolateDive+1","HollowMod:SoulStrike","HollowMod:SoulSplash+1","HollowMod:DoubleDash","HollowMod:DesolateDive+1","HollowMod:DoubleDash","HollowMod:DashSlash","HollowMod:GoodIntentions+1","HollowMod:SoulSplash","HollowMod:CycloneSlash","HollowMod:Weaversong+1","HollowMod:PureVessel+1","HollowMod:ChannelNail+1","HollowMod:DoubleDash","HollowMod:SoulMaster+1","HollowMod:AwokenDreamNail+1","HollowMod:BaldurShell+1","HollowMod:SoulMaster","HollowMod:LifebloodCore"],"relics":["HollowMod:VesselMask","Ice Cream","Shuriken","NeowsBlessing","Pen Nib","Darkstone Periapt","Tiny Chest","ReplayTheSpireMod:DimensionalGlitch","Question Card","Divine Protection","CeramicFish","DemoMod:BlueGuonStone","DemoMod:Relodestone","Black Star","Potion Belt","DemoMod:OrangeGuonStone","Art of War","Replay:Bottled Flurry","Replay:Bottled Snecko","Replay:Rubber Ducky","Replay:Towering Pillar of Hats","DemoMod:PinkGuonStone","Toy Ornithopter","Pet Ghost","HollowMod:MantisClawRelic","Akabeko","Blood Vial"],"acts_visited":["Exordium","TheCity","TheBeyond"],"potions_floor_usage":[40,48,50,50],"damage_taken":[{"damage":0.0,"enemies":"2 Louse","floor":1.0,"turns":1.0},{"damage":9.0,"enemies":"Gremlin Nob","floor":6.0,"turns":3.0},{"damage":28.0,"enemies":"Slime Boss","floor":16.0,"turns":4.0},{"damage":15.0,"enemies":"Chosen","floor":18.0,"turns":2.0},{"damage":10.0,"enemies":"2 Thieves","floor":20.0,"turns":2.0},{"damage":17.0,"enemies":"Slavers","floor":25.0,"turns":3.0},{"damage":13.0,"enemies":"Book of Stabbing","floor":27.0,"turns":6.0},{"damage":0,"enemies":"Automaton","floor":33,"turns":1},{"damage":0,"enemies":"3 Darklings","floor":35,"turns":1},{"damage":0,"enemies":"3 Shapes","floor":39,"turns":1},{"damage":30,"enemies":"Nemesis","floor":40,"turns":5},{"damage":0,"enemies":"Giant Head","floor":41,"turns":6},{"damage":42,"enemies":"Nemesis","floor":42,"turns":7},{"damage":17,"enemies":"Transient","floor":46,"turns":5},{"damage":0,"enemies":"Reptomancer","floor":48,"turns":4},{"damage":11,"enemies":"Donu and Deca","floor":50,"turns":7}],"seed_played":"5857910715653287257","potions_obtained":[{"floor":6.0,"key":"LifebloodPotion"},{"floor":16.0,"key":"AttackPotion"},{"floor":20.0,"key":"GamblersBrew"},{"floor":25.0,"key":"Swift Potion"},{"floor":35,"key":"DemoMod:LeadSkinPotion"},{"floor":48,"key":"Elixir"}],"is_trial":true,"path_per_floor":["M","WH","?","WH","WH","E","R","R","T","R","R","WH","WH","WH","R","B",null,"M","?","M","$","WH","R","R","E","T","E","R","WH","WH","WH","R","B",null,"M","?","$","$","M","E","E","E","T","R","T","M","R","E","R","B",null],"character_chosen":"THE_BUGKNIGHT","items_purchased":["HollowMod:ChannelNail","HollowMod:DoubleDash","HollowMod:BaldurShell"],"campfire_rested":1,"item_purchase_floors":[21,21,37],"current_hp_per_floor":[75,82,87,87,95,86,86,86,86,86,86,95,105,116,116,88,125,110,125,115,115,127,127,127,110,110,97,97,110,125,141,181,181,181,181,181,181,181,181,151,151,116,116,116,116,99,155,158,158,154],"gold":208,"neow_bonus":"TEN_PERCENT_HP_BONUS","is_daily":false,"chose_seed":false,"campfire_upgraded":9,"win_rate":0.0,"timestamp":1610958749,"path_taken":["M","WH","?","WH","WH","E","R","R","T","R","R","WH","WH","WH","R","BOSS","M","?","M","$","WH","R","R","E","T","E","R","WH","WH","WH","R","BOSS","M","?","$","$","?","E","E","E","T","R","?","?","R","E","R","BOSS"],"items_purchased_type":["Card","Card","Card"],"build_version":"2020-12-22","purchased_purges":3,"victory":true,"max_hp_per_floor":[75,82,87,87,95,95,95,95,95,95,95,104,114,125,125,125,125,125,125,125,125,137,137,137,137,137,137,137,150,165,181,181,181,181,181,181,181,181,181,181,181,188,188,188,188,188,188,188,188,188],"card_choices":[{"not_picked":["HollowMod:InfectionAssault","HollowMod:TaintedHusks"],"picked":"HollowMod:CycloneSlash","floor":0.0},{"not_picked":["HollowMod:HeavyBlow","HollowMod:LuriensSpire"],"picked":"HollowMod:CycloneSlash","floor":0.0},{"not_picked":["HollowMod:GreatSlash","HollowMod:SiblingsShadow"],"picked":"HollowMod:DesolateDive","floor":0.0},{"not_picked":["HollowMod:HeavyBlow","HollowMod:NewLittleFool"],"picked":"HollowMod:SoulStrike","floor":0.0},{"not_picked":["HollowMod:DesolateDive","HollowMod:CycloneSlash"],"picked":"HollowMod:SoulSplash","floor":0.0},{"not_picked":["HollowMod:SiblingsShadow","HollowMod:NewLittleFool"],"picked":"HollowMod:DoubleDash","floor":0.0},{"not_picked":["HollowMod:NewGlowingWomb","HollowMod:NewLittleFool"],"picked":"HollowMod:HeavyBlow","floor":0.0},{"not_picked":["HollowMod:ShadowDash","HollowMod:CrystalDash"],"picked":"HollowMod:DesolateDive","floor":0.0},{"not_picked":["HollowMod:QuirrelsAssistance","HollowMod:HeavyBlow"],"picked":"HollowMod:DoubleDash","floor":0.0},{"not_picked":["HollowMod:SoulSplash","HollowMod:GreatSlash"],"picked":"HollowMod:DashSlash","floor":0.0},{"not_picked":["HollowMod:DreamGate","HollowMod:ShadowDash"],"picked":"HollowMod:GoodIntentions","floor":0.0},{"not_picked":["HollowMod:MawleksShell","HollowMod:WraithStrike"],"picked":"HollowMod:SoulSplash","floor":0.0},{"not_picked":["HollowMod:TaintedHusks","HollowMod:FastStrike"],"picked":"HollowMod:DoubleDash","floor":0.0},{"not_picked":["HollowMod:WraithStrike","HollowMod:InfectedAttack"],"picked":"HollowMod:NewLittleFool","floor":0.0},{"not_picked":["HollowMod:WraithStrike","HollowMod:TaintedHusks"],"picked":"HollowMod:CycloneSlash","floor":0.0},{"not_picked":["HollowMod:ElderbugsWisdom","HollowMod:theNailsmith"],"picked":"HollowMod:Weaversong","floor":6.0},{"not_picked":["HollowMod:HerrahsAnger","HollowMod:ZotesMagnificence"],"picked":"HollowMod:PureVessel","floor":16.0},{"not_picked":["HollowMod:ZotesMagnificence","HollowMod:theNailsmith","HollowMod:LordofShades","HollowMod:NewInfectedGuardian"],"picked":"SKIP","floor":25.0},{"not_picked":["HollowMod:theNailsmith","HollowMod:PureVessel","HollowMod:ElderbugsWisdom"],"picked":"HollowMod:SoulMaster","floor":27.0},{"not_picked":["HollowMod:ZotesMagnificence","HollowMod:NewInfectedGuardian","HollowMod:SoulMaster"],"picked":"HollowMod:AwokenDreamNail","floor":33},{"not_picked":["HollowMod:Hiveblood","HollowMod:LifebloodCore","HollowMod:AwokenDreamNail","HollowMod:SoulMaster"],"picked":"SKIP","floor":40},{"not_picked":["HollowMod:Hiveblood","HollowMod:NewInfectedGuardian","HollowMod:PureVessel"],"picked":"HollowMod:SoulMaster","floor":41},{"not_picked":["HollowMod:SoulMaster","HollowMod:MidwifesHunger","HollowMod:HornetsHelp","HollowMod:Hiveblood"],"picked":"SKIP","floor":42},{"not_picked":["HollowMod:ZotesMagnificence","HollowMod:MidwifesHunger","HollowMod:LordofShades"],"picked":"HollowMod:LifebloodCore","floor":48}],"player_experience":66762,"relics_obtained":[{"floor":1.0,"key":"Shuriken"},{"floor":6.0,"key":"Pen Nib"},{"floor":9.0,"key":"Darkstone Periapt"},{"floor":15.0,"key":"Tiny Chest"},{"floor":18.0,"key":"Question Card"},{"floor":20.0,"key":"Divine Protection"},{"floor":25.0,"key":"CeramicFish"},{"floor":26.0,"key":"DemoMod:BlueGuonStone"},{"floor":27.0,"key":"DemoMod:Relodestone"},{"floor":35,"key":"Potion Belt"},{"floor":39,"key":"DemoMod:OrangeGuonStone"},{"floor":40,"key":"Art of War"},{"floor":40,"key":"Replay:Bottled Flurry"},{"floor":41,"key":"Replay:Bottled Snecko"},{"floor":41,"key":"Replay:Rubber Ducky"},{"floor":42,"key":"Replay:Towering Pillar of Hats"},{"floor":42,"key":"DemoMod:PinkGuonStone"},{"floor":43,"key":"Toy Ornithopter"},{"floor":45,"key":"Pet Ghost"},{"floor":46,"key":"HollowMod:MantisClawRelic"},{"floor":48,"key":"DemoMod:WeirdEgg"},{"floor":48,"key":"Blood Vial"}],"event_choices":[{"damage_healed":0.0,"max_hp_gain":5.0,"max_hp_loss":0.0,"gold_gain":0.0,"event_name":"Big Fish","player_choice":"Donut","floor":3.0,"gold_loss":0.0,"damage_taken":0.0},{"damage_healed":15.0,"max_hp_gain":0.0,"max_hp_loss":0.0,"gold_gain":0.0,"event_name":"Wheel of Change","player_choice":"Full Heal","floor":19.0,"gold_loss":0.0,"damage_taken":0.0},{"cards_removed":["HollowMod:DoubleDash"],"damage_healed":0,"gold_gain":0,"player_choice":"Removed Skill","damage_taken":0,"max_hp_gain":0,"max_hp_loss":0,"event_name":"Falling","floor":36,"gold_loss":0}],"is_beta":false,"boss_relics":[{"not_picked":["Snecko Eye","HollowMod:VoidIdolRelic"],"picked":"ReplayTheSpireMod:DimensionalGlitch"},{"not_picked":["Tiny House","Replay:Drink Me"],"picked":"Black Star"}],"items_purged_floors":[21,37,38],"is_endless":false,"potions_floor_spawned":[6,16,20,25,35,48],"ascension_level":1}}