{"host":"t6r1isv2bex5ovch","time":1610962054,"event":{"mods":["AchievementEnabler","Act Like it!","Aspiration","BaseMod","Better Altar","Better Match","Better Note","Better Sensory Stone","Better Skull","Better Third Choice","Better Vampires","Colored Powertips","Displayed Cursed Tome","Evolution","Fox Events","Hubris","Minty Spire (QoL Compilation)","StSLib","The Jungle"],"gold_per_floor":[116,41,61,96,21,52,102,135,212,212,242,242,259,9,9,104,181,223,272,272,302,302],"floor_reached":21,"language":"ENG","playtime":1879,"items_purged":["Strike_P","Strike_P"],"score":313,"play_id":"ec66f37d-5bca-4ca4-a388-cc1218034ae9","local_time":"20210118192734","is_ascension_mode":true,"campfire_choices":[{"floor":10.0,"key":"RECALL"},{"data":"Perseverance","floor":12.0,"key":"SMITH"},{"data":"Eruption","floor":15.0,"key":"SMITH"}],"circlet_count":0,"master_deck":["Strike_P","Strike_P","Defend_P","Defend_P","Defend_P","Defend_P","Eruption+1","Vigilance","Consecrate","DeusExMachina+1","DevaForm+1","Wish+1","Perseverance+1","Consecrate","Establishment","Consecrate","Shame"],"relics":["PureWater","EVO:Axolotl","aspiration:DSix","foxEvents:LuckyCharm","Akabeko","hubris:Metronome","hubris:TenFootPole","Black Star","theJungle:SneckoAutograph"],"acts_visited":["Exordium","Exordium"],"potions_floor_usage":[18,18,19,21],"damage_taken":[{"damage":0.0,"enemies":"2 Louse","floor":1.0,"turns":2.0},{"damage":0.0,"enemies":"Small Slimes","floor":3.0,"turns":1.0},{"damage":3.0,"enemies":"Colosseum Slavers","floor":4.0,"turns":4.0},{"damage":59.0,"enemies":"Gremlin Nob","floor":6.0,"turns":7.0},{"damage":0.0,"enemies":"Cultist","floor":7.0,"turns":3.0},{"damage":2.0,"enemies":"3 Sentries","floor":8.0,"turns":11.0},{"damage":0.0,"enemies":"Gremlin Nob","floor":11.0,"turns":2.0},{"damage":7.0,"enemies":"Gremlin Gang","floor":13.0,"turns":7.0},{"damage":0.0,"enemies":"Hexaghost","floor":16.0,"turns":9.0},{"damage":12,"enemies":"theJungle:MUSHROOMGANG","floor":18,"turns":4},{"damage":14,"enemies":"theJungle:GiantWrat","floor":19,"turns":4},{"damage":65,"enemies":"theJungle:Lyon","floor":21,"turns":6}],"seed_played":"3083365170657619262","potions_obtained":[{"floor":3.0,"key":"Ancient Potion"},{"floor":7.0,"key":"FearPotion"},{"floor":8.0,"key":"EssenceOfSteel"},{"floor":16.0,"key":"LiquidMemories"},{"floor":18,"key":"Ambrosia"},{"floor":19,"key":"Regen Potion"}],"is_trial":false,"path_per_floor":["M","$","M","?","?","E","M","E","T","R","E","R","M","$","R","B",null,"M","M","?","M"],"character_chosen":"WATCHER","items_purchased":["Energy Potion","ColorlessPotion","BottledMiracle"],"campfire_rested":0,"item_purchase_floors":[14,14,14],"current_hp_per_floor":[72,72,72,69,69,10,10,8,8,8,8,8,1,1,1,1,72,60,46,46,0,0],"gold":302,"neow_bonus":"DSIX","is_daily":false,"chose_seed":false,"campfire_upgraded":2,"win_rate":0.0,"timestamp":1610962054,"path_taken":["M","$","M","?","?","E","M","E","T","R","E","R","M","$","R","BOSS","M","?","?","M"],"items_purchased_type":["Potion","Potion","Potion"],"build_version":"2020-12-22","purchased_purges":2,"victory":false,"max_hp_per_floor":[72,72,72,72,72,72,72,72,72,72,72,72,72,72,72,72,72,72,72,72,72,72],"card_choices":[{"not_picked":["ThirdEye","DeceiveReality"],"picked":"Consecrate","floor":1.0},{"not_picked":["Meditate","CrushJoints","WheelKick"],"picked":"SKIP","floor":3.0},{"not_picked":["Alpha+1","Omniscience+1"],"picked":"DeusExMachina+1","floor":5.0},{"not_picked":["Omniscience+1","SpiritShield+1"],"picked":"DevaForm+1","floor":5.0},{"not_picked":["LessonLearned+1","SpiritShield+1"],"picked":"Wish+1","floor":5.0},{"not_picked":["InnerPeace","BowlingBash","Weave"],"picked":"SKIP","floor":6.0},{"not_picked":["Protect","Nirvana","Wallop"],"picked":"SKIP","floor":7.0},{"not_picked":["ThirdEye","CrushJoints"],"picked":"Perseverance","floor":8.0},{"not_picked":["SignatureMove","Wallop","Blasphemy"],"picked":"SKIP","floor":11.0},{"not_picked":["PathToVictory","Conclude"],"picked":"Consecrate","floor":13.0},{"not_picked":["Brilliance","SpiritShield"],"picked":"Establishment","floor":16.0},{"not_picked":["SignatureMove","Pray","Protect+1"],"picked":"SKIP","floor":18},{"not_picked":["DeceiveReality+1","JustLucky"],"picked":"Consecrate","floor":19}],"player_experience":339024,"relics_obtained":[{"floor":4.0,"key":"foxEvents:LuckyCharm"},{"floor":6.0,"key":"Akabeko"},{"floor":8.0,"key":"hubris:Metronome"},{"floor":11.0,"key":"hubris:TenFootPole"}],"event_choices":[{"damage_healed":0.0,"max_hp_gain":0.0,"max_hp_loss":0.0,"gold_gain":0.0,"event_name":"betterMatch:BetterMatch","player_choice":"3","floor":5.0,"gold_loss":0.0,"damage_taken":0.0,"cards_obtained":["betterMatch:RareCard"]}],"is_beta":false,"boss_relics":[{"not_picked":["Fusion Hammer","hubris:CrackedHourglass"],"picked":"Black Star"}],"items_purged_floors":[2,14],"is_endless":false,"potions_floor_spawned":[3,7,8,16,18,19],"killed_by":"theJungle:Lyon","ascension_level":3}}