{"host":"5ezk7t18wcb10u1o","time":1610934774,"event":{"mods":["BaseMod","Bestiary","Colored Powertips","Minty Spire (QoL Compilation)","Relic Sorter"],"gold_per_floor":[117,137,137,148,160,160,186,111,111,111,111,127,163,187,187,286,286,310,310,326,326,326],"floor_reached":21,"language":"ENG","playtime":991,"items_purged":[],"score":382,"play_id":"c90de44b-8b65-4627-be9a-d90f4d9348b8","local_time":"20210118015254","is_ascension_mode":true,"campfire_choices":[{"data":"Go for the Eyes","floor":6,"key":"SMITH"},{"data":"1","floor":10,"key":"LIFT"},{"floor":15,"key":"REST"}],"circlet_count":0,"master_deck":["AscendersBane","Strike_B","Strike_B","Strike_B","Defend_B","Defend_B","Defend_B","Zap","Dualcast","Steam","Go for the Eyes+1","Echo Form","Steam","Scrape","Injury","Streamline","Hologram","Go for the Eyes","White Noise"],"relics":["Cracked Core","Shuriken","Girya","Golden Idol","Ice Cream","Fusion Hammer"],"acts_visited":["Exordium","TheCity"],"potions_floor_usage":[5,7,12,18],"damage_taken":[{"damage":4,"enemies":"Small Slimes","floor":1,"turns":3},{"damage":1,"enemies":"Cultist","floor":2,"turns":4},{"damage":0,"enemies":"Jaw Worm","floor":4,"turns":3},{"damage":1,"enemies":"3 Louse","floor":5,"turns":2},{"damage":27,"enemies":"Gremlin Nob","floor":7,"turns":4},{"damage":0,"enemies":"Exordium Thugs","floor":12,"turns":3},{"damage":20,"enemies":"Lagavulin","floor":13,"turns":5},{"damage":5,"enemies":"2 Fungi Beasts","floor":14,"turns":3},{"damage":33,"enemies":"The Guardian","floor":16,"turns":11},{"damage":19,"enemies":"2 Thieves","floor":18,"turns":4},{"damage":41,"enemies":"3 Byrds","floor":20,"turns":5},{"damage":13,"enemies":"Snake Plant","floor":21,"turns":1}],"seed_played":"-6277492829279451369","potions_obtained":[{"floor":1,"key":"AttackPotion"},{"floor":5,"key":"Swift Potion"},{"floor":7,"key":"BlessingOfTheForge"},{"floor":16,"key":"Block Potion"},{"floor":20,"key":"Dexterity Potion"}],"is_trial":false,"path_per_floor":["M","M","?","M","M","R","E","?","T","R","?","M","E","M","R","B",null,"M","?","M","M"],"character_chosen":"DEFECT","items_purchased":[],"campfire_rested":1,"item_purchase_floors":[],"current_hp_per_floor":[60,59,81,81,80,80,53,53,53,53,53,53,33,28,52,19,66,47,47,6,0,0],"gold":326,"neow_bonus":"ONE_RANDOM_RARE_CARD","is_daily":false,"chose_seed":false,"campfire_upgraded":1,"win_rate":0.0,"timestamp":1610934774,"path_taken":["M","M","?","?","M","R","E","?","T","R","?","M","E","?","R","BOSS","M","?","M","M"],"items_purchased_type":[],"build_version":"2020-12-22","purchased_purges":0,"victory":false,"max_hp_per_floor":[71,71,81,81,81,81,81,81,81,81,81,81,81,81,81,81,81,81,81,81,81,81],"card_choices":[{"not_picked":["Hello World","Beam Cell"],"picked":"Steam","floor":1},{"not_picked":["Steam Power","Coolheaded"],"picked":"Go for the Eyes","floor":2},{"not_picked":["Turbo","Melter"],"picked":"Echo Form","floor":4},{"not_picked":["Go for the Eyes","Skim"],"picked":"Steam","floor":5},{"not_picked":["Leap","Reboot"],"picked":"Scrape","floor":7},{"not_picked":["Defragment","Self Repair"],"picked":"Streamline","floor":12},{"not_picked":["Creative AI","Heatsinks","Chaos"],"picked":"SKIP","floor":13},{"not_picked":["Cold Snap","BootSequence"],"picked":"Hologram","floor":14},{"not_picked":["Stack","Barrage"],"picked":"Go for the Eyes","floor":18},{"not_picked":["Turbo","Chaos","White Noise"],"picked":"SKIP","floor":20}],"player_experience":1139152,"relics_obtained":[{"floor":7,"key":"Shuriken"},{"floor":9,"key":"Girya"},{"floor":13,"key":"Ice Cream"}],"event_choices":[{"cards_removed":["Thunder Strike"],"damage_healed":12,"gold_gain":0,"player_choice":"Offered Rare","damage_taken":0,"max_hp_gain":10,"max_hp_loss":0,"event_name":"Bonfire Elementals","floor":3,"gold_loss":0},{"cards_removed":["Defend_B"],"damage_healed":0,"gold_gain":0,"player_choice":"Card Removal","damage_taken":0,"max_hp_gain":0,"max_hp_loss":0,"event_name":"The Cleric","floor":8,"gold_loss":75},{"damage_healed":0,"gold_gain":0,"player_choice":"Take Wound","damage_taken":0,"relics_obtained":["Golden Idol"],"max_hp_gain":0,"max_hp_loss":0,"event_name":"Golden Idol","floor":11,"gold_loss":0,"cards_obtained":["Injury"]},{"damage_healed":0,"gold_gain":0,"cards_transformed":["Strike_B"],"player_choice":"Transformed","damage_taken":0,"max_hp_gain":0,"max_hp_loss":0,"event_name":"Transmorgrifier","floor":19,"gold_loss":0,"cards_obtained":["White Noise"]}],"is_beta":false,"boss_relics":[{"not_picked":["Inserter","Ectoplasm"],"picked":"Fusion Hammer"}],"items_purged_floors":[],"is_endless":false,"potions_floor_spawned":[1,5,7,16,20],"killed_by":"Snake Plant","ascension_level":20}}