{"host":"2se5dq1do2gp0x9k","time":1610947683,"event":{"mods":["AchievementEnabler","BaseMod","Block Reminder","Colored Map","Colored Powertips","Minty Spire (QoL Compilation)","Relic Stats","StSLib","SuperFastMode"],"gold_per_floor":[116,116,135,21,39,39,58,83,128,128,128,192,192,219,219,298,298,318,318,329,329,329],"floor_reached":21,"language":"ENG","playtime":640,"items_purged":["Strike_B"],"score":394,"play_id":"b8223ade-d26d-49b1-a107-99c1b82a89d5","local_time":"20210117212803","is_ascension_mode":true,"campfire_choices":[{"data":"Rainbow","floor":6.0,"key":"SMITH"},{"floor":11.0,"key":"REST"},{"floor":13.0,"key":"REST"},{"data":"Chaos","floor":15.0,"key":"SMITH"}],"circlet_count":0,"master_deck":["AscendersBane","Strike_B","Strike_B","Strike_B","Defend_B","Defend_B","Defend_B","Defend_B","Zap","Dualcast","Capacitor","Ball Lightning","Hologram","Reinforced Body","Rainbow+1","Hologram","Self Repair","Coolheaded","Chaos+1","Fission","Loop","Trip","Conserve Battery"],"relics":["Cracked Core","Mercury Hourglass","Regal Pillow","Bag of Preparation","Dream Catcher","Nuclear Battery"],"acts_visited":["Exordium","TheCity"],"potions_floor_usage":[],"damage_taken":[{"damage":8.0,"enemies":"2 Louse","floor":1.0,"turns":2.0},{"damage":2.0,"enemies":"Jaw Worm","floor":3.0,"turns":4.0},{"damage":7.0,"enemies":"Small Slimes","floor":5.0,"turns":2.0},{"damage":8.0,"enemies":"Exordium Thugs","floor":7.0,"turns":5.0},{"damage":30.0,"enemies":"3 Sentries","floor":8.0,"turns":10.0},{"damage":0.0,"enemies":"Lagavulin","floor":10.0,"turns":2.0},{"damage":15.0,"enemies":"Lagavulin Event","floor":12.0,"turns":5.0},{"damage":38.0,"enemies":"Gremlin Nob","floor":14.0,"turns":4.0},{"damage":33.0,"enemies":"The Guardian","floor":16.0,"turns":9.0},{"damage":19.0,"enemies":"Shell Parasite","floor":18.0,"turns":6.0},{"damage":25.0,"enemies":"Chosen","floor":20.0,"turns":4.0},{"damage":14,"enemies":"Shelled Parasite and Fungi","floor":21,"turns":1}],"seed_played":"-5039110572928964920","potions_obtained":[{"floor":3.0,"key":"SmokeBomb"},{"floor":5.0,"key":"GamblersBrew"},{"floor":12.0,"key":"BlessingOfTheForge"},{"floor":20,"key":"FearPotion"}],"is_trial":false,"path_per_floor":["M","?","M","$","M","R","M","E","T","E","R","?","R","E","R","B",null,"M","?","M","M"],"character_chosen":"DEFECT","items_purchased":["Reinforced Body"],"campfire_rested":2,"item_purchase_floors":[4],"current_hp_per_floor":[56,61,59,59,52,52,44,14,14,14,51,36,73,42,42,16,61,49,37,12,0,0],"gold":329,"neow_bonus":"THREE_CARDS","is_daily":false,"chose_seed":false,"campfire_upgraded":2,"win_rate":0.0,"timestamp":1610947683,"path_taken":["M","?","M","$","M","R","M","E","T","E","R","?","R","E","R","BOSS","M","?","M","M"],"items_purchased_type":["Card"],"build_version":"2020-12-22","purchased_purges":1,"victory":false,"max_hp_per_floor":[71,76,76,76,76,76,76,76,76,76,76,76,76,76,76,76,76,76,76,76,76,76],"relic_stats":{"Regal Pillow":30,"Dream Catcher":0,"counters":[12,54],"Bag of Preparation":[12],"obtain_stats":[{"Regal Pillow":9,"Dream Catcher":14,"Bag of Preparation":12,"Cracked Core":0,"Mercury Hourglass":8,"Nuclear Battery":17},{"Regal Pillow":5,"Dream Catcher":8,"Bag of Preparation":6,"Cracked Core":0,"Mercury Hourglass":5,"Nuclear Battery":9},{"Regal Pillow":23,"Dream Catcher":34,"Bag of Preparation":25,"Cracked Core":0,"Mercury Hourglass":23,"Nuclear Battery":43}],"Mercury Hourglass":[69]},"card_choices":[{"not_picked":["Turbo","Hologram"],"picked":"Capacitor","floor":0.0},{"not_picked":["Go for the Eyes","Undo"],"picked":"Ball Lightning","floor":1.0},{"not_picked":["Streamline","Compile Driver"],"picked":"Hologram","floor":3.0},{"not_picked":["Steam","Sweeping Beam"],"picked":"Rainbow","floor":5.0},{"not_picked":["Aggregate","Ball Lightning"],"picked":"Hologram","floor":7.0},{"not_picked":["Heatsinks","Auto Shields"],"picked":"Self Repair","floor":8.0},{"not_picked":["Rebound","Blizzard"],"picked":"Coolheaded","floor":12.0},{"not_picked":["Melter","Cold Snap"],"picked":"Chaos","floor":14.0},{"not_picked":["Electrodynamics","Multi-Cast"],"picked":"Fission","floor":16.0},{"not_picked":["Redo","Skim"],"picked":"Loop","floor":18.0},{"not_picked":["Redo","Steam"],"picked":"Conserve Battery","floor":20}],"player_experience":3912644,"relics_obtained":[{"floor":8.0,"key":"Mercury Hourglass"},{"floor":9.0,"key":"Regal Pillow"},{"floor":14.0,"key":"Dream Catcher"}],"event_choices":[{"damage_healed":0.0,"max_hp_gain":5.0,"max_hp_loss":0.0,"gold_gain":0.0,"event_name":"Big Fish","player_choice":"Donut","floor":2.0,"gold_loss":0.0,"damage_taken":0.0},{"damage_healed":0.0,"max_hp_gain":0.0,"max_hp_loss":0.0,"gold_gain":30.0,"event_name":"Dead Adventurer","player_choice":"Searched \u00273\u0027 times","floor":12.0,"gold_loss":0.0,"damage_taken":0.0,"relics_obtained":["Bag of Preparation"]},{"damage_healed":0.0,"max_hp_gain":0.0,"max_hp_loss":0.0,"gold_gain":0.0,"event_name":"Knowing Skull","player_choice":"CARD ","floor":19.0,"potions_obtained":[],"gold_loss":0.0,"damage_taken":12.0,"cards_obtained":["Trip"]}],"is_beta":false,"boss_relics":[{"not_picked":["Empty Cage","FrozenCore"],"picked":"Nuclear Battery"}],"items_purged_floors":[4],"is_endless":false,"potions_floor_spawned":[3,5,10,12,20],"killed_by":"Shelled Parasite and Fungi","ascension_level":20}}