{"host":"0z6l31g9ps0v9zzp","time":1610946172,"event":{"mods":["Act Like it!","BaseMod","CapriCore","Minty Spire (QoL Compilation)","StSLib","The Marked"],"gold_per_floor":[117,117,117,117,135,178,178,178,226,271,271,271,271,311,311,440,440,465,465,465,85,102,102,102,102,176,176,176,176,207,107,107,218,218,234,334,346,355,366,366,366,366,366,241,282,307,307,336,336,336,336],"floor_reached":50,"language":"ZHS","playtime":1321,"items_purged":["theMarked:Strike","theMarked:SoldierOfQuellstein","theMarked:Strike"],"score":654,"play_id":"76cfed3e-0eed-412e-a3d4-b9e7b30d8d23","local_time":"20210118130252","daily_mods":["Heirloom","Flight"],"is_ascension_mode":false,"campfire_choices":[{"floor":7.0,"key":"DIG"},{"floor":8.0,"key":"DIG"},{"data":"theMarked:Generate","floor":11.0,"key":"SMITH"},{"floor":12.0,"key":"DIG"},{"floor":13.0,"key":"DIG"},{"floor":15.0,"key":"REST"},{"data":"theMarked:SoldierForm","floor":23.0,"key":"SMITH"},{"data":"theMarked:FavorableWinds","floor":24.0,"key":"SMITH"},{"floor":25.0,"key":"DIG"},{"floor":28.0,"key":"DIG"},{"floor":29.0,"key":"DIG"},{"floor":32.0,"key":"DIG"},{"data":"theMarked:Challenge","floor":40.0,"key":"SMITH"},{"floor":41.0,"key":"DIG"},{"floor":42.0,"key":"DIG"},{"data":"theMarked:Challenge","floor":49.0,"key":"SMITH"}],"circlet_count":0,"master_deck":["theMarked:Strike+1","theMarked:Strike+1","theMarked:Strike","theMarked:Defend","theMarked:Defend","theMarked:Defend+1","theMarked:Defend+1","theMarked:Generate+1","theMarked:SoldierForm+1","theMarked:FavorableWinds+1","theMarked:Challenge+1","Finesse","theMarked:Challenge+1"],"relics":["theMarked:ArtifactOfAir","Shovel","Bloody Idol","War Paint","Akabeko","Ancient Tea Set","Oddly Smooth Stone","CeramicFish","theMarked:NailFile","theMarked:KettuFlask","PreservedInsect","Coffee Dripper","Enchiridion","Bag of Preparation","Medical Kit","Boot","Mummified Hand","Pen Nib","Centennial Puzzle","Whetstone","Sozu","Blue Candle","Juzu Bracelet","HornCleat","Bronze Scales","Blood Vial","theMarked:Gun","Dream Catcher"],"acts_visited":["Exordium","TheCity","TheBeyond"],"potions_floor_usage":[],"damage_taken":[{"damage":2.0,"enemies":"2 Louse","floor":1.0,"turns":3.0},{"damage":1.0,"enemies":"Jaw Worm","floor":5.0,"turns":4.0},{"damage":29.0,"enemies":"3 Sentries","floor":6.0,"turns":12.0},{"damage":20.0,"enemies":"Gremlin Nob","floor":10.0,"turns":4.0},{"damage":7.0,"enemies":"Lagavulin","floor":14.0,"turns":8.0},{"damage":22.0,"enemies":"Slime Boss","floor":16.0,"turns":12.0},{"damage":14.0,"enemies":"2 Thieves","floor":18.0,"turns":4.0},{"damage":0.0,"enemies":"3 Byrds","floor":22.0,"turns":4.0},{"damage":0.0,"enemies":"Book of Stabbing","floor":30.0,"turns":2.0},{"damage":1.0,"enemies":"Champ","floor":33.0,"turns":5.0},{"damage":0.0,"enemies":"3 Darklings","floor":35.0,"turns":3.0},{"damage":3.0,"enemies":"3 Shapes","floor":37.0,"turns":3.0},{"damage":8.0,"enemies":"Sphere and 2 Shapes","floor":39.0,"turns":4.0},{"damage":0.0,"enemies":"Giant Head","floor":45.0,"turns":3.0},{"damage":3.0,"enemies":"Reptomancer","floor":46.0,"turns":3.0},{"damage":10.0,"enemies":"Nemesis","floor":48.0,"turns":3.0},{"damage":74,"enemies":"Donu and Deca","floor":50,"turns":8}],"seed_played":"8271541966335553503","potions_obtained":[{"floor":6.0,"key":"theMarked:ChargePotion"},{"floor":10.0,"key":"Block Potion"},{"floor":18.0,"key":"Explosive Potion"}],"is_trial":true,"path_per_floor":["M","?","?","?","M","E","R","R","T","E","R","R","R","E","R","B",null,"M","?","?","$","M","R","R","R","T","?","R","R","E","$","R","B",null,"M","?","M","?","M","R","R","R","T","$","E","E","T","E","R","B"],"character_chosen":"THE_DEFAULT","items_purchased":["Bag of Preparation","Medical Kit"],"campfire_rested":1,"item_purchase_floors":[21,21],"current_hp_per_floor":[68,68,51,70,69,40,40,40,40,20,20,20,20,13,34,12,70,56,40,40,40,45,45,45,45,50,50,50,50,55,55,55,64,70,70,70,70,70,67,67,67,67,67,67,70,70,70,65,65,0,0],"gold":336,"neow_bonus":"","is_daily":false,"chose_seed":false,"campfire_upgraded":5,"win_rate":0.0,"timestamp":1610946172,"path_taken":["M","?","?","?","M","E","R","R","T","E","R","R","R","E","R","BOSS","M","?","?","$","?","R","R","R","T","?","R","R","E","$","R","BOSS","M","?","?","?","M","R","R","R","T","?","E","E","?","E","R","BOSS"],"items_purchased_type":["Relic","Relic"],"build_version":"2020-12-22","purchased_purges":3,"victory":false,"max_hp_per_floor":[70,70,70,70,70,70,70,70,70,70,70,70,70,70,70,70,70,70,70,70,70,70,70,70,70,70,70,70,70,70,70,70,70,70,70,70,70,70,70,70,70,70,70,70,70,70,70,70,70,70,70],"card_choices":[{"not_picked":["theMarked:Improvise","theMarked:Seal","theMarked:GodGivenPower"],"picked":"SKIP","floor":1.0},{"not_picked":["theMarked:WastefulAttack","theMarked:Convert","theMarked:WastefulDefense"],"picked":"SKIP","floor":5.0},{"not_picked":["theMarked:RepellingDischarge","theMarked:TurnInvisible","theMarked:WardOff"],"picked":"SKIP","floor":6.0},{"not_picked":["theMarked:RepellingDischarge","theMarked:Seal"],"picked":"theMarked:Generate","floor":10.0},{"not_picked":["theMarked:AttractMetal","theMarked:Electrify"],"picked":"theMarked:SoldierForm","floor":14.0},{"not_picked":["theMarked:Defy","theMarked:DispelDoubt"],"picked":"theMarked:FavorableWinds","floor":16.0},{"not_picked":["theMarked:EmpowerWeapon+1","theMarked:AttractMetal+1","theMarked:WastefulAttack+1"],"picked":"SKIP","floor":18.0},{"not_picked":["theMarked:Standoff+1","theMarked:SwordAndMagic+1","theMarked:WardOff"],"picked":"SKIP","floor":22.0},{"not_picked":["theMarked:Overthink","theMarked:TakeCover","theMarked:Indomitable"],"picked":"SKIP","floor":30.0},{"not_picked":["theMarked:Levitate","theMarked:EternalStudent"],"picked":"theMarked:Challenge","floor":33.0},{"not_picked":["theMarked:EmpowerWeapon","theMarked:ResourceFulStrike+1","theMarked:MysticalArsenal"],"picked":"SKIP","floor":35.0},{"not_picked":["theMarked:ResourceFulStrike","theMarked:RepellingDischarge","theMarked:Seal+1"],"picked":"SKIP","floor":37.0},{"not_picked":["Bandage Up","Trip"],"picked":"Finesse","floor":38.0},{"not_picked":["theMarked:WastefulAttack+1","theMarked:WardOff","theMarked:MaelstromOfLightning+1"],"picked":"SKIP","floor":39.0},{"not_picked":["theMarked:ChainLightning","theMarked:ContemptForTheProud"],"picked":"theMarked:Challenge","floor":45.0},{"not_picked":["theMarked:Electrocute+1","theMarked:Standoff","theMarked:Static"],"picked":"SKIP","floor":46.0},{"not_picked":["theMarked:TakeOffHeels","theMarked:Improvise","theMarked:Overthink"],"picked":"SKIP","floor":48.0}],"player_experience":281690,"relics_obtained":[{"floor":6.0,"key":"War Paint"},{"floor":7.0,"key":"Akabeko"},{"floor":8.0,"key":"Ancient Tea Set"},{"floor":9.0,"key":"Oddly Smooth Stone"},{"floor":10.0,"key":"CeramicFish"},{"floor":12.0,"key":"theMarked:NailFile"},{"floor":13.0,"key":"theMarked:KettuFlask"},{"floor":14.0,"key":"PreservedInsect"},{"floor":19.0,"key":"Enchiridion"},{"floor":25.0,"key":"Boot"},{"floor":28.0,"key":"Mummified Hand"},{"floor":29.0,"key":"Pen Nib"},{"floor":30.0,"key":"Centennial Puzzle"},{"floor":32.0,"key":"Whetstone"},{"floor":41.0,"key":"Blue Candle"},{"floor":42.0,"key":"Juzu Bracelet"},{"floor":43.0,"key":"HornCleat"},{"floor":45.0,"key":"Bronze Scales"},{"floor":46.0,"key":"Blood Vial"},{"floor":47.0,"key":"theMarked:Gun"},{"floor":48.0,"key":"Dream Catcher"}],"event_choices":[{"damage_healed":0.0,"max_hp_gain":0.0,"max_hp_loss":0.0,"gold_gain":0.0,"event_name":"Liars Game","player_choice":"Ignored","floor":2.0,"gold_loss":0.0,"damage_taken":0.0},{"damage_healed":0.0,"max_hp_gain":0.0,"max_hp_loss":0.0,"gold_gain":0.0,"event_name":"Golden Idol","player_choice":"Take Damage","floor":3.0,"gold_loss":0.0,"damage_taken":17.0,"relics_obtained":["Golden Idol"]},{"damage_healed":23.0,"max_hp_gain":0.0,"max_hp_loss":0.0,"gold_gain":0.0,"event_name":"Big Fish","player_choice":"Banana","floor":4.0,"gold_loss":0.0,"damage_taken":0.0},{"damage_healed":0.0,"max_hp_gain":0.0,"max_hp_loss":0.0,"gold_gain":0.0,"event_name":"Cursed Tome","player_choice":"Obtained Book","floor":19.0,"gold_loss":0.0,"damage_taken":16.0},{"damage_healed":0.0,"max_hp_gain":0.0,"max_hp_loss":0.0,"gold_gain":0.0,"event_name":"Forgotten Altar","player_choice":"Gave Idol","floor":20.0,"relics_lost":["Golden Idol"],"gold_loss":0.0,"damage_taken":0.0,"relics_obtained":["Bloody Idol"]},{"damage_healed":0.0,"max_hp_gain":0.0,"max_hp_loss":0.0,"gold_gain":0.0,"event_name":"Vampires","player_choice":"Ignored","floor":27.0,"gold_loss":0.0,"damage_taken":0.0},{"damage_healed":0.0,"max_hp_gain":0.0,"max_hp_loss":0.0,"gold_gain":100.0,"event_name":"Golden Shrine","player_choice":"Pray","floor":36.0,"gold_loss":0.0,"damage_taken":0.0},{"damage_healed":0.0,"max_hp_gain":0.0,"max_hp_loss":0.0,"gold_gain":0.0,"event_name":"SensoryStone","player_choice":"Memory 1","floor":38.0,"gold_loss":0.0,"damage_taken":0.0}],"is_beta":false,"boss_relics":[{"not_picked":["Fusion Hammer","Black Star"],"picked":"Coffee Dripper"},{"not_picked":["Calling Bell","Tiny House"],"picked":"Sozu"}],"items_purged_floors":[21,31,44],"is_endless":false,"potions_floor_spawned":[6,10,18,37,39,48],"killed_by":"Donu and Deca","ascension_level":0}}