{"host":"rjfefv2ruvigm2gb","time":1610975584,"event":{"mods":["AchievementEnabler","AlwaysNeverKeys","Arknights The Spire","BaseMod","Card Forge","Curses Come First","Displayed Cursed Tome","Evolution","Fox Events","Gold Saver","Googly Eyes","HexUI Lib","Ironclad Rager","Mad Scientist","Minty Spire (QoL Compilation)","Permanent Neow","Poor People Problems","Quick Restart","Shop Mod","StS++","StSLib","SuperFastMode","The Sage","Virulent Crown"],"gold_per_floor":[112,112,132,132,144,144,144,144,144,144,168,186,206,226,226,322,322,334,424,436,447,466,466,466,486,486,486,486,486,505,420,420,524,524,535,535,555,555,572,572,585,612,612,612,628,628,646,646,646,646,646,646,646,671,671],"floor_reached":56,"language":"ENG","playtime":877,"items_purged":[],"score":1830,"play_id":"96440490-5dfc-4d15-b671-c69d1e51b6bd","local_time":"20210118071304","is_ascension_mode":true,"campfire_choices":[{"floor":6,"key":"REST"},{"floor":8,"key":"REST"},{"floor":15,"key":"REST"},{"floor":23,"key":"REST"},{"floor":27,"key":"REST"},{"floor":29,"key":"REST"},{"floor":32,"key":"REST"},{"floor":40,"key":"REST"},{"floor":49,"key":"REST"},{"floor":52,"key":"REST"}],"circlet_count":0,"master_deck":["Omega+1","Double Energy+1","Adrenaline+1","StSpp:Succumb+1","StSpp:Succumb+1","StSpp:Succumb+1","StSpp:Succumb+1","Double Energy+1","Double Energy+1","Omega+1","Omega+1","Omega+1","Omega+1","StSpp:Succumb+1","StSpp:Succumb+1"],"relics":["Burning Blood","Hammer of Thor","Seething Fire","Anvil of the Gods","EVO:Axolotl","PreservedInsect","sagemod:Creepy_Carousel","Odd Mushroom","SlaversCollar","The Courier","Orichalcum","SacredBark","Shuriken","Kunai","Singing Bowl","Sundial"],"acts_visited":["Exordium","TheCity","TheBeyond","TheEnding"],"potions_floor_usage":[55,55],"damage_taken":[{"damage":0,"enemies":"Small Slimes","floor":1,"turns":1},{"damage":0,"enemies":"2 Louse","floor":3,"turns":1},{"damage":0,"enemies":"Cultist","floor":5,"turns":1},{"damage":0,"enemies":"The Mushroom Lair","floor":11,"turns":1},{"damage":0,"enemies":"Blue Slaver","floor":12,"turns":1},{"damage":0,"enemies":"Looter","floor":13,"turns":1},{"damage":0,"enemies":"Gremlin Gang","floor":14,"turns":1},{"damage":0,"enemies":"Hexaghost","floor":16,"turns":1},{"damage":0,"enemies":"Chosen","floor":18,"turns":1},{"damage":0,"enemies":"Shell Parasite","floor":20,"turns":1},{"damage":0,"enemies":"Shelled Parasite and Fungi","floor":21,"turns":1},{"damage":0,"enemies":"Snake Plant","floor":22,"turns":1},{"damage":0,"enemies":"Snecko","floor":25,"turns":1},{"damage":0,"enemies":"Centurion and Healer","floor":30,"turns":1},{"damage":0,"enemies":"Collector","floor":33,"turns":1},{"damage":0,"enemies":"Orb Walker","floor":35,"turns":1},{"damage":0,"enemies":"3 Shapes","floor":37,"turns":1},{"damage":0,"enemies":"Spire Growth","floor":39,"turns":1},{"damage":0,"enemies":"4 Shapes","floor":41,"turns":1},{"damage":0,"enemies":"Giant Head","floor":42,"turns":2},{"damage":0,"enemies":"3 Darklings","floor":45,"turns":1},{"damage":0,"enemies":"Sphere and 2 Shapes","floor":47,"turns":1},{"damage":24,"enemies":"Time Eater","floor":50,"turns":2},{"damage":0,"enemies":"Shield and Spear","floor":54,"turns":1},{"damage":21,"enemies":"The Heart","floor":55,"turns":3}],"seed_played":"-717657758039551149","potions_obtained":[{"floor":45,"key":"PowerPotion"},{"floor":47,"key":"DistilledChaos"},{"floor":54,"key":"PowerPotion"}],"is_trial":false,"path_per_floor":["M","$","M","$","M","R","$","R","T","?","?","M","M","M","R","B",null,"M","?","M","M","M","R","?","M","T","R","?","R","M","?","R","B",null,"M","?","M","?","M","R","M","E","T","?","M","?","M","T","R","B",null,"R","$","E","B",null],"character_chosen":"IRONCLAD","items_purchased":[],"campfire_rested":10,"item_purchase_floors":[],"current_hp_per_floor":[78,78,80,80,80,80,80,80,80,80,80,80,80,80,80,80,80,80,68,74,80,80,80,80,80,80,80,80,80,80,80,80,80,80,80,80,80,80,80,80,80,80,80,76,76,76,76,76,76,58,72,76,76,76,61],"gold":671,"neow_bonus":"RANDOM_COMMON_RELIC","is_daily":false,"chose_seed":false,"campfire_upgraded":0,"win_rate":0.0,"timestamp":1610975584,"path_taken":["M","$","M","$","M","R","$","R","T","?","?","M","M","M","R","BOSS","M","?","M","?","M","R","?","M","T","R","?","R","?","?","R","BOSS","M","?","M","?","?","R","M","E","T","?","M","?","M","?","R","BOSS","R","$","E","BOSS"],"items_purchased_type":[],"build_version":"2020-12-22","purchased_purges":0,"victory":true,"max_hp_per_floor":[80,80,80,80,80,80,80,80,80,80,80,80,80,80,80,80,80,80,80,80,80,80,80,80,80,80,80,80,80,80,80,80,80,80,80,80,80,80,80,80,80,80,80,76,76,76,76,76,76,76,76,76,76,76,76],"card_choices":[{"not_picked":["Headbutt","StSpp:Succumb","Flex"],"picked":"SKIP","floor":1},{"not_picked":["Cleave","StSpp:Sprint","Hemokinesis"],"picked":"SKIP","floor":3},{"not_picked":["Shrug It Off","StSpp:Succumb","Havoc"],"picked":"SKIP","floor":5},{"not_picked":["Clash","Pommel Strike","Wild Strike"],"picked":"SKIP","floor":12},{"not_picked":["StSpp:IntoTheAbyss","StSpp:Succumb","Wild Strike"],"picked":"SKIP","floor":13},{"not_picked":["True Grit","StSpp:TheBiggerTheyAre","Wild Strike"],"picked":"SKIP","floor":14},{"not_picked":["Thunderclap","Pommel Strike","True Grit"],"picked":"SKIP","floor":18},{"not_picked":["Metallicize","Wild Strike","Dark Embrace"],"picked":"SKIP","floor":20},{"not_picked":["Warcry+1","Perfected Strike","Feel No Pain"],"picked":"SKIP","floor":21},{"not_picked":["Wild Strike","Bloodletting","Pommel Strike"],"picked":"SKIP","floor":22},{"not_picked":["Shrug It Off+1","Heavy Blade","StSpp:Sprint+1"],"picked":"SKIP","floor":25},{"not_picked":["Burning Pact","Twin Strike","StSpp:Turnabout"],"picked":"SKIP","floor":30},{"not_picked":["Sever Soul+1","Havoc","Anger+1"],"picked":"SKIP","floor":35},{"not_picked":["StSpp:Succumb+1","Carnage","Heavy Blade"],"picked":"SKIP","floor":37},{"not_picked":["Clothesline+1","StSpp:MuscleMemory+1","Cleave"],"picked":"SKIP","floor":39},{"not_picked":["StSpp:Vengeance+1","Clash","Dropkick"],"picked":"SKIP","floor":41},{"not_picked":["Rage","Twin Strike+1","Entrench+1"],"picked":"SKIP","floor":42},{"not_picked":["Sword Boomerang+1","Entrench+1","Cleave"],"picked":"SKIP","floor":45},{"not_picked":["True Grit+1","StSpp:TheBiggerTheyAre","Shrug It Off"],"picked":"SKIP","floor":47},{"not_picked":["Wild Strike+1","Cleave+1","Dark Embrace+1"],"picked":"SKIP","floor":54}],"player_experience":992393,"relics_obtained":[{"floor":9,"key":"sagemod:Creepy_Carousel"},{"floor":11,"key":"Odd Mushroom"},{"floor":26,"key":"The Courier"},{"floor":42,"key":"Shuriken"},{"floor":43,"key":"Kunai"},{"floor":48,"key":"Singing Bowl"},{"floor":54,"key":"Sundial"}],"event_choices":[{"damage_healed":0,"gold_gain":0,"player_choice":"Fought Mushrooms","damage_taken":0,"max_hp_gain":0,"max_hp_loss":0,"event_name":"Mushrooms","floor":11,"gold_loss":0},{"damage_healed":0,"gold_gain":90,"player_choice":"GOLD ","damage_taken":12,"max_hp_gain":0,"max_hp_loss":0,"event_name":"Knowing Skull","floor":19,"potions_obtained":[],"gold_loss":0,"cards_obtained":[]},{"damage_healed":0,"gold_gain":0,"player_choice":"Ignored","damage_taken":0,"max_hp_gain":0,"max_hp_loss":0,"event_name":"Vampires","floor":24,"gold_loss":0},{"damage_healed":0,"gold_gain":0,"player_choice":"Bought 0 Potions","damage_taken":0,"max_hp_gain":0,"max_hp_loss":0,"event_name":"The Woman in Blue","floor":28,"gold_loss":0},{"damage_healed":0,"gold_gain":0,"player_choice":"Obtained Relic","damage_taken":0,"relics_obtained":["Orichalcum"],"max_hp_gain":0,"max_hp_loss":0,"event_name":"Addict","floor":31,"gold_loss":85},{"cards_removed":["StSpp:Succumb"],"damage_healed":5,"gold_gain":0,"player_choice":"Offered Common","damage_taken":0,"max_hp_gain":0,"max_hp_loss":0,"event_name":"Bonfire Elementals","floor":38,"gold_loss":0},{"cards_removed":["StSpp:Succumb"],"damage_healed":5,"gold_gain":0,"player_choice":"Offered Special","damage_taken":0,"max_hp_gain":0,"max_hp_loss":0,"event_name":"Bonfire Elementals","floor":38,"gold_loss":0},{"damage_healed":0,"gold_gain":0,"player_choice":"Max HP","damage_taken":0,"max_hp_gain":0,"max_hp_loss":4,"event_name":"Winding Halls","floor":44,"gold_loss":0},{"damage_healed":0,"gold_gain":0,"player_choice":"Ignored","damage_taken":0,"max_hp_gain":0,"max_hp_loss":0,"event_name":"Tomb of Lord Red Mask","floor":46,"gold_loss":0}],"is_beta":false,"boss_relics":[{"not_picked":["Runic Dome","Coffee Dripper"],"picked":"SlaversCollar"},{"not_picked":["StSpp:PileOfSugar","sagemod:Falmels_Amulet"],"picked":"SacredBark"}],"items_purged_floors":[],"is_endless":false,"potions_floor_spawned":[3,11,12,16,21,30,39,42,45,47,54],"ascension_level":9}}