{"host":"i0avyit1s6jb1siw","time":1610995843,"event":{"mods":["BaseMod","DeckTracker","Dota2Spire","Highlight Path","Minty Spire (QoL Compilation)","Quick Restart","StSLib","SuperFastMode"],"gold_per_floor":[363,438,438,438,456,483,483,120,120,170,184,246,246,307,307,378,378,419,203,220,24,24,24,82,98,166,166,225,225,38,72,72,179,179,197,246,246,293,137,200,200,235,258,322,342,215,258,290,290,320,350,350,350,56,83,113],"floor_reached":57,"language":"ENG","playtime":2054,"items_purged":["Pain","Strike_R","Strike_R","Strike_R","Strike_R","Defend_R"],"score":3634,"play_id":"b3bd4328-fce2-4dbb-98b3-d84961008166","local_time":"20210118195043","is_ascension_mode":true,"campfire_choices":[{"data":"Corruption","floor":7,"key":"SMITH"},{"data":"Barricade","floor":13,"key":"SMITH"},{"data":"Feel No Pain","floor":15,"key":"SMITH"},{"data":"Dark Embrace","floor":23,"key":"SMITH"},{"floor":27,"key":"RECALL"},{"data":"Impervious","floor":32,"key":"SMITH"},{"data":"Disarm","floor":41,"key":"SMITH"},{"data":"Battle Trance","floor":49,"key":"SMITH"},{"data":"Burning Pact","floor":53,"key":"SMITH"}],"circlet_count":0,"master_deck":["AscendersBane","Defend_R","Defend_R","Defend_R","Bash+1","Corruption+1","Shrug It Off","Dark Embrace+1","Ghostly Armor","Seeing Red","Barricade+1","Burning Pact+1","Feel No Pain+1","Exhume","Armaments+1","Shrug It Off","Finesse","Body Slam+1","Ghostly Armor","Bloodletting","Feel No Pain","Impervious+1","Entrench","Shrug It Off+1","Power Through+1","Battle Trance+1","Disarm+1","Seeing Red","Dual Wield+1","Armaments","Battle Trance"],"relics":["Burning Blood","Dead Branch","WarpedTongs","Dota2Spire:LinkenSphere","Pear","Dota2Spire:HandOfMidas","Bird Faced Urn","StrikeDummy","Dota2Spire:Bloodstone","Membership Card","OrangePellets","Ancient Tea Set","Dota2Spire:ShadowBlade","Strawberry","Dota2Spire:AghanimScepter","Dota2Spire:RefresherOrb","TungstenRod","Lee\u0027s Waffle","Blood Vial","Red Skull","Torii","Whetstone","Kunai","Dota2Spire:BattleFury"],"acts_visited":["Exordium","TheCity","TheBeyond","TheEnding"],"potions_floor_usage":[14,16,18],"damage_taken":[{"damage":0.0,"enemies":"Small Slimes","floor":1.0,"turns":4.0},{"damage":3,"enemies":"2 Louse","floor":5,"turns":4},{"damage":35,"enemies":"Gremlin Nob","floor":6,"turns":5},{"damage":2,"enemies":"Cultist","floor":10,"turns":4},{"damage":8,"enemies":"Exordium Wildlife","floor":11,"turns":3},{"damage":0,"enemies":"3 Sentries","floor":12,"turns":5},{"damage":14,"enemies":"Gremlin Nob","floor":14,"turns":4},{"damage":6,"enemies":"The Guardian","floor":16,"turns":4},{"damage":11,"enemies":"3 Byrds","floor":18,"turns":5},{"damage":0,"enemies":"Spheric Guardian","floor":20,"turns":3},{"damage":6,"enemies":"Book of Stabbing","floor":24,"turns":5},{"damage":3,"enemies":"3 Cultists","floor":25,"turns":3},{"damage":42,"enemies":"Slavers","floor":28,"turns":5},{"damage":3,"enemies":"Gremlin Leader","floor":31,"turns":2},{"damage":6,"enemies":"Collector","floor":33,"turns":2},{"damage":3,"enemies":"3 Darklings","floor":35,"turns":3},{"damage":14,"enemies":"Orb Walker","floor":36,"turns":5},{"damage":10,"enemies":"2 Orb Walkers","floor":38,"turns":2},{"damage":8,"enemies":"Reptomancer","floor":40,"turns":4},{"damage":0,"enemies":"Giant Head","floor":42,"turns":4},{"damage":23,"enemies":"Nemesis","floor":44,"turns":9},{"damage":17,"enemies":"4 Shapes","floor":45,"turns":3},{"damage":2,"enemies":"Writhing Mass","floor":47,"turns":2},{"damage":5,"enemies":"Reptomancer","floor":48,"turns":3},{"damage":5,"enemies":"Time Eater","floor":50,"turns":9},{"damage":24,"enemies":"Donu and Deca","floor":51,"turns":5},{"damage":4,"enemies":"Shield and Spear","floor":55,"turns":3},{"damage":8,"enemies":"The Heart","floor":56,"turns":6}],"seed_played":"-5178182211451199439","potions_obtained":[{"floor":5,"key":"Block Potion"},{"floor":10,"key":"EntropicBrew"},{"floor":18,"key":"DuplicationPotion"},{"floor":20,"key":"FairyPotion"}],"is_trial":false,"path_per_floor":["M","?","?","?","M","E","R","$","T","M","M","E","R","E","R","B",null,"M","$","M","$","?","R","E","M","T","R","E","?","$","E","R","B",null,"M","M","?","?","$","E","R","E","T","E","M","$","M","E","R","B","B",null,"R","$","E","B",null],"character_chosen":"IRONCLAD","items_purchased":["Pear","Membership Card","OrangePellets","Finesse","Strawberry","Feel No Pain","Impervious","Lee\u0027s Waffle","Seeing Red","Kunai","Armaments","Battle Trance"],"campfire_rested":0,"item_purchase_floors":[8,19,21,21,30,30,30,39,46,54,54,54],"current_hp_per_floor":[68,57,62,62,65,36,36,46,46,50,48,54,54,48,48,62,78,83,83,83,83,59,59,71,82,82,82,56,56,63,74,74,86,93,95,92,92,95,102,102,102,102,102,102,101,101,102,102,102,102,94,100,100,100,102,102],"gold":113,"neow_bonus":"TWO_FIFTY_GOLD","is_daily":false,"chose_seed":false,"campfire_upgraded":8,"win_rate":0.0,"timestamp":1610995843,"path_taken":["M","?","?","?","M","E","R","$","T","M","?","E","R","E","R","BOSS","M","$","M","$","?","R","E","M","T","R","E","?","$","E","R","BOSS","M","M","?","?","$","E","R","E","T","E","M","?","M","E","R","BOSS","BOSS","R","$","E","BOSS"],"items_purchased_type":["Relic","Relic","Relic","Card","Relic","Card","Card","Relic","Card","Relic","Card","Card"],"build_version":"2020-12-22","purchased_purges":6,"victory":true,"max_hp_per_floor":[68,68,73,73,73,73,73,83,83,83,83,83,83,83,83,83,83,83,83,83,83,88,88,88,88,88,88,88,88,95,95,95,95,95,95,95,95,95,102,102,102,102,102,102,102,102,102,102,102,102,102,102,102,102,102,102],"card_choices":[{"not_picked":["Rupture","Sword Boomerang"],"picked":"Shrug It Off","floor":1.0},{"not_picked":["Hemokinesis","Twin Strike"],"picked":"Dark Embrace","floor":5},{"not_picked":["Clash","Entrench"],"picked":"Ghostly Armor","floor":6},{"not_picked":["Body Slam","Twin Strike"],"picked":"Seeing Red","floor":10},{"not_picked":["Wild Strike","Headbutt"],"picked":"Barricade","floor":11},{"not_picked":["Pummel","Shrug It Off"],"picked":"Burning Pact","floor":12},{"not_picked":["Combust","Heavy Blade"],"picked":"Feel No Pain","floor":14},{"not_picked":["Immolate","Juggernaut"],"picked":"Exhume","floor":16},{"not_picked":["Anger","Blood for Blood"],"picked":"Armaments+1","floor":18},{"not_picked":["Iron Wave","Clash"],"picked":"Shrug It Off","floor":20},{"not_picked":["Blood for Blood","Ghostly Armor"],"picked":"Body Slam","floor":24},{"not_picked":["Metallicize","Whirlwind"],"picked":"Ghostly Armor","floor":25},{"not_picked":["Heavy Blade+1","Pommel Strike"],"picked":"Bloodletting","floor":28},{"not_picked":["Wild Strike","Havoc"],"picked":"Entrench","floor":31},{"not_picked":["Thunderclap","Perfected Strike+1"],"picked":"Shrug It Off+1","floor":35},{"not_picked":["Iron Wave+1","Armaments"],"picked":"Power Through+1","floor":36},{"not_picked":["Reaper","Wild Strike"],"picked":"Battle Trance","floor":38},{"not_picked":["Pummel+1","Spot Weakness"],"picked":"Disarm","floor":40},{"not_picked":["Havoc","Warcry+1","Hemokinesis"],"picked":"SKIP","floor":42},{"not_picked":["Heavy Blade","Dropkick","Burning Pact+1"],"picked":"SKIP","floor":44},{"not_picked":["Pommel Strike","Burning Pact","Heavy Blade"],"picked":"SKIP","floor":45},{"not_picked":["Iron Wave","Headbutt","Flex"],"picked":"SKIP","floor":47},{"not_picked":["Clothesline","Headbutt"],"picked":"Dual Wield+1","floor":48},{"not_picked":["Warcry","Havoc+1","Wild Strike"],"picked":"SKIP","floor":55}],"player_experience":2281430,"relics_obtained":[{"floor":6,"key":"Dota2Spire:LinkenSphere"},{"floor":9,"key":"Dota2Spire:HandOfMidas"},{"floor":12,"key":"Bird Faced Urn"},{"floor":14,"key":"StrikeDummy"},{"floor":24,"key":"Ancient Tea Set"},{"floor":28,"key":"Dota2Spire:ShadowBlade"},{"floor":31,"key":"Dota2Spire:AghanimScepter"},{"floor":38,"key":"TungstenRod"},{"floor":40,"key":"Blood Vial"},{"floor":43,"key":"Red Skull"},{"floor":44,"key":"Torii"},{"floor":48,"key":"Whetstone"},{"floor":55,"key":"Dota2Spire:BattleFury"}],"event_choices":[{"damage_healed":0.0,"max_hp_gain":0.0,"max_hp_loss":0.0,"gold_gain":75.0,"event_name":"World of Goop","player_choice":"Gather Gold","floor":2.0,"gold_loss":0.0,"damage_taken":11.0},{"damage_healed":0.0,"max_hp_gain":5.0,"max_hp_loss":0.0,"gold_gain":0.0,"event_name":"Big Fish","player_choice":"Donut","floor":3.0,"gold_loss":0.0,"damage_taken":0.0},{"damage_healed":0,"gold_gain":0,"player_choice":"Rummage","damage_taken":0,"relics_obtained":["WarpedTongs"],"max_hp_gain":0,"max_hp_loss":0,"event_name":"Accursed Blacksmith","floor":4,"gold_loss":0,"cards_obtained":["Pain"]},{"damage_healed":0,"gold_gain":0,"player_choice":"Shed Blood","damage_taken":29,"max_hp_gain":5,"max_hp_loss":0,"event_name":"Forgotten Altar","floor":22,"gold_loss":0},{"damage_healed":0,"gold_gain":0,"player_choice":"Ignored","damage_taken":0,"max_hp_gain":0,"max_hp_loss":0,"event_name":"The Mausoleum","floor":29,"gold_loss":0},{"cards_removed":["Strike_R"],"damage_healed":0,"gold_gain":0,"player_choice":"Removed Attack","damage_taken":0,"max_hp_gain":0,"max_hp_loss":0,"event_name":"Falling","floor":37,"gold_loss":0},{"damage_healed":0,"gold_gain":0,"player_choice":"Fight","damage_taken":0,"max_hp_gain":0,"max_hp_loss":0,"event_name":"Mysterious Sphere","floor":38,"gold_loss":0}],"is_beta":false,"boss_relics":[{"not_picked":["Black Blood","Coffee Dripper"],"picked":"Dota2Spire:Bloodstone"},{"not_picked":["SlaversCollar","SacredBark"],"picked":"Dota2Spire:RefresherOrb"}],"items_purged_floors":[8,19,21,39,46,54],"is_endless":false,"potions_floor_spawned":[5,10,18,20,31,33,35,36,48],"ascension_level":20}}