{"host":"fnk117zi8wf5078t","time":1610976898,"event":{"mods":["AchievementEnabler","BaseMod","Colored Map","Minty Spire (QoL Compilation)","Rare Cards Sparkle","SuperFastMode","everything is the same but u backflip on backflip"],"gold_per_floor":[119,132,57,132,82,82,99,118,118,9,28,28,28,42,42,146,146,159,159,159,179,104,104,123,123,123,123,136,171,171,171,171,171,171],"floor_reached":33,"language":"KOR","playtime":866,"items_purged":["Strike_B"],"score":370,"play_id":"6c759630-30f3-4447-a2f5-8ed56e3a59a8","local_time":"20210118223458","is_ascension_mode":true,"campfire_choices":[{"floor":6.0,"key":"REST"},{"data":"Static Discharge","floor":12.0,"key":"SMITH"},{"data":"Panache","floor":15.0,"key":"SMITH"},{"floor":23.0,"key":"REST"},{"floor":25.0,"key":"REST"},{"data":"Storm","floor":27.0,"key":"SMITH"},{"floor":30,"key":"REST"},{"floor":32,"key":"REST"}],"circlet_count":0,"master_deck":["Defend_B","Defend_B","Defend_B","Zap","Dualcast","Panache+1","Sweeping Beam","Go for the Eyes","FTL","Amplify","Steam Power","Static Discharge+1","Hello World","Machine Learning","Sunder+1","Storm+1","Skim+1","Normality","Consume+1","Hologram","FTL"],"relics":["Cracked Core","Bronze Scales","Cursed Key","Cables","Nilry\u0027s Codex","Blue Candle","Bag of Marbles"],"acts_visited":["Exordium","TheCity"],"potions_floor_usage":[29],"damage_taken":[{"damage":6.0,"enemies":"Cultist","floor":1.0,"turns":3.0},{"damage":9.0,"enemies":"Jaw Worm","floor":2.0,"turns":4.0},{"damage":7.0,"enemies":"Small Slimes","floor":7.0,"turns":3.0},{"damage":8.0,"enemies":"Blue Slaver","floor":8.0,"turns":4.0},{"damage":0.0,"enemies":"Large Slime","floor":11.0,"turns":4.0},{"damage":4.0,"enemies":"Looter","floor":14.0,"turns":3.0},{"damage":18.0,"enemies":"Hexaghost","floor":16.0,"turns":3.0},{"damage":3.0,"enemies":"Chosen","floor":18.0,"turns":3.0},{"damage":13.0,"enemies":"2 Thieves","floor":21.0,"turns":3.0},{"damage":15.0,"enemies":"Snake Plant","floor":24.0,"turns":3.0},{"damage":24,"enemies":"Centurion and Healer","floor":28,"turns":3},{"damage":19,"enemies":"Book of Stabbing","floor":29,"turns":3},{"damage":54,"enemies":"Champ","floor":33,"turns":3}],"seed_played":"4440695460209244475","potions_obtained":[{"floor":2.0,"key":"Swift Potion"},{"floor":11.0,"key":"Strength Potion"},{"floor":14.0,"key":"Swift Potion"},{"floor":18.0,"key":"BlessingOfTheForge"},{"floor":21.0,"key":"AttackPotion"}],"is_trial":false,"path_per_floor":["M","M","$","?","?","R","M","M","T","$","M","R","$","M","R","B",null,"M","?","?","M","?","R","M","R","T","R","M","E","R","?","R","B"],"character_chosen":"DEFECT","items_purchased":["Steam Power","Static Discharge"],"campfire_rested":5,"item_purchase_floors":[10,10],"current_hp_per_floor":[62,53,53,42,42,62,55,47,47,47,47,47,47,43,43,25,57,54,54,38,25,25,45,30,50,50,50,26,7,27,27,47,0,0],"gold":171,"neow_bonus":"RANDOM_COLORLESS_2","is_daily":false,"chose_seed":false,"campfire_upgraded":3,"win_rate":0.0,"timestamp":1610976898,"path_taken":["M","?","?","?","?","R","M","M","T","?","M","R","$","M","R","BOSS","M","?","?","M","?","R","M","R","T","R","M","E","R","?","R","BOSS"],"items_purchased_type":["Card","Card"],"build_version":"2020-12-22","purchased_purges":1,"victory":false,"max_hp_per_floor":[68,68,68,68,68,68,68,68,68,68,68,68,68,68,68,68,68,68,68,68,68,68,68,68,68,68,68,68,68,68,68,68,68,68],"card_choices":[{"not_picked":["Thinking Ahead","Transmutation"],"picked":"Panache","floor":0.0},{"not_picked":["Hologram","Turbo"],"picked":"Sweeping Beam","floor":1.0},{"not_picked":["Sweeping Beam","Ball Lightning"],"picked":"Go for the Eyes","floor":2.0},{"not_picked":["Coolheaded","Streamline"],"picked":"FTL","floor":7.0},{"not_picked":["Go for the Eyes","Doom and Gloom"],"picked":"Amplify","floor":8.0},{"not_picked":["Barrage","Redo","Stack"],"picked":"SKIP","floor":11.0},{"not_picked":["Rebound","Steam"],"picked":"Hello World","floor":14.0},{"not_picked":["Fission","Multi-Cast"],"picked":"Machine Learning","floor":16.0},{"not_picked":["Barrage","Steam"],"picked":"Sunder+1","floor":18.0},{"not_picked":["Leap+1","Turbo"],"picked":"Storm","floor":21.0},{"not_picked":["Steam","Stack"],"picked":"Skim+1","floor":24.0},{"not_picked":["Genetic Algorithm+1","Turbo"],"picked":"Consume+1","floor":28},{"not_picked":["Steam","Glacier","Darkness"],"picked":"SKIP","floor":29}],"player_experience":408733,"relics_obtained":[{"floor":9.0,"key":"Bronze Scales"},{"floor":20.0,"key":"Nilry\u0027s Codex"},{"floor":26.0,"key":"Blue Candle"},{"floor":29,"key":"Bag of Marbles"}],"event_choices":[{"damage_healed":0.0,"max_hp_gain":0.0,"max_hp_loss":0.0,"gold_gain":75.0,"event_name":"World of Goop","player_choice":"Gather Gold","floor":4.0,"gold_loss":0.0,"damage_taken":11.0},{"cards_removed":["Strike_B"],"damage_healed":0.0,"max_hp_gain":0.0,"max_hp_loss":0.0,"gold_gain":0.0,"event_name":"The Cleric","player_choice":"Card Removal","floor":5.0,"gold_loss":50.0,"damage_taken":0.0},{"damage_healed":0.0,"max_hp_gain":0.0,"max_hp_loss":0.0,"gold_gain":0.0,"event_name":"The Mausoleum","player_choice":"Opened","floor":19.0,"gold_loss":0.0,"damage_taken":0.0,"relics_obtained":["Cables"]},{"damage_healed":0.0,"max_hp_gain":0.0,"max_hp_loss":0.0,"gold_gain":0.0,"event_name":"Cursed Tome","player_choice":"Obtained Book","floor":20.0,"gold_loss":0.0,"damage_taken":16.0},{"cards_removed":["Strike_B"],"damage_healed":0.0,"max_hp_gain":0.0,"max_hp_loss":0.0,"gold_gain":0.0,"event_name":"Beggar","player_choice":"Gave Gold","floor":22.0,"gold_loss":75.0,"damage_taken":0.0},{"damage_healed":0,"gold_gain":0,"cards_transformed":["Strike_B","Defend_B"],"player_choice":"Became Test Subject","damage_taken":0,"max_hp_gain":0,"max_hp_loss":0,"event_name":"Drug Dealer","floor":31,"gold_loss":0,"cards_obtained":["Hologram","FTL"]}],"is_beta":false,"boss_relics":[{"not_picked":["Fusion Hammer","Coffee Dripper"],"picked":"Cursed Key"}],"items_purged_floors":[3],"is_endless":false,"potions_floor_spawned":[2,11,14,18,21],"killed_by":"Champ","ascension_level":9}}