{"host":"yblq3p6acu4d7asa","time":1610996385,"event":{"mods":["AchievementEnabler","Act Like it!","Aspiration","BaseMod","Colored Map","Hermit","Highlight Path","Jedi Mod","Minty Spire (QoL Compilation)","Replay The Spire","Shop Mod","StSLib","The Mystic"],"gold_per_floor":[117,117,65,76,76,111,111,125,194,209,209,243,243,253,253,352,352,352,352],"floor_reached":18,"language":"RUS","playtime":1322,"items_purged":[],"score":170,"play_id":"4f63bf4a-400d-435a-b310-1a2cc98dd2f4","local_time":"20210118215945","is_ascension_mode":false,"campfire_choices":[{"floor":7,"key":"REST"},{"floor":11,"key":"REST"},{"floor":13,"key":"REST"}],"circlet_count":0,"master_deck":["Strike_P","Strike_P","Strike_P","Strike_P","Defend_P","Defend_P","Defend_P","Defend_P","Eruption","Vigilance","FollowUp","EmptyBody","Crescendo+1","BattleHymn","Replay:Battleflow","FollowUp","EmptyBody","CrushJoints","Vault"],"relics":["PureWater","Bottled Lightning","Matryoshka","Simple Rune","aspiration:DefectSkillbook"],"acts_visited":["Exordium","TheCity"],"potions_floor_usage":[12],"damage_taken":[{"damage":7,"enemies":"2 Louse","floor":1,"turns":2},{"damage":0,"enemies":"Jaw Worm","floor":4,"turns":3},{"damage":41,"enemies":"Gremlin Nob","floor":6,"turns":4},{"damage":1,"enemies":"Small Slimes","floor":8,"turns":2},{"damage":7,"enemies":"Exordium Thugs","floor":10,"turns":3},{"damage":26,"enemies":"3 Sentries","floor":12,"turns":5},{"damage":1,"enemies":"Lots of Slimes","floor":14,"turns":3},{"damage":79,"enemies":"Fading Forest","floor":16,"turns":11},{"damage":0,"enemies":"Chosen","floor":18,"turns":2}],"seed_played":"8870362974228080667","potions_obtained":[{"floor":4,"key":"BottledMiracle"},{"floor":8,"key":"Regen Potion"},{"floor":12,"key":"Dexterity Potion"},{"floor":16,"key":"SteroidPotion"}],"is_trial":false,"path_per_floor":["M","?","$","M","?","E","R","M","T","M","R","E","R","M","R_BF","B",null,"M"],"character_chosen":"WATCHER","items_purchased":["EmptyBody"],"campfire_rested":3,"item_purchase_floors":[3],"current_hp_per_floor":[72,72,72,72,56,15,38,37,37,30,53,39,62,61,61,4,79,79,79],"gold":352,"neow_bonus":"TEN_PERCENT_HP_BONUS","is_daily":false,"chose_seed":false,"campfire_upgraded":0,"win_rate":0.0,"timestamp":1610996385,"path_taken":["M","?","$","M","?","E","R","M","T","M","R","E","R","M","R_BF","BOSS","M"],"items_purchased_type":["Card"],"build_version":"2020-12-22","purchased_purges":0,"victory":false,"max_hp_per_floor":[79,79,79,79,79,79,79,79,79,79,79,79,79,79,79,79,79,79,79],"card_choices":[{"not_picked":["ClearTheMind","CutThroughFate"],"picked":"FollowUp","floor":1},{"not_picked":["Evaluate","EmptyFist"],"picked":"Crescendo","floor":4},{"not_picked":["TalkToTheHand","LessonLearned"],"picked":"BattleHymn","floor":6},{"not_picked":["FlyingSleeves","ClearTheMind"],"picked":"Replay:Battleflow","floor":8},{"not_picked":["CutThroughFate","FlurryOfBlows"],"picked":"FollowUp","floor":10},{"not_picked":["SashWhip","Vault"],"picked":"EmptyBody","floor":12},{"not_picked":["FlyingSleeves","Nirvana"],"picked":"CrushJoints","floor":14},{"not_picked":["Omniscience","MasterReality"],"picked":"Vault","floor":16}],"player_experience":11964,"relics_obtained":[{"floor":6,"key":"Bottled Lightning"},{"floor":9,"key":"Matryoshka"},{"floor":12,"key":"Simple Rune"}],"event_choices":[{"damage_healed":0,"gold_gain":0,"player_choice":"Entered Light","damage_taken":16,"max_hp_gain":0,"max_hp_loss":0,"event_name":"Shining Light","floor":5,"gold_loss":0,"cards_upgraded":["Defend_P","Crescendo"]},{"damage_healed":0,"gold_gain":0,"player_choice":"Ignored","damage_taken":0,"max_hp_gain":0,"max_hp_loss":0,"event_name":"Liars Game","floor":15,"gold_loss":0}],"is_beta":false,"boss_relics":[{"not_picked":["SacredBark","Coffee Dripper"],"picked":"aspiration:DefectSkillbook"}],"items_purged_floors":[],"is_endless":false,"potions_floor_spawned":[4,8,12,16],"killed_by":"Chosen","ascension_level":0}}