{"host":"45go8t6659233n49","time":1610971983,"event":{"mods":["AchievementEnabler","BaseMod","Colored Map","Downfall","Duelist Mod","GifTheSpireLib","Infinite Spire","Minty Spire (QoL Compilation)","StSLib"],"gold_per_floor":[111,76,76,94,19,50,62,99,99,132,155,155,171,191,191,297,297,321,323,347,365,369,369],"floor_reached":22,"language":"ENG","playtime":1509,"items_purged":[],"score":339,"play_id":"7b83844f-1d28-4a7c-b8db-7b519dd35f27","local_time":"20210118231303","is_ascension_mode":true,"campfire_choices":[{"floor":12,"key":"REST"},{"floor":15,"key":"REST"}],"circlet_count":0,"master_deck":["Strike_P","Strike_P","Strike_P","Strike_P","Defend_P","Defend_P","Defend_P","Defend_P","Eruption","Vigilance","WindmillStrike","TalkToTheHand","ThirdEye","FlyingSleeves","Worship","EmptyFist","Evaluate","DeusExMachina","Protect","FlurryOfBlows","DeceiveReality","Establishment","Sanctity","LikeWater","WaveOfTheHand"],"relics":["Runic Dome","infinitespire:Midas Blood","Toy Ornithopter","Potion Belt","Sundial","Omamori","Black Star"],"acts_visited":["Exordium","TheCity"],"potions_floor_usage":[6,13,16,16,18,21],"damage_taken":[{"damage":24,"enemies":"Small Slimes","floor":1,"turns":2},{"damage":0,"enemies":"Cultist","floor":4,"turns":3},{"damage":10,"enemies":"3 Sentries","floor":6,"turns":6},{"damage":7,"enemies":"2 Louse","floor":7,"turns":2},{"damage":4,"enemies":"Lagavulin","floor":8,"turns":6},{"damage":18,"enemies":"3 Sentries","floor":10,"turns":6},{"damage":21,"enemies":"Lots of Slimes","floor":11,"turns":4},{"damage":5,"enemies":"Large Slime","floor":13,"turns":3},{"damage":6,"enemies":"Blue Slaver","floor":14,"turns":3},{"damage":8,"enemies":"Hexaghost","floor":16,"turns":5},{"damage":20,"enemies":"2 Thieves","floor":18,"turns":3},{"damage":3,"enemies":"3 Byrds","floor":20,"turns":6},{"damage":47,"enemies":"Centurion and Healer","floor":21,"turns":7},{"damage":10,"enemies":"Snake Plant","floor":22,"turns":2}],"seed_played":"-8201845613679230625","potions_obtained":[{"floor":4,"key":"DistilledChaos"},{"floor":6,"key":"SteroidPotion"},{"floor":11,"key":"Ancient Potion"},{"floor":13,"key":"SteroidPotion"},{"floor":16,"key":"Fire Potion"},{"floor":18,"key":"BottledMiracle"},{"floor":20,"key":"infinitespire:BlackPotion"},{"floor":21,"key":"Energy Potion"}],"is_trial":false,"path_per_floor":["M","?","T","M","$","E","M","E","T","E","M","R","M","M","R","B",null,"M","?","M","M","M"],"character_chosen":"WATCHER","items_purchased":["ThirdEye","FlyingSleeves"],"campfire_rested":2,"item_purchase_floors":[5,5],"current_hp_per_floor":[48,66,66,66,66,56,49,45,45,27,6,27,27,21,42,44,72,57,50,47,5,0,0],"gold":369,"neow_bonus":"BOSS_RELIC","is_daily":false,"chose_seed":false,"campfire_upgraded":0,"win_rate":0.0,"timestamp":1610971983,"path_taken":["M","?","?","M","$","E","M","E","T","E","M","R","M","M","R","BOSS","M","?","M","?","M"],"items_purchased_type":["Card","Card"],"build_version":"2020-12-22","purchased_purges":0,"victory":false,"max_hp_per_floor":[72,72,72,72,72,72,72,72,72,72,72,72,72,72,72,72,72,72,72,72,72,72,72],"card_choices":[{"not_picked":["Nirvana","Crescendo"],"picked":"WindmillStrike","floor":1},{"not_picked":["Protect","Perseverance"],"picked":"TalkToTheHand","floor":4},{"not_picked":["FlurryOfBlows","SpiritShield"],"picked":"Worship","floor":6},{"not_picked":["CrushJoints","TalkToTheHand"],"picked":"EmptyFist","floor":7},{"not_picked":["CrushJoints","FlurryOfBlows"],"picked":"Evaluate","floor":8},{"not_picked":["Blasphemy","ReachHeaven"],"picked":"DeusExMachina","floor":10},{"not_picked":["CrushJoints","JustLucky"],"picked":"Protect","floor":11},{"not_picked":["Prostrate","FlyingSleeves"],"picked":"FlurryOfBlows","floor":13},{"not_picked":["FlyingSleeves","Evaluate"],"picked":"DeceiveReality","floor":14},{"not_picked":["Blasphemy","MasterReality"],"picked":"Establishment","floor":16},{"not_picked":["ReachHeaven","Crescendo"],"picked":"Sanctity","floor":18},{"not_picked":["FlurryOfBlows","EmptyFist"],"picked":"LikeWater","floor":20},{"not_picked":["BowlingBash","EmptyMind"],"picked":"WaveOfTheHand","floor":21}],"player_experience":299009,"relics_obtained":[{"floor":3,"key":"infinitespire:Midas Blood"},{"floor":6,"key":"Toy Ornithopter"},{"floor":8,"key":"Potion Belt"},{"floor":9,"key":"Sundial"},{"floor":10,"key":"Omamori"}],"event_choices":[{"damage_healed":18,"gold_gain":0,"player_choice":"Healed","damage_taken":0,"max_hp_gain":0,"max_hp_loss":0,"event_name":"The Cleric","floor":2,"gold_loss":35},{"damage_healed":0,"gold_gain":0,"player_choice":"Damaged","damage_taken":7,"max_hp_gain":0,"max_hp_loss":0,"event_name":"Wheel of Change","floor":19,"gold_loss":0}],"is_beta":false,"boss_relics":[{"not_picked":["Tiny House","Astrolabe"],"picked":"Black Star"}],"items_purged_floors":[],"is_endless":false,"potions_floor_spawned":[4,6,11,13,16,18,20,21],"killed_by":"Snake Plant","ascension_level":2}}