{"host":"s41rn2jhghpwfrvz","time":1610980609,"event":{"mods":["BaseMod","Minty Spire (QoL Compilation)","Quick Restart","Relic Stats","SuperFastMode"],"gold_per_floor":[111,129,147,161,86,86,118,43,43,53,79,109,109,137,137,212,212,222,222,237,272,291,291,316,316,316,350,350,378,378,407,407,480,480,492,508,525,525,525,525,553,579,579,358,358,392,425,436,436,436,436,436,436,162,191,191],"floor_reached":57,"language":"ENG","playtime":1587,"items_purged":["Warcry","Warcry+1"],"score":3978,"play_id":"b50a2f9c-6bb8-42be-858e-6b8e8083d24c","local_time":"20210118163649","daily_mods":["SealedDeck","Vintage","DeadlyEvents"],"is_ascension_mode":true,"campfire_choices":[{"data":"Body Slam","floor":6,"key":"SMITH"},{"data":"Body Slam","floor":15,"key":"SMITH"},{"data":"Shrug It Off","floor":23,"key":"SMITH"},{"floor":28,"key":"RECALL"},{"data":"Disarm","floor":30,"key":"SMITH"},{"data":"Warcry","floor":32,"key":"SMITH"},{"data":"Madness","floor":45,"key":"SMITH"},{"data":"Evolve","floor":49,"key":"SMITH"}],"circlet_count":0,"master_deck":["AscendersBane","Battle Trance+1","Shockwave+1","Ghostly Armor+1","Disarm+1","Flame Barrier+1","Shrug It Off+1","Body Slam+1","Evolve+1","Madness+1","Body Slam+1"],"relics":["Burning Blood","CaptainsWheel","Sundial","Gremlin Horn","WingedGreaves","Strawberry","Vajra","Bag of Marbles","Lantern","Pocketwatch","Runic Dome","Toy Ornithopter","Mercury Hourglass","PreservedInsect","Matryoshka","Whetstone","Dream Catcher","Boot","Pen Nib","Oddly Smooth Stone","Coffee Dripper","War Paint","InkBottle","CeramicFish","Blood Vial","Centennial Puzzle","Art of War","Mummified Hand","Smiling Mask","Ginger","Toxic Egg 2","Kunai","Blue Candle"],"acts_visited":["Exordium","TheCity","TheBeyond","TheEnding"],"potions_floor_usage":[56,56,56],"damage_taken":[{"damage":0,"enemies":"2 Louse","floor":1,"turns":2},{"damage":0,"enemies":"Small Slimes","floor":2,"turns":3},{"damage":0,"enemies":"Cultist","floor":3,"turns":3},{"damage":0,"enemies":"Large Slime","floor":4,"turns":5},{"damage":0,"enemies":"3 Sentries","floor":7,"turns":7},{"damage":0,"enemies":"Lots of Slimes","floor":10,"turns":3},{"damage":0,"enemies":"Gremlin Nob","floor":11,"turns":3},{"damage":0,"enemies":"Lagavulin","floor":12,"turns":3},{"damage":0,"enemies":"3 Sentries","floor":14,"turns":6},{"damage":0,"enemies":"Slime Boss","floor":16,"turns":4},{"damage":0,"enemies":"Chosen","floor":18,"turns":2},{"damage":0,"enemies":"Shell Parasite","floor":20,"turns":2},{"damage":0,"enemies":"Slavers","floor":21,"turns":2},{"damage":0,"enemies":"Cultist and Chosen","floor":22,"turns":2},{"damage":0,"enemies":"Book of Stabbing","floor":24,"turns":2},{"damage":3,"enemies":"Slavers","floor":27,"turns":3},{"damage":0,"enemies":"Gremlin Leader","floor":29,"turns":2},{"damage":0,"enemies":"Slavers","floor":31,"turns":2},{"damage":0,"enemies":"Collector","floor":33,"turns":2},{"damage":0,"enemies":"3 Darklings","floor":35,"turns":2},{"damage":0,"enemies":"3 Shapes","floor":36,"turns":3},{"damage":0,"enemies":"Maw","floor":37,"turns":2},{"damage":0,"enemies":"Giant Head","floor":41,"turns":2},{"damage":0,"enemies":"Nemesis","floor":46,"turns":3},{"damage":0,"enemies":"Reptomancer","floor":47,"turns":2},{"damage":0,"enemies":"Transient","floor":48,"turns":4},{"damage":0,"enemies":"Time Eater","floor":50,"turns":3},{"damage":0,"enemies":"Awakened One","floor":51,"turns":5},{"damage":10,"enemies":"Shield and Spear","floor":55,"turns":2},{"damage":0,"enemies":"The Heart","floor":56,"turns":5}],"seed_played":"-8895218381147421409","potions_obtained":[{"floor":3,"key":"Fire Potion"},{"floor":11,"key":"Energy Potion"},{"floor":18,"key":"Dexterity Potion"},{"floor":48,"key":"EntropicBrew"}],"is_trial":true,"path_per_floor":["M","M","M","M","?","R","E","$","T","M","E","E","?","E","R","B",null,"M","?","M","E","M","R","E","?","T","E","R","E","R","E","R","B",null,"M","M","M","$","?","R","E","T","T","$","R","E","E","M","R","B","B",null,"R","$","E","B",null],"character_chosen":"IRONCLAD","items_purchased":["Evolve","Madness","Kunai"],"campfire_rested":0,"item_purchase_floors":[44,44,54],"current_hp_per_floor":[74,75,75,75,75,75,82,82,82,82,82,82,57,63,63,69,79,82,82,82,82,82,82,82,82,82,82,82,82,82,82,82,82,82,82,82,82,82,82,82,82,82,82,82,82,82,82,82,82,82,82,82,82,82,78,82],"gold":191,"neow_bonus":"","is_daily":false,"chose_seed":false,"campfire_upgraded":7,"win_rate":0.0,"timestamp":1610980609,"path_taken":["M","M","M","M","?","R","E","$","T","M","E","E","?","E","R","BOSS","M","?","M","?","M","R","E","?","T","?","R","E","R","E","R","BOSS","M","M","M","$","?","R","E","?","T","$","R","E","E","M","R","BOSS","BOSS","R","$","E","BOSS"],"items_purchased_type":["Card","Card","Relic"],"build_version":"2020-12-22","purchased_purges":2,"victory":true,"max_hp_per_floor":[75,75,75,75,75,75,82,82,82,82,82,82,82,82,82,82,82,82,82,82,82,82,82,82,82,82,82,82,82,82,82,82,82,82,82,82,82,82,82,82,82,82,82,82,82,82,82,82,82,82,82,82,82,82,82,82],"relic_stats":{"Gremlin Horn":[16,33],"counters":[30,91],"CeramicFish":27,"Blue Candle":[0],"PreservedInsect":489,"Pen Nib":[8],"Whetstone":[],"Ginger":[2],"War Paint":["Ghostly Armor"],"Boot":[8],"Smiling Mask":0,"Burning Blood":31,"Mercury Hourglass":[229],"Blood Vial":2,"Dream Catcher":0,"Centennial Puzzle":[3],"Sundial":[78],"Mummified Hand":[8],"Art of War":[1],"Kunai":[4],"obtain_stats":[{"Lantern":12,"Gremlin Horn":3,"CeramicFish":37,"Vajra":10,"Whetstone":26,"Ginger":47,"Boot":27,"Smiling Mask":46,"Burning Blood":0,"Blood Vial":41,"Dream Catcher":26,"Centennial Puzzle":42,"Matryoshka":22,"Sundial":2,"Mummified Hand":43,"Strawberry":7,"WingedGreaves":4,"Kunai":54,"Toxic Egg 2":48,"InkBottle":36,"Blue Candle":55,"Oddly Smooth Stone":31,"PreservedInsect":21,"Pen Nib":29,"War Paint":35,"Mercury Hourglass":20,"Runic Dome":17,"CaptainsWheel":1,"Bag of Marbles":11,"Coffee Dripper":34,"Art of War":42,"Toy Ornithopter":18,"Pocketwatch":14},{"Lantern":8,"Gremlin Horn":3,"CeramicFish":22,"Vajra":6,"Whetstone":15,"Ginger":25,"Boot":16,"Smiling Mask":24,"Burning Blood":0,"Blood Vial":23,"Dream Catcher":15,"Centennial Puzzle":23,"Matryoshka":14,"Sundial":2,"Mummified Hand":23,"Strawberry":5,"WingedGreaves":4,"Kunai":28,"Toxic Egg 2":26,"InkBottle":21,"Blue Candle":29,"Oddly Smooth Stone":18,"PreservedInsect":13,"Pen Nib":17,"War Paint":20,"Mercury Hourglass":12,"Runic Dome":10,"CaptainsWheel":1,"Bag of Marbles":7,"Coffee Dripper":19,"Art of War":23,"Toy Ornithopter":11,"Pocketwatch":9},{"Lantern":29,"Gremlin Horn":8,"CeramicFish":65,"Vajra":23,"Whetstone":49,"Ginger":72,"Boot":52,"Smiling Mask":70,"Burning Blood":0,"Blood Vial":67,"Dream Catcher":49,"Centennial Puzzle":67,"Matryoshka":47,"Sundial":5,"Mummified Hand":67,"Strawberry":20,"WingedGreaves":13,"Kunai":84,"Toxic Egg 2":76,"InkBottle":63,"Blue Candle":86,"Oddly Smooth Stone":56,"PreservedInsect":45,"Pen Nib":54,"War Paint":60,"Mercury Hourglass":43,"Runic Dome":39,"CaptainsWheel":2,"Bag of Marbles":26,"Coffee Dripper":58,"Art of War":67,"Toy Ornithopter":41,"Pocketwatch":35}],"Toy Ornithopter":2,"InkBottle":[14],"Pocketwatch":[3]},"card_choices":[{"not_picked":["Thunderclap","Clothesline","Flame Barrier"],"picked":"SKIP","floor":7},{"not_picked":["Fire Breathing","Feed","Iron Wave"],"picked":"SKIP","floor":11},{"not_picked":["Perfected Strike","Feel No Pain","Pummel"],"picked":"SKIP","floor":12},{"not_picked":["Sword Boomerang","Twin Strike"],"picked":"Body Slam","floor":14},{"not_picked":["Heavy Blade","Thunderclap","Power Through"],"picked":"SKIP","floor":21},{"not_picked":["Burning Pact","Twin Strike","Warcry"],"picked":"SKIP","floor":24},{"not_picked":["Shrug It Off","Combust","Headbutt+1"],"picked":"SKIP","floor":27},{"not_picked":["Rampage","Armaments","Dropkick"],"picked":"SKIP","floor":29},{"not_picked":["Inflame","Iron Wave","Carnage"],"picked":"SKIP","floor":31},{"not_picked":["Wild Strike","Uppercut+1","Cleave"],"picked":"SKIP","floor":41},{"not_picked":["Twin Strike","Sword Boomerang"],"picked":"Body Slam+1","floor":46},{"not_picked":["Double Tap","Feel No Pain","Bloodletting"],"picked":"SKIP","floor":47},{"not_picked":["Dual Wield+1","True Grit+1","Power Through+1"],"picked":"SKIP","floor":55}],"player_experience":1791759,"relics_obtained":[{"floor":1,"key":"CaptainsWheel"},{"floor":2,"key":"Sundial"},{"floor":3,"key":"Gremlin Horn"},{"floor":4,"key":"WingedGreaves"},{"floor":7,"key":"Strawberry"},{"floor":10,"key":"Vajra"},{"floor":11,"key":"Bag of Marbles"},{"floor":12,"key":"Lantern"},{"floor":14,"key":"Pocketwatch"},{"floor":18,"key":"Toy Ornithopter"},{"floor":20,"key":"Mercury Hourglass"},{"floor":21,"key":"PreservedInsect"},{"floor":22,"key":"Matryoshka"},{"floor":26,"key":"Whetstone"},{"floor":26,"key":"Dream Catcher"},{"floor":27,"key":"Boot"},{"floor":29,"key":"Pen Nib"},{"floor":31,"key":"Oddly Smooth Stone"},{"floor":35,"key":"War Paint"},{"floor":36,"key":"InkBottle"},{"floor":37,"key":"CeramicFish"},{"floor":41,"key":"Blood Vial"},{"floor":42,"key":"Centennial Puzzle"},{"floor":42,"key":"Art of War"},{"floor":43,"key":"Mummified Hand"},{"floor":46,"key":"Smiling Mask"},{"floor":47,"key":"Ginger"},{"floor":48,"key":"Toxic Egg 2"},{"floor":55,"key":"Blue Candle"}],"event_choices":[{"cards_removed":["Armaments"],"damage_healed":0,"gold_gain":0,"player_choice":"Card Removal","damage_taken":0,"max_hp_gain":0,"max_hp_loss":0,"event_name":"The Cleric","floor":5,"gold_loss":75},{"damage_healed":0,"gold_gain":0,"player_choice":"Entered Light","damage_taken":25,"max_hp_gain":0,"max_hp_loss":0,"event_name":"Shining Light","floor":13,"gold_loss":0,"cards_upgraded":["Flame Barrier","Battle Trance"]},{"damage_healed":0,"gold_gain":0,"player_choice":"Forge","damage_taken":0,"max_hp_gain":0,"max_hp_loss":0,"event_name":"Accursed Blacksmith","floor":19,"gold_loss":0,"cards_upgraded":["Shockwave"]},{"damage_healed":0,"gold_gain":0,"player_choice":"0 cards matched","damage_taken":0,"max_hp_gain":0,"max_hp_loss":0,"event_name":"Match and Keep!","floor":25,"gold_loss":0,"cards_obtained":[]},{"cards_removed":["Body Slam"],"damage_healed":0,"gold_gain":0,"player_choice":"Removed Attack","damage_taken":0,"max_hp_gain":0,"max_hp_loss":0,"event_name":"Falling","floor":39,"gold_loss":0}],"is_beta":false,"boss_relics":[{"not_picked":["Empty Cage","Fusion Hammer"],"picked":"Runic Dome"},{"not_picked":["Runic Cube","Busted Crown"],"picked":"Coffee Dripper"}],"items_purged_floors":[8,44],"is_endless":false,"potions_floor_spawned":[3,11,14,16,18,22,24,27,29,36,41,47,48,55],"ascension_level":20}}