{"host":"rl5ku05escnl5kxo","time":1610930279,"event":{"mods":["Act Like it!","BaseMod","Minty Spire (QoL Compilation)","StSLib","The Bug Knight"],"gold_per_floor":[119,137,147,147,147,163,31,48,72,72,91,107,107,117,117,117,117],"floor_reached":16,"language":"ENG","playtime":1036,"items_purged":[],"score":96,"play_id":"747d3858-a22f-4f12-bd50-90bd49fa6636","local_time":"20210117163759","is_ascension_mode":false,"campfire_choices":[{"data":"HollowMod:HowlingWraiths","floor":10,"key":"SMITH"},{"data":"HollowMod:PerfectDash","floor":13,"key":"SMITH"},{"floor":15,"key":"REST"}],"circlet_count":0,"master_deck":["HollowMod:NailStrikeStart","HollowMod:NailStrikeStart","HollowMod:NailStrikeStart","HollowMod:NailStrikeStart","HollowMod:QuickDashStart","HollowMod:QuickDashStart","HollowMod:QuickDashStart","HollowMod:QuickDashStart","HollowMod:FocusHealStart+1","HollowMod:PogoStrike","HollowMod:PerfectDash+1","HollowMod:HowlingWraiths","HollowMod:HowlingWraiths+1","HollowMod:SoulSplash","HollowMod:LifebloodCocoon","HollowMod:HowlingWraiths","HollowMod:CycloneSlash","HollowMod:PerfectDash+1","HollowMod:DashSlash","HollowMod:CycloneSlash","HollowMod:SoulStrike"],"relics":["HollowMod:VesselMask","Bag of Preparation"],"acts_visited":["Exordium"],"potions_floor_usage":[],"damage_taken":[{"damage":0,"enemies":"2 Louse","floor":1,"turns":3},{"damage":5,"enemies":"Small Slimes","floor":2,"turns":3},{"damage":15,"enemies":"Jaw Worm","floor":3,"turns":4},{"damage":7,"enemies":"3 Louse","floor":6,"turns":2},{"damage":8,"enemies":"Exordium Wildlife","floor":8,"turns":4},{"damage":0,"enemies":"Large Slime","floor":11,"turns":3},{"damage":17,"enemies":"Blue Slaver","floor":12,"turns":4},{"damage":9,"enemies":"2 Fungi Beasts","floor":14,"turns":3},{"damage":62,"enemies":"Hexaghost","floor":16,"turns":13}],"seed_played":"-6639306785245618731","potions_obtained":[{"floor":3,"key":"Energy Potion"},{"floor":6,"key":"Strength Potion"},{"floor":14,"key":"Energy Potion"}],"is_trial":false,"path_per_floor":["M","M","M","?","?","M","$","M","T","R","M","M","R","M","R","B"],"character_chosen":"THE_BUGKNIGHT","items_purchased":["HollowMod:LifebloodCocoon","HollowMod:HowlingWraiths","HollowMod:CycloneSlash"],"campfire_rested":1,"item_purchase_floors":[7,7,7],"current_hp_per_floor":[75,70,61,61,61,54,54,52,52,52,52,41,41,32,54,0,0],"gold":117,"neow_bonus":"UPGRADE_CARD","is_daily":false,"chose_seed":false,"campfire_upgraded":2,"win_rate":0.0,"timestamp":1610930279,"path_taken":["M","M","M","?","?","M","?","M","T","R","M","M","R","M","R","BOSS"],"items_purchased_type":["Card","Card","Card"],"build_version":"2020-12-22","purchased_purges":0,"victory":false,"max_hp_per_floor":[75,75,75,75,75,75,75,75,75,75,75,75,75,75,75,75,75],"card_choices":[{"not_picked":["HollowMod:SoulSplash","HollowMod:InfectedAttack"],"picked":"HollowMod:PerfectDash","floor":1},{"not_picked":["HollowMod:GrimmsGift","HollowMod:PureNailStrike"],"picked":"HollowMod:HowlingWraiths","floor":2},{"not_picked":["HollowMod:DoubleDash","HollowMod:SharpenedShadows"],"picked":"HollowMod:HowlingWraiths","floor":3},{"not_picked":["HollowMod:GoodIntentions","HollowMod:ChannelNail"],"picked":"HollowMod:SoulSplash","floor":6},{"not_picked":["HollowMod:NewInfectedGuardian","HollowMod:ChannelNail"],"picked":"HollowMod:PerfectDash","floor":8},{"not_picked":["HollowMod:InfectedAttack","HollowMod:SoulShaman"],"picked":"HollowMod:DashSlash","floor":11},{"not_picked":["HollowMod:TaintedHusks","HollowMod:DoubleDash"],"picked":"HollowMod:CycloneSlash","floor":12},{"not_picked":["HollowMod:RecoilStrike","HollowMod:CornifersMapStart"],"picked":"HollowMod:SoulStrike","floor":14}],"player_experience":451222,"relics_obtained":[{"floor":9,"key":"Bag of Preparation"}],"event_choices":[{"damage_healed":0,"gold_gain":0,"player_choice":"Grow","damage_taken":0,"max_hp_gain":0,"max_hp_loss":0,"event_name":"Living Wall","floor":4,"gold_loss":0,"cards_upgraded":["HollowMod:PerfectDash"]},{"damage_healed":0,"gold_gain":0,"player_choice":"Fled","damage_taken":0,"max_hp_gain":0,"max_hp_loss":0,"event_name":"Scrap Ooze","floor":5,"gold_loss":0}],"is_beta":false,"boss_relics":[],"items_purged_floors":[],"is_endless":false,"potions_floor_spawned":[3,6,14],"killed_by":"Hexaghost","ascension_level":0}}