{"host":"2t0ddmgeopc3yqug","time":1610957992,"event":{"mods":["AchievementEnabler","BaseMod","Colored Map","Colored Powertips","Hermit","Marisa£¨Ùöéë¡¡Øª×âÞÞ£©","Minty Spire (QoL Compilation)","Rare Cards Sparkle","StSLib","SuperFastMode","The Servant 0.9.4","everything is the same but u backflip on backflip"],"gold_per_floor":[18,18,36,211,211,211,222,222,222,222,239,258,268,288,288,383,383,394,45,55,55,0,0,0,0,0,0,16,27,27,27],"floor_reached":30,"language":"KOR","playtime":3284,"items_purged":["Defend_MRS"],"score":221,"play_id":"e4d9a82d-9aa3-473b-8ca7-ab40c26f4acd","local_time":"20210118171952","is_ascension_mode":false,"campfire_choices":[{"floor":6,"key":"REST"},{"data":"MasterSpark","floor":10,"key":"SMITH"},{"floor":15,"key":"REST"},{"floor":23,"key":"REST"}],"circlet_count":0,"master_deck":["Strike_MRS+1","Strike_MRS+1","Strike_MRS","MasterSpark+1","UpSweep","MagicAbsorber","DoubleSpark","StarBarrage","EnergyFlow","PowerUp","SuperPerseids","StarlightTyphoon+1","ChargingUp","Writhe","MilkyWay"],"relics":["BewitchedHakkero","Spirit Poop","HandmadeGrimoire","Membership Card","Bottled Tornado","Strawberry","Pantograph"],"acts_visited":["Exordium","TheCity"],"potions_floor_usage":[16,16,30,30,30,30],"damage_taken":[{"damage":0,"enemies":"2 Louse","floor":1,"turns":3},{"damage":11,"enemies":"Jaw Worm","floor":3,"turns":2},{"damage":0,"enemies":"Small Slimes","floor":7,"turns":2},{"damage":6,"enemies":"3 Louse","floor":11,"turns":2},{"damage":6,"enemies":"Exordium Thugs","floor":12,"turns":3},{"damage":6,"enemies":"2 Fungi Beasts","floor":13,"turns":2},{"damage":11,"enemies":"Blue Slaver","floor":14,"turns":3},{"damage":42,"enemies":"Hexaghost","floor":16,"turns":6},{"damage":5,"enemies":"Spheric Guardian","floor":18,"turns":3},{"damage":28,"enemies":"3 Byrds","floor":20,"turns":4},{"damage":42,"enemies":"Snake Plant","floor":28,"turns":4},{"damage":14,"enemies":"Centurion and Healer","floor":29,"turns":5},{"damage":6,"enemies":"3 Cultists","floor":30,"turns":2}],"seed_played":"4454917629601172544","potions_obtained":[{"floor":3,"key":"Dexterity Potion"},{"floor":11,"key":"LiquidMemories"},{"floor":12,"key":"DuplicationPotion"},{"floor":14,"key":"ColorlessPotion"},{"floor":20,"key":"EntropicBrew"},{"floor":29,"key":"BlessingOfTheForge"}],"is_trial":false,"path_per_floor":["M","?","M","?","?","R","M","?","T","R","M","M","M","M","R","B",null,"M","$","M","?","?","R","?","?","T","$","M","M","M"],"character_chosen":"MARISA","items_purchased":["Membership Card","Bottled Tornado","SuperPerseids"],"campfire_rested":3,"item_purchase_floors":[19,19,19],"current_hp_per_floor":[75,68,57,57,42,64,64,64,64,64,58,52,46,35,57,15,75,70,70,42,49,49,73,73,57,57,57,15,1,0,0],"gold":27,"neow_bonus":"REMOVE_TWO","is_daily":false,"chose_seed":false,"campfire_upgraded":1,"win_rate":0.0,"timestamp":1610957992,"path_taken":["M","?","M","?","?","R","M","?","T","R","?","M","M","M","R","BOSS","M","$","M","?","?","R","?","?","T","?","M","?","?"],"items_purchased_type":["Relic","Relic","Card"],"build_version":"2020-12-22","purchased_purges":1,"victory":false,"max_hp_per_floor":[75,75,75,75,75,75,75,75,75,75,75,75,75,75,75,75,75,75,75,75,82,82,82,82,87,87,87,87,87,87,87],"card_choices":[{"not_picked":["SporeBomb","DarkSpark","Acceleration"],"picked":"SKIP","floor":1},{"not_picked":["DragonMeteor","GrandCross","AsteroidBelt"],"picked":"SKIP","floor":3},{"not_picked":["UnstableBomb","AsteroidBelt"],"picked":"MagicAbsorber","floor":7},{"not_picked":["MilkyWay","Singularity","OortCloud"],"picked":"SKIP","floor":11},{"not_picked":["DC","Singularity"],"picked":"DoubleSpark","floor":12},{"not_picked":["PulseMagic","DarkSpark"],"picked":"StarBarrage","floor":13},{"not_picked":["EnergyRecoil","WitchOfGreed"],"picked":"EnergyFlow","floor":14},{"not_picked":["Acceleration","DragonMeteor"],"picked":"PowerUp","floor":18},{"not_picked":["MeteoricShower","GalacticHalo"],"picked":"StarlightTyphoon+1","floor":20},{"not_picked":["GrandCross","GalacticHalo"],"picked":"MilkyWay","floor":28},{"not_picked":["EarthLightRay","FairyDestructionRay","DeepEcoloBomb"],"picked":"SKIP","floor":29}],"player_experience":84288,"relics_obtained":[{"floor":9,"key":"HandmadeGrimoire"},{"floor":26,"key":"Pantograph"}],"event_choices":[{"cards_removed":["Defend_MRS"],"damage_healed":0,"gold_gain":0,"player_choice":"Card Removal","damage_taken":7,"max_hp_gain":0,"max_hp_loss":0,"event_name":"Golden Wing","floor":2,"gold_loss":0},{"damage_healed":0,"gold_gain":175,"player_choice":"AGREE","damage_taken":0,"max_hp_gain":0,"max_hp_loss":0,"event_name":"Liars Game","floor":4,"gold_loss":0,"cards_obtained":["Doubt"]},{"damage_healed":0,"gold_gain":0,"player_choice":"Entered Light","damage_taken":15,"max_hp_gain":0,"max_hp_loss":0,"event_name":"Shining Light","floor":5,"gold_loss":0,"cards_upgraded":["Strike_MRS","Strike_MRS"]},{"cards_removed":["Doubt"],"damage_healed":0,"gold_gain":0,"player_choice":"Offered Curse","damage_taken":0,"relics_obtained":["Spirit Poop"],"max_hp_gain":0,"max_hp_loss":0,"event_name":"Bonfire Elementals","floor":8,"gold_loss":0},{"damage_healed":0,"gold_gain":0,"player_choice":"Stole Relic","damage_taken":0,"relics_obtained":["Strawberry"],"max_hp_gain":0,"max_hp_loss":0,"event_name":"Addict","floor":21,"gold_loss":0,"cards_obtained":["Shame"]},{"damage_healed":0,"gold_gain":0,"player_choice":"Paid Fearfully","damage_taken":0,"max_hp_gain":0,"max_hp_loss":0,"event_name":"Masked Bandits","floor":22,"gold_loss":55},{"damage_healed":0,"gold_gain":0,"cards_transformed":["Strike_MRS","Shame"],"player_choice":"Became Test Subject","damage_taken":0,"max_hp_gain":0,"max_hp_loss":0,"event_name":"Drug Dealer","floor":24,"gold_loss":0,"cards_obtained":["ChargingUp","Writhe"]},{"damage_healed":0,"gold_gain":0,"player_choice":"Shed Blood","damage_taken":21,"max_hp_gain":5,"max_hp_loss":0,"event_name":"Forgotten Altar","floor":25,"gold_loss":0}],"is_beta":false,"boss_relics":[{"not_picked":["Sozu","SlaversCollar"],"picked":"BewitchedHakkero"}],"items_purged_floors":[19],"is_endless":false,"potions_floor_spawned":[3,11,12,14,20,29],"killed_by":"3 Cultists","ascension_level":0}}