{"host":"n0yecwpl2j4u196k","time":1610994293,"event":{"mods":["2.2 Compatiblity","AchievementEnabler","BaseMod","Colored Map","Colored Powertips","Highlight Path","Minty Spire (QoL Compilation)","Quick Restart","Rare Cards Sparkle","Relic Stats","SuperFastMode"],"gold_per_floor":[210,210,224,237,255,284,294,294,317,117,151,151,78,96,96,192,192,202,222,248,347,78,96,111,127,127,2,36,36,36,51,51,153,153,170,170,170,182,282,282,296,296,345,345,361,392,411,430,430,430,430,430,4,4,4],"floor_reached":54,"language":"ENG","playtime":3161,"items_purged":["Strike_B","Aggregate","Barrage"],"score":710,"play_id":"e3622097-1249-4106-acf1-123d3351fffc","local_time":"20210118132453","is_ascension_mode":true,"campfire_choices":[{"floor":12.0,"key":"REST"},{"floor":15.0,"key":"REST"},{"floor":29.0,"key":"REST"},{"floor":32.0,"key":"RECALL"},{"data":"Apotheosis","floor":40.0,"key":"SMITH"},{"data":"Defragment","floor":42.0,"key":"SMITH"},{"data":"Creative AI","floor":44.0,"key":"SMITH"},{"floor":49.0,"key":"DIG"},{"floor":52.0,"key":"DIG"}],"circlet_count":0,"master_deck":["Zap","Dualcast","Glacier","Coolheaded","Streamline","Conserve Battery","BootSequence","Self Repair","Ball Lightning","Defragment+1","Turbo","Glacier+1","Amplify","Hello World","Storm","Echo Form","Consume","Seek+1","Apotheosis+1","Rainbow","Creative AI+1","Buffer","Conserve Battery+1","Force Field+1"],"relics":["Cracked Core","Dream Catcher","Anchor","Toy Ornithopter","Pandora\u0027s Box","Red Mask","War Paint","Runic Pyramid","Blood Vial","Shovel","Shuriken","Pantograph","Calipers"],"acts_visited":["Exordium","TheCity","TheBeyond","TheEnding"],"potions_floor_usage":[54,54],"damage_taken":[{"damage":1.0,"enemies":"Cultist","floor":1.0,"turns":3.0},{"damage":0.0,"enemies":"Small Slimes","floor":3.0,"turns":3.0},{"damage":8.0,"enemies":"Jaw Worm","floor":4.0,"turns":5.0},{"damage":5.0,"enemies":"3 Louse","floor":5.0,"turns":3.0},{"damage":19.0,"enemies":"Gremlin Nob","floor":6.0,"turns":4.0},{"damage":2.0,"enemies":"2 Fungi Beasts","floor":7.0,"turns":3.0},{"damage":2.0,"enemies":"3 Sentries","floor":11.0,"turns":9.0},{"damage":17.0,"enemies":"Exordium Thugs","floor":14.0,"turns":4.0},{"damage":20.0,"enemies":"Slime Boss","floor":16.0,"turns":23.0},{"damage":10.0,"enemies":"Spheric Guardian","floor":18.0,"turns":4.0},{"damage":16.0,"enemies":"Chosen","floor":19.0,"turns":5.0},{"damage":32.0,"enemies":"Masked Bandits","floor":20.0,"turns":6.0},{"damage":19.0,"enemies":"Shelled Parasite and Fungi","floor":23.0,"turns":8.0},{"damage":0.0,"enemies":"Snake Plant","floor":24.0,"turns":3.0},{"damage":24.0,"enemies":"Sentry and Sphere","floor":25.0,"turns":6.0},{"damage":27.0,"enemies":"Book of Stabbing","floor":28.0,"turns":8.0},{"damage":21.0,"enemies":"Shelled Parasite and Fungi","floor":31.0,"turns":12.0},{"damage":37.0,"enemies":"Automaton","floor":33.0,"turns":11.0},{"damage":18.0,"enemies":"Orb Walker","floor":35.0,"turns":4.0},{"damage":16.0,"enemies":"3 Shapes","floor":38.0,"turns":5.0},{"damage":26.0,"enemies":"Writhing Mass","floor":41.0,"turns":6.0},{"damage":26.0,"enemies":"Sphere and 2 Shapes","floor":45.0,"turns":7.0},{"damage":31.0,"enemies":"Giant Head","floor":46.0,"turns":13.0},{"damage":5.0,"enemies":"3 Darklings","floor":47.0,"turns":7.0},{"damage":3.0,"enemies":"Maw","floor":48.0,"turns":7.0},{"damage":51.0,"enemies":"Time Eater","floor":50.0,"turns":16.0},{"damage":102,"enemies":"Shield and Spear","floor":54,"turns":6}],"seed_played":"-4280585393368586995","potions_obtained":[{"floor":1.0,"key":"SneckoOil"},{"floor":2.0,"key":"FearPotion"},{"floor":2.0,"key":"Ancient Potion"},{"floor":2.0,"key":"BlessingOfTheForge"},{"floor":3.0,"key":"EssenceOfDarkness"},{"floor":23.0,"key":"EntropicBrew"},{"floor":24.0,"key":"PowerPotion"},{"floor":35.0,"key":"Fire Potion"}],"is_trial":false,"path_per_floor":["M","?","M","M","M","E","M","?","T","$","E","R","$","M","R","B",null,"M","M","?","?","$","M","M","M","T","$","E","R","?","M","R","B",null,"M","?","?","M","?","R","M","R","T","R","M","E","M","M","R","B",null,"R","$","E"],"character_chosen":"DEFECT","items_purchased":["Self Repair","Ball Lightning","Defragment","Apotheosis","Calipers","PowerPotion","Ancient Potion"],"campfire_rested":3,"item_purchase_floors":[10,10,13,22,53,53,53],"current_hp_per_floor":[74,74,74,66,61,42,40,33,33,33,38,60,60,50,72,59,75,72,63,48,48,48,49,59,49,49,49,32,54,54,47,47,15,75,75,75,75,75,75,75,69,69,69,69,52,55,72,71,71,42,75,75,75,0,0],"gold":4,"neow_bonus":"HUNDRED_GOLD","is_daily":false,"chose_seed":false,"campfire_upgraded":3,"win_rate":0.0,"timestamp":1610994293,"path_taken":["M","?","M","?","M","E","M","?","T","$","E","R","$","M","R","BOSS","M","M","?","?","$","M","M","M","T","$","E","R","?","M","R","BOSS","M","?","?","?","?","R","M","R","T","R","M","E","M","M","R","BOSS","R","$","E"],"items_purchased_type":["Card","Card","Card","Card","Relic","Potion","Potion"],"build_version":"2020-12-22","purchased_purges":3,"victory":false,"max_hp_per_floor":[75,75,75,75,75,75,75,75,75,75,75,75,75,75,75,75,75,75,75,75,75,75,75,75,75,75,75,75,75,75,75,75,75,75,75,75,75,75,75,75,75,75,75,75,75,75,75,75,75,75,75,75,75,75,75],"relic_stats":{"Blood Vial":10,"Dream Catcher":3,"Shovel":2,"counters":[27,191],"Shuriken":[1],"Pantograph":0,"Pandora\u0027s Box":["Hello World","Aggregate","Storm","Echo Form","Consume","Seek"],"War Paint":["Seek","Glacier"],"obtain_stats":[{"Calipers":53,"War Paint":28,"Blood Vial":43,"Dream Catcher":6,"Anchor":9,"Shovel":46,"Shuriken":49,"Pantograph":52,"Pandora\u0027s Box":17,"Red Mask":20,"Cracked Core":0,"Toy Ornithopter":11,"Runic Pyramid":34},{"Calipers":26,"War Paint":16,"Blood Vial":21,"Dream Catcher":5,"Anchor":6,"Shovel":23,"Shuriken":25,"Pantograph":26,"Pandora\u0027s Box":9,"Red Mask":12,"Cracked Core":0,"Toy Ornithopter":7,"Runic Pyramid":18},{"Calipers":185,"War Paint":97,"Blood Vial":135,"Dream Catcher":18,"Anchor":21,"Shovel":155,"Shuriken":169,"Pantograph":185,"Pandora\u0027s Box":57,"Red Mask":72,"Cracked Core":0,"Toy Ornithopter":30,"Runic Pyramid":120}],"Toy Ornithopter":40},"card_choices":[{"not_picked":["Chill","Hologram"],"picked":"Glacier","floor":1.0},{"not_picked":["Hologram","Cold Snap"],"picked":"Coolheaded","floor":3.0},{"not_picked":["Gash","Cold Snap"],"picked":"Streamline","floor":4.0},{"not_picked":["Heatsinks","Rebound"],"picked":"Conserve Battery","floor":5.0},{"not_picked":["Skim","Genetic Algorithm"],"picked":"BootSequence","floor":6.0},{"not_picked":["Conserve Battery","Rip and Tear"],"picked":"Barrage","floor":7.0},{"not_picked":["Sweeping Beam","Scrape","Thunder Strike"],"picked":"SKIP","floor":11.0},{"not_picked":["Cold Snap","Tempest"],"picked":"Turbo","floor":14.0},{"not_picked":["Chaos","Scrape"],"picked":"Glacier","floor":15.0},{"not_picked":["Multi-Cast","Meteor Strike"],"picked":"Amplify","floor":16.0},{"not_picked":["Scrape","Hello World","Sweeping Beam+1"],"picked":"SKIP","floor":18.0},{"not_picked":["Gash","Fusion","Blizzard"],"picked":"SKIP","floor":19.0},{"not_picked":["Compile Driver","Coolheaded","Sweeping Beam+1"],"picked":"SKIP","floor":23.0},{"not_picked":["Sweeping Beam","Go for the Eyes"],"picked":"Rainbow","floor":24.0},{"not_picked":["Skim+1","Steam Power","Barrage"],"picked":"SKIP","floor":25.0},{"not_picked":["Skim+1","Steam Power","Barrage"],"picked":"SKIP","floor":25.0},{"not_picked":["Steam Power+1","Compile Driver","Chill"],"picked":"SKIP","floor":28.0},{"not_picked":["Self Repair","Turbo","Hello World"],"picked":"SKIP","floor":31.0},{"not_picked":["Biased Cognition","Amplify"],"picked":"Creative AI","floor":33.0},{"not_picked":["Chill","Compile Driver+1","Darkness+1"],"picked":"SKIP","floor":35.0},{"not_picked":["Leap","Gash","Coolheaded"],"picked":"SKIP","floor":38.0},{"not_picked":["Rebound+1","Skim"],"picked":"Buffer","floor":41.0},{"not_picked":["Darkness+1","Leap+1","Hologram+1"],"picked":"SKIP","floor":45.0},{"not_picked":["Gash+1","Steam"],"picked":"Conserve Battery+1","floor":46.0},{"not_picked":["Go for the Eyes+1","Sweeping Beam"],"picked":"Force Field+1","floor":47.0},{"not_picked":["Go for the Eyes+1","Streamline+1","Hologram+1"],"picked":"SKIP","floor":48.0}],"player_experience":269422,"relics_obtained":[{"floor":6.0,"key":"Dream Catcher"},{"floor":9.0,"key":"Anchor"},{"floor":11.0,"key":"Toy Ornithopter"},{"floor":20.0,"key":"Red Mask"},{"floor":28.0,"key":"War Paint"},{"floor":43.0,"key":"Blood Vial"},{"floor":46.0,"key":"Shovel"},{"floor":49.0,"key":"Shuriken"},{"floor":52.0,"key":"Pantograph"}],"event_choices":[{"damage_healed":0.0,"max_hp_gain":0.0,"max_hp_loss":0.0,"gold_gain":0.0,"event_name":"Lab","player_choice":"Got Potions","floor":2.0,"gold_loss":0.0,"damage_taken":0.0},{"cards_removed":["Strike_B"],"damage_healed":0.0,"max_hp_gain":0.0,"max_hp_loss":0.0,"gold_gain":0.0,"event_name":"Golden Wing","player_choice":"Card Removal","floor":8.0,"gold_loss":0.0,"damage_taken":7.0},{"damage_healed":0.0,"max_hp_gain":0.0,"max_hp_loss":0.0,"gold_gain":0.0,"event_name":"Masked Bandits","player_choice":"Fought Bandits","floor":20.0,"gold_loss":0.0,"damage_taken":0.0},{"damage_healed":0.0,"max_hp_gain":0.0,"max_hp_loss":0.0,"gold_gain":99.0,"event_name":"Nest","player_choice":"Stole From Cult","floor":21.0,"gold_loss":0.0,"damage_taken":0.0},{"damage_healed":0.0,"max_hp_gain":0.0,"max_hp_loss":0.0,"gold_gain":0.0,"event_name":"The Mausoleum","player_choice":"Ignored","floor":30.0,"gold_loss":0.0,"damage_taken":0.0},{"damage_healed":0.0,"max_hp_gain":0.0,"max_hp_loss":0.0,"gold_gain":0.0,"event_name":"Mysterious Sphere","player_choice":"Ignored","floor":36.0,"gold_loss":0.0,"damage_taken":0.0},{"damage_healed":0.0,"max_hp_gain":0.0,"max_hp_loss":0.0,"gold_gain":0.0,"event_name":"The Woman in Blue","player_choice":"Bought 0 Potions","floor":37.0,"gold_loss":0.0,"damage_taken":0.0},{"damage_healed":0.0,"max_hp_gain":0.0,"max_hp_loss":0.0,"gold_gain":100.0,"event_name":"Golden Shrine","player_choice":"Pray","floor":39.0,"gold_loss":0.0,"damage_taken":0.0}],"is_beta":false,"boss_relics":[{"not_picked":["Coffee Dripper","Black Star"],"picked":"Pandora\u0027s Box"},{"not_picked":["FrozenCore","Velvet Choker"],"picked":"Runic Pyramid"}],"items_purged_floors":[10,22,27],"is_endless":false,"potions_floor_spawned":[1,3,7,16,23,24,25,35,38,45],"killed_by":"Shield and Spear","ascension_level":1}}