{"host":"f5gffvlv6a66yqkd","time":1610996610,"event":{"mods":["2.2 Compatiblity","Alarm Clock","BaseMod","Colored Map","Custom Start","DeckTracker","Keyboard Shortcuts","Minty Spire (QoL Compilation)","Permanent Neow","Quick Restart","Relic Stats","StSLib","SuperFastMode"],"gold_per_floor":[113,263,263,263,106,139,152,152,199,199,213,237,287,19,19,19,19],"floor_reached":16,"language":"KOR","playtime":224,"items_purged":["Decay","Strike_G"],"score":196,"play_id":"b3999675-03fb-407f-b067-bc01ceff084a","local_time":"20210119040330","is_ascension_mode":true,"campfire_choices":[{"data":"Terror","floor":8.0,"key":"SMITH"},{"data":"Blade Dance","floor":10.0,"key":"SMITH"},{"floor":15,"key":"REST"}],"circlet_count":0,"master_deck":["AscendersBane","Strike_G","Strike_G","Strike_G","Strike_G","Defend_G","Defend_G","Defend_G","Survivor","Neutralize","PiercingWail","Terror+1","Backstab","Dagger Throw","Dagger Spray","Poisoned Stab","Blade Dance+1","Deflect","Phantasmal Killer"],"relics":["Ring of the Snake","Golden Idol","Lantern","Bronze Scales","TwistedFunnel"],"acts_visited":["Exordium"],"potions_floor_usage":[16],"damage_taken":[{"damage":9.0,"enemies":"Jaw Worm","floor":1.0,"turns":4.0},{"damage":24.0,"enemies":"Gremlin Nob","floor":6.0,"turns":4.0},{"damage":0.0,"enemies":"2 Louse","floor":7.0,"turns":2.0},{"damage":0.0,"enemies":"Small Slimes","floor":11.0,"turns":2.0},{"damage":3,"enemies":"Blue Slaver","floor":12,"turns":1},{"damage":16,"enemies":"The Guardian","floor":16,"turns":8}],"seed_played":"-5734062076052927844","potions_obtained":[{"floor":7.0,"key":"SteroidPotion"},{"floor":11.0,"key":"BlessingOfTheForge"}],"is_trial":false,"path_per_floor":["M","?","?","?","$","E","M","R","T","R","M","M","?","$","R","B"],"character_chosen":"THE_SILENT","items_purchased":["Dagger Throw","Dagger Spray","TwistedFunnel"],"campfire_rested":1,"item_purchase_floors":[5,5,14],"current_hp_per_floor":[50,50,50,50,50,26,26,26,26,26,26,23,17,17,35,19,19],"gold":19,"neow_bonus":"TRANSFORM_TWO_CARDS","is_daily":false,"chose_seed":false,"campfire_upgraded":2,"win_rate":0.0,"timestamp":1610996610,"path_taken":["M","?","?","?","?","E","M","R","T","R","M","M","?","$","R","BOSS"],"items_purchased_type":["Card","Card","Relic"],"build_version":"2020-12-22","purchased_purges":2,"victory":false,"max_hp_per_floor":[66,66,60,60,60,60,60,60,60,60,60,60,60,60,60,60,60],"relic_stats":{"counters":[6,21],"Golden Idol":18,"Bronze Scales":[33],"obtain_stats":[{"TwistedFunnel":14,"Lantern":6,"Golden Idol":3,"Bronze Scales":9,"Ring of the Snake":0},{"TwistedFunnel":5,"Lantern":2,"Golden Idol":1,"Bronze Scales":3,"Ring of the Snake":0},{"TwistedFunnel":13,"Lantern":8,"Golden Idol":4,"Bronze Scales":10,"Ring of the Snake":0}],"Ring of the Snake":[12]},"card_choices":[{"not_picked":["Skewer","Acrobatics"],"picked":"Backstab","floor":1.0},{"not_picked":["Acrobatics","Flying Knee"],"picked":"Poisoned Stab","floor":6.0},{"not_picked":["Dodge and Roll","Skewer"],"picked":"Blade Dance","floor":7.0},{"not_picked":["Catalyst","Escape Plan"],"picked":"Deflect","floor":11.0},{"not_picked":["Prepared","Catalyst"],"picked":"Phantasmal Killer","floor":12}],"player_experience":1598134,"relics_obtained":[{"floor":6.0,"key":"Lantern"},{"floor":9.0,"key":"Bronze Scales"}],"event_choices":[{"damage_healed":0.0,"max_hp_gain":0.0,"max_hp_loss":0.0,"gold_gain":150.0,"event_name":"Liars Game","player_choice":"AGREE","floor":2.0,"gold_loss":0.0,"damage_taken":0.0,"cards_obtained":["Doubt"]},{"damage_healed":0.0,"max_hp_gain":0.0,"max_hp_loss":6.0,"gold_gain":0.0,"event_name":"Golden Idol","player_choice":"Lose Max HP","floor":3.0,"gold_loss":0.0,"damage_taken":0.0,"relics_obtained":["Golden Idol"]},{"cards_removed":["Doubt"],"damage_healed":0.0,"max_hp_gain":0.0,"max_hp_loss":0.0,"gold_gain":0.0,"event_name":"Living Wall","player_choice":"Forget","floor":4.0,"gold_loss":0.0,"damage_taken":0.0},{"damage_healed":0,"gold_gain":50,"player_choice":"Touch","damage_taken":6,"max_hp_gain":0,"max_hp_loss":0,"event_name":"FaceTrader","floor":13,"gold_loss":0}],"is_beta":false,"boss_relics":[],"items_purged_floors":[5,14],"is_endless":false,"potions_floor_spawned":[7,11],"killed_by":"The Guardian","ascension_level":20}}