{"host":"d54lcqy5t45er8jx","time":1610992750,"event":{"mods":["2.2 Compatiblity","BaseMod","CapriCore","Defuse TimeMaze Blight","Hermit","Hubris","Infinite Spire","Marisa£¨Ùöéë¡¡Øª×âÞÞ£©","Minty Spire (QoL Compilation)","Rare Cards Sparkle","Relic Stats","StSLib","The Animator","The Cursed","The Immortal","The Servant 0.9.4","WarShipGirlsR/??á´Ò³R mod"],"gold_per_floor":[109,109,35,47,47,47,47],"floor_reached":6,"language":"ENG","playtime":189,"items_purged":[],"score":68,"play_id":"a8bee146-686f-4077-be03-1ed1f56de692","local_time":"20210119025910","daily_mods":["SealedDeck","Shiny","Heirloom","DeadlyEvents","Elite Swarm","Uncertain Future"],"is_ascension_mode":true,"campfire_choices":[],"circlet_count":0,"master_deck":["AscendersBane","MagicChant+1","StarDustReverie","AbsoluteMagnitude","CollectingQuirk","SuperNova","BlazingStar","UltimateShortwave","CasketOfStar","MaximisePower","TreasureHunter","MillisecondPulsars","SatelliteIllusion","JA","BigCrunch","EscapeVelocity","ManaRampage","BinaryStars","FinalSpark","WitchOfGreed","WitchOfGreed","WitchOfGreed","GalacticHalo","GravityBeat","GravityBeat","SuperPerseids","SuperPerseids","IllusionStar","Occultation","OpenUniverse","Occultation","infinitespire:Collect"],"relics":["MiniHakkero","Ice Cream"],"acts_visited":["Exordium"],"potions_floor_usage":[],"damage_taken":[{"damage":0,"enemies":"Jaw Worm","floor":1,"turns":2},{"damage":10,"enemies":"Small Slimes","floor":4,"turns":2},{"damage":0,"enemies":"3 Sentries","floor":6,"turns":1}],"seed_played":"-431671563477922622","potions_obtained":[],"is_trial":true,"path_per_floor":["M","?","$","M","?","E"],"character_chosen":"MARISA","items_purchased":["OpenUniverse"],"campfire_rested":0,"item_purchase_floors":[3],"current_hp_per_floor":[63,63,63,53,36,36,36],"gold":47,"neow_bonus":"","is_daily":false,"chose_seed":false,"campfire_upgraded":0,"win_rate":0.0,"timestamp":1610992750,"path_taken":["M","?","$","M","?","E"],"items_purchased_type":["Card"],"build_version":"2020-12-22","purchased_purges":0,"victory":false,"max_hp_per_floor":[70,70,70,70,70,70,70],"relic_stats":{"counters":[3,5],"obtain_stats":[{"Ice Cream":0,"MiniHakkero":0},{"Ice Cream":0,"MiniHakkero":0},{"Ice Cream":0,"MiniHakkero":0}]},"card_choices":[{"not_picked":["DoubleSpark","EarthLightRay","BlazeAway"],"picked":"SKIP","floor":1},{"not_picked":["PropBag","6A"],"picked":"Occultation","floor":4},{"not_picked":["infinitespire:FinalStrike","infinitespire:Starlight"],"picked":"infinitespire:Collect","floor":5}],"player_experience":852352,"relics_obtained":[],"event_choices":[],"is_beta":false,"boss_relics":[],"items_purged_floors":[],"is_endless":false,"potions_floor_spawned":[],"killed_by":"3 Sentries","ascension_level":20}}