{"host":"op7lvjy5lsqtpdgx","time":1610953809,"event":{"mods":["BaseMod","Minty Spire (QoL Compilation)","StSLib"],"gold_per_floor":[114,129,129,204,67,105,105,105,130,155,155,155,155,174,174,299,299,318,318,318,18,18,56,56,94,94,132,132,157,195,214,214,339,339,358,58,58,58,58,96,115,115,140,140,59,59,97,430,430,430,430],"floor_reached":50,"language":"ENG","playtime":4385,"items_purged":[],"score":639,"play_id":"8bb54818-8920-4584-a006-84dbf30be57e","local_time":"20210118201009","daily_mods":["Draft","Flight","Lethality"],"is_ascension_mode":false,"campfire_choices":[{"data":"Limit Break","floor":7,"key":"SMITH"},{"data":"Armaments","floor":12,"key":"SMITH"},{"data":"Armaments","floor":13,"key":"SMITH"},{"data":"True Grit","floor":15,"key":"SMITH"},{"data":"Bludgeon","floor":32,"key":"SMITH"},{"floor":44,"key":"REST"},{"data":"Limit Break","floor":46,"key":"SMITH"},{"data":"Heavy Blade","floor":49,"key":"SMITH"}],"circlet_count":0,"master_deck":["Rampage","Feel No Pain","Anger","Armaments+1","Sword Boomerang+1","Sentinel","Wild Strike","Heavy Blade+1","Thunderclap","Dropkick","Sentinel","True Grit","Armaments+1","Shrug It Off","True Grit","Anger","Injury","Dark Embrace","Limit Break+1","Heavy Blade+1","Bludgeon+1","Fire Breathing","RitualDagger","Pommel Strike+1","Madness","Madness","Limit Break+1"],"relics":["Burning Blood","Juzu Bracelet","Tiny Chest","Boot","Omamori","WarpedTongs","Mark of Pain","Darkstone Periapt","Lizard Tail","HornCleat","Happy Flower","NlothsMask","Bird Faced Urn","PreservedInsect","MutagenicStrength","Red Skull","Pocketwatch","Velvet Choker","Charon\u0027s Ashes","Whetstone","Eternal Feather","Nunchaku","Sundial"],"acts_visited":["Exordium","TheCity","TheBeyond"],"potions_floor_usage":[5,6,23,23,41,50,50],"damage_taken":[{"damage":0,"enemies":"Cultist","floor":1,"turns":2},{"damage":0,"enemies":"2 Louse","floor":2,"turns":2},{"damage":23,"enemies":"Lagavulin","floor":6,"turns":5},{"damage":1,"enemies":"Small Slimes","floor":14,"turns":3},{"damage":9,"enemies":"Slime Boss","floor":16,"turns":6},{"damage":7,"enemies":"2 Thieves","floor":18,"turns":3},{"damage":0,"enemies":"Book of Stabbing","floor":23,"turns":3},{"damage":25,"enemies":"Slavers","floor":25,"turns":4},{"damage":3,"enemies":"Book of Stabbing","floor":27,"turns":3},{"damage":32,"enemies":"Gremlin Leader","floor":30,"turns":3},{"damage":3,"enemies":"Shell Parasite","floor":31,"turns":3},{"damage":19,"enemies":"Champ","floor":33,"turns":6},{"damage":0,"enemies":"3 Shapes","floor":35,"turns":3},{"damage":66,"enemies":"Nemesis","floor":40,"turns":5},{"damage":14,"enemies":"3 Darklings","floor":41,"turns":3},{"damage":32,"enemies":"Giant Head","floor":47,"turns":6},{"damage":143,"enemies":"Awakened One","floor":50,"turns":6}],"seed_played":"-1283480827410872575","potions_obtained":[{"floor":1,"key":"Energy Potion"},{"floor":6,"key":"HeartOfIron"},{"floor":16,"key":"Weak Potion"},{"floor":25,"key":"LiquidBronze"},{"floor":30,"key":"Fire Potion"},{"floor":41,"key":"Explosive Potion"}],"is_trial":false,"path_per_floor":["M","M","?","?","$","E","R","T","T","T","?","R","R","M","R","B",null,"M","?","T","$","T","E","?","E","T","E","?","T","E","M","R","B",null,"M","$","?","?","?","E","M","T","T","R","$","R","E","?","R","B"],"character_chosen":"IRONCLAD","items_purchased":["Fruit Juice","Dark Embrace","Lizard Tail","Charon\u0027s Ashes","Limit Break"],"campfire_rested":1,"item_purchase_floors":[5,5,21,36,45],"current_hp_per_floor":[80,80,80,69,74,57,57,57,57,57,57,57,57,62,62,59,85,84,78,78,78,78,84,84,65,65,70,70,70,46,51,51,44,85,85,85,85,85,74,20,16,16,16,56,56,71,51,51,66,0,0],"gold":430,"neow_bonus":"","is_daily":true,"chose_seed":false,"campfire_upgraded":7,"win_rate":0.0,"timestamp":1610953809,"path_taken":["M","?","?","?","?","E","R","?","T","?","?","R","R","M","R","BOSS","M","?","?","$","?","E","?","E","T","E","?","?","E","M","R","BOSS","M","$","?","?","?","E","M","?","T","R","?","R","E","?","R","BOSS"],"items_purchased_type":["Potion","Card","Relic","Relic","Card"],"build_version":"2020-12-22","purchased_purges":0,"victory":false,"max_hp_per_floor":[80,80,80,80,85,85,85,85,85,85,85,85,85,85,85,85,85,85,85,85,85,85,85,85,85,85,85,85,85,85,85,85,85,85,85,85,85,85,85,85,85,85,85,85,85,85,85,85,85,85,85],"card_choices":[{"not_picked":["Second Wind","True Grit"],"picked":"Rampage","floor":0},{"not_picked":["Cleave","Metallicize"],"picked":"Feel No Pain","floor":0},{"not_picked":["Flex","Hemokinesis"],"picked":"Anger","floor":0},{"not_picked":["Twin Strike","Clash"],"picked":"Armaments","floor":0},{"not_picked":["Hemokinesis","Armaments"],"picked":"Sword Boomerang","floor":0},{"not_picked":["Cleave","Inflame"],"picked":"Sentinel","floor":0},{"not_picked":["Iron Wave","Entrench"],"picked":"Wild Strike","floor":0},{"not_picked":["True Grit","Cleave"],"picked":"Heavy Blade","floor":0},{"not_picked":["Dual Wield","Cleave"],"picked":"Thunderclap","floor":0},{"not_picked":["Flex","Armaments"],"picked":"Dropkick","floor":0},{"not_picked":["Feel No Pain","Anger"],"picked":"True Grit","floor":0},{"not_picked":["Anger","Clothesline"],"picked":"Sentinel","floor":0},{"not_picked":["Armaments","Anger"],"picked":"True Grit","floor":0},{"not_picked":["Wild Strike","Flex"],"picked":"Armaments","floor":0},{"not_picked":["Warcry","Bloodletting"],"picked":"Shrug It Off","floor":0},{"not_picked":["Body Slam","Cleave"],"picked":"True Grit","floor":1},{"not_picked":["Flex","Wild Strike"],"picked":"Anger","floor":2},{"not_picked":["Havoc","Heavy Blade"],"picked":"Limit Break","floor":6},{"not_picked":["Combust","True Grit"],"picked":"Heavy Blade","floor":14},{"not_picked":["Limit Break","Barricade"],"picked":"Bludgeon","floor":16},{"not_picked":["Iron Wave","Clash"],"picked":"Fire Breathing","floor":18},{"not_picked":["Sword Boomerang","Disarm","Anger"],"picked":"SKIP","floor":23},{"not_picked":["Intimidate","Cleave+1","Perfected Strike"],"picked":"SKIP","floor":25},{"not_picked":["Ghostly Armor","Combust+1","Clash"],"picked":"SKIP","floor":27},{"not_picked":["Ghostly Armor","Combust+1","Clash"],"picked":"SKIP","floor":27},{"not_picked":["Shrug It Off","Hemokinesis","Armaments+1"],"picked":"SKIP","floor":30},{"not_picked":["Perfected Strike+1","Body Slam+1","Ghostly Armor"],"picked":"SKIP","floor":31},{"not_picked":["Clash","Sword Boomerang+1"],"picked":"Pommel Strike+1","floor":35},{"not_picked":["Twin Strike+1","Rupture","Clash+1"],"picked":"SKIP","floor":40},{"not_picked":["Perfected Strike+1","Twin Strike+1","Clothesline"],"picked":"SKIP","floor":41},{"not_picked":["Iron Wave+1","Sword Boomerang","Combust"],"picked":"SKIP","floor":47}],"player_experience":169879,"relics_obtained":[{"floor":6,"key":"Juzu Bracelet"},{"floor":8,"key":"Tiny Chest"},{"floor":9,"key":"Boot"},{"floor":10,"key":"Omamori"},{"floor":20,"key":"Darkstone Periapt"},{"floor":22,"key":"HornCleat"},{"floor":23,"key":"Happy Flower"},{"floor":25,"key":"Bird Faced Urn"},{"floor":27,"key":"PreservedInsect"},{"floor":29,"key":"Red Skull"},{"floor":30,"key":"Pocketwatch"},{"floor":40,"key":"Whetstone"},{"floor":42,"key":"Eternal Feather"},{"floor":43,"key":"Nunchaku"},{"floor":47,"key":"Sundial"}],"event_choices":[{"damage_healed":0,"gold_gain":0,"player_choice":"Take Wound","damage_taken":0,"relics_obtained":["Golden Idol"],"max_hp_gain":0,"max_hp_loss":0,"event_name":"Golden Idol","floor":3,"gold_loss":0,"cards_obtained":["Injury"]},{"damage_healed":0,"gold_gain":75,"player_choice":"Gather Gold","damage_taken":11,"max_hp_gain":0,"max_hp_loss":0,"event_name":"World of Goop","floor":4,"gold_loss":0},{"damage_healed":0,"gold_gain":0,"player_choice":"Rummage","damage_taken":0,"relics_obtained":["WarpedTongs"],"max_hp_gain":0,"max_hp_loss":0,"event_name":"Accursed Blacksmith","floor":11,"gold_loss":0,"cards_obtained":["Pain"]},{"damage_healed":0,"gold_gain":0,"player_choice":"Joined the Cult","damage_taken":6,"max_hp_gain":0,"max_hp_loss":0,"event_name":"Nest","floor":19,"gold_loss":0,"cards_obtained":["RitualDagger"]},{"damage_healed":0,"gold_gain":0,"player_choice":"Trade","damage_taken":0,"relics_obtained":["NlothsMask"],"max_hp_gain":0,"max_hp_loss":0,"event_name":"FaceTrader","floor":24,"gold_loss":0},{"damage_healed":0,"gold_gain":0,"player_choice":"Inject Mutagens","damage_taken":0,"relics_obtained":["MutagenicStrength"],"max_hp_gain":0,"max_hp_loss":0,"event_name":"Drug Dealer","floor":28,"gold_loss":0},{"cards_removed":["True Grit"],"damage_healed":0,"gold_gain":0,"player_choice":"Removed Skill","damage_taken":0,"max_hp_gain":0,"max_hp_loss":0,"event_name":"Falling","floor":37,"gold_loss":0},{"damage_healed":0,"gold_gain":0,"player_choice":"Ignored","damage_taken":0,"max_hp_gain":0,"max_hp_loss":0,"event_name":"SecretPortal","floor":38,"gold_loss":0},{"damage_healed":0,"gold_gain":0,"player_choice":"Embrace Madness","damage_taken":11,"max_hp_gain":0,"max_hp_loss":0,"event_name":"Winding Halls","floor":39,"gold_loss":0,"cards_obtained":["Madness","Madness"]},{"damage_healed":0,"gold_gain":333,"player_choice":"Gave Idol","damage_taken":0,"max_hp_gain":0,"max_hp_loss":0,"event_name":"The Moai Head","floor":48,"relics_lost":["Golden Idol"],"gold_loss":0}],"is_beta":false,"boss_relics":[{"not_picked":["Runic Dome","Sozu"],"picked":"Mark of Pain"},{"not_picked":["Astrolabe","Coffee Dripper"],"picked":"Velvet Choker"}],"items_purged_floors":[],"is_endless":false,"potions_floor_spawned":[1,6,16,25,30,41],"killed_by":"Awakened One","ascension_level":0}}