{"host":"wj6vwlg8bkoql3lv","time":1610995626,"event":{"mods":["BaseMod","Colored Map","Downfall","Hermit","Jorbs\u0027s Wanderer Trilogy","Marisa????????","Minty Spire (QoL Compilation)","StSLib","The Bug Knight","The Cursed","The Disciple","The Hierophant","The Marked","The Runesmith","The Senshi","The Servant 0.9.4"],"gold_per_floor":[113,125,142,142,156,156,156,156,156,181,198,224,15,115,115,115,115],"floor_reached":16,"language":"ENG","playtime":1703,"items_purged":["theSenshi:SailorKick"],"score":110,"play_id":"a5a4b32e-fa3e-4e58-87b0-9e986159f598","local_time":"20210118184706","is_ascension_mode":false,"campfire_choices":[{"data":"theSenshi:MoonPrismPowerMakeUp","floor":6,"key":"SMITH"},{"data":"theSenshi:FatedKiss","floor":8,"key":"SMITH"},{"floor":15,"key":"REST"}],"circlet_count":0,"master_deck":["theSenshi:SailorKick","theSenshi:SailorKick","theSenshi:SailorKick","theSenshi:SailorBlock","theSenshi:SailorBlock","theSenshi:SailorBlock","theSenshi:SailorBlock","theSenshi:RoseThrow","theSenshi:MoonPrismPowerMakeUp+1","theSenshi:FatedKiss+1","theSenshi:VenusGlamour","theSenshi:EncouragingSpeech","theSenshi:SailorStarMakerAssists","theSenshi:SailorMercuryAssists","theSenshi:SailorBlock","theSenshi:SailorMarsAssists","theSenshi:MoonCrisisMakeUp","theSenshi:SailorMarsAssists","theSenshi:Sidestep","Flash of Steel"],"relics":["theSenshi:TransformationBroochRelic","Oddly Smooth Stone","Runesmith:Nanobots","Happy Flower"],"acts_visited":["Exordium"],"potions_floor_usage":[12,16,16],"damage_taken":[{"damage":0,"enemies":"Cultist","floor":1,"turns":4},{"damage":0,"enemies":"Small Slimes","floor":2,"turns":3},{"damage":0,"enemies":"2 Louse","floor":3,"turns":1},{"damage":12,"enemies":"Red Slaver","floor":5,"turns":6},{"damage":37,"enemies":"3 Sentries","floor":10,"turns":9},{"damage":2,"enemies":"Blue Slaver","floor":11,"turns":5},{"damage":16,"enemies":"Gremlin Nob","floor":12,"turns":4},{"damage":37,"enemies":"Slime Boss","floor":16,"turns":12}],"seed_played":"-3559632090431686046","potions_obtained":[{"floor":2,"key":"SteroidPotion"},{"floor":5,"key":"Guardian:BlockOnCardUsePotion"},{"floor":11,"key":"LiquidMemories"},{"floor":12,"key":"FearPotion"}],"is_trial":false,"path_per_floor":["M","M","M","?","M","R","?","R","T","E","M","E","$","?","R","B"],"character_chosen":"THE_SENSHI","items_purchased":["theSenshi:Sidestep","Flash of Steel"],"campfire_rested":1,"item_purchase_floors":[13,13],"current_hp_per_floor":[75,75,75,80,68,68,68,68,68,31,29,13,13,13,37,0,0],"gold":115,"neow_bonus":"ONE_RANDOM_RARE_CARD","is_daily":false,"chose_seed":false,"campfire_upgraded":2,"win_rate":0.0,"timestamp":1610995626,"path_taken":["M","M","?","?","M","R","?","R","T","E","?","E","$","?","R","BOSS"],"items_purchased_type":["Card","Card"],"build_version":"2020-12-22","purchased_purges":1,"victory":false,"max_hp_per_floor":[75,75,75,80,80,80,80,80,80,80,80,80,80,80,80,80,80],"card_choices":[{"not_picked":["theSenshi:EncouragingSpeech","theSenshi:SchoolBag"],"picked":"theSenshi:VenusGlamour","floor":1},{"not_picked":["theSenshi:TallSilhouette","theSenshi:SailorChibiMoonAssists"],"picked":"theSenshi:EncouragingSpeech","floor":2},{"not_picked":["theSenshi:SteeledNerves","theSenshi:MoonlightKnight"],"picked":"theSenshi:SailorStarMakerAssists","floor":3},{"not_picked":["theSenshi:MoonHealingEscalation","theSenshi:SupersonicWaves"],"picked":"theSenshi:SailorMercuryAssists","floor":5},{"not_picked":["theSenshi:KlutzyLuck","theSenshi:SailorPlanetAttack"],"picked":"theSenshi:SailorMarsAssists","floor":10},{"not_picked":["theSenshi:SailorVenusAssists","theSenshi:SailorChibiMoonAssists"],"picked":"theSenshi:MoonCrisisMakeUp","floor":11},{"not_picked":["theSenshi:RainbowMoonHeartAche","theSenshi:SailorMercuryAssists"],"picked":"theSenshi:SailorMarsAssists","floor":12}],"player_experience":60402,"relics_obtained":[{"floor":9,"key":"Oddly Smooth Stone"},{"floor":10,"key":"Runesmith:Nanobots"},{"floor":12,"key":"Happy Flower"}],"event_choices":[{"damage_healed":0,"gold_gain":0,"player_choice":"Donut","damage_taken":0,"max_hp_gain":5,"max_hp_loss":0,"event_name":"Big Fish","floor":4,"gold_loss":0},{"damage_healed":0,"gold_gain":0,"player_choice":"1 cards matched","damage_taken":0,"max_hp_gain":0,"max_hp_loss":0,"event_name":"Match and Keep!","floor":7,"gold_loss":0,"cards_obtained":["theSenshi:SailorBlock"]},{"damage_healed":0,"gold_gain":100,"player_choice":"Pray","damage_taken":0,"max_hp_gain":0,"max_hp_loss":0,"event_name":"Golden Shrine","floor":14,"gold_loss":0}],"is_beta":false,"boss_relics":[],"items_purged_floors":[13],"is_endless":false,"potions_floor_spawned":[2,5,11,12],"killed_by":"Slime Boss","ascension_level":0}}