{"host":"0hso8scipor0iz5a","time":1610989331,"event":{"mods":["Act Like it!","BaseMod","Better Altar","Better Match","Better Sensory Stone","Better Skull","Better Third Choice","Elementarium","Gensokyo","GifTheSpireLib","Hallownest","Hubris","Jedi Mod","Minty Spire (QoL Compilation)","Quarter Circle Forward PUNCH!","Replay The Spire","Reworked Bosses","StSLib"],"gold_per_floor":[111,111,111,136,150,150,179,179,179,212,212,212,212,225,225,225,225],"floor_reached":16,"language":"FRA","playtime":688,"items_purged":[],"score":153,"play_id":"c657525d-ad62-4bf8-845d-4f6e6d24c363","local_time":"20210118180211","is_ascension_mode":true,"campfire_choices":[{"data":"Eruption","floor":6,"key":"SMITH"},{"floor":11,"key":"REST"},{"data":"Replay:ManipulateFuture","floor":15,"key":"SMITH"}],"circlet_count":0,"master_deck":["Strike_P","Strike_P","Eruption+1","Vigilance","Replay:Vibes","Consecrate","Weave","InnerPeace","jedi:RedIncense","WindmillStrike","Tantrum","Hallownest:skillSlugHide","Hallownest:skillSlugHide","Hallownest:skillSlugHide","Hallownest:skillSlugHide","Hallownest:skillSlugHide","Replay:ManipulateFuture+1","Vault"],"relics":["PureWater","qcfpunch:Army_Boots","Happy Flower","Strawberry","StoneCalendar","Hallownest:DreamNailRelic"],"acts_visited":["Hallownest:Greenpath"],"potions_floor_usage":[16],"damage_taken":[{"damage":0,"enemies":"Hallownest:2_Baldur","floor":1,"turns":5},{"damage":0,"enemies":"Hallownest:monsterHuskWarrior","floor":5,"turns":3},{"damage":26,"enemies":"Hallownest:eliteCrystalGuardian","floor":7,"turns":6},{"damage":7,"enemies":"Hallownest:eliteVengeflyKing","floor":10,"turns":4},{"damage":0,"enemies":"Hallownest:2_Tiktiks_and_1_Crawlid","floor":14,"turns":2},{"damage":49,"enemies":"Hallownest:BossFalseKnight","floor":16,"turns":6}],"seed_played":"-3473201927314959296","potions_obtained":[{"floor":1,"key":"BlessingOfTheForge"}],"is_trial":false,"path_per_floor":["M","?","?","T","M","R","E","?","T","E","R","?","?","M","R","B"],"character_chosen":"WATCHER","items_purchased":[],"campfire_rested":1,"item_purchase_floors":[],"current_hp_per_floor":[51,51,51,51,51,51,25,25,32,25,48,48,48,48,48,0,0],"gold":225,"neow_bonus":"TRANSFORM_TWO_CARDS","is_daily":false,"chose_seed":false,"campfire_upgraded":2,"win_rate":0.0,"timestamp":1610989331,"path_taken":["M","?","?","?","?","R","E","?","T","E","R","?","?","?","R","BOSS"],"items_purchased_type":[],"build_version":"2020-12-22","purchased_purges":0,"victory":false,"max_hp_per_floor":[72,72,72,72,72,72,72,72,79,79,79,79,79,79,79,79,79],"card_choices":[{"not_picked":["Sanctity","SashWhip"],"picked":"Weave","floor":1},{"not_picked":["Jack Of All Trades","Panacea"],"picked":"jedi:RedIncense","floor":3},{"not_picked":["WaveOfTheHand","Evaluate"],"picked":"WindmillStrike","floor":5},{"not_picked":["FlyingSleeves","Indignation"],"picked":"Tantrum","floor":7},{"not_picked":["WaveOfTheHand","Protect"],"picked":"Replay:ManipulateFuture","floor":10},{"not_picked":["EmptyBody","BowlingBash","FollowUp"],"picked":"SKIP","floor":14}],"player_experience":1440013,"relics_obtained":[{"floor":4,"key":"qcfpunch:Army_Boots"},{"floor":7,"key":"Happy Flower"},{"floor":9,"key":"Strawberry"},{"floor":10,"key":"StoneCalendar"}],"event_choices":[{"damage_healed":0,"gold_gain":1,"player_choice":"1","damage_taken":0,"max_hp_gain":0,"max_hp_loss":0,"event_name":"betterStone:BetterStone","floor":3,"gold_loss":0}],"is_beta":false,"boss_relics":[],"items_purged_floors":[],"is_endless":false,"potions_floor_spawned":[1],"killed_by":"Hallownest:BossFalseKnight","ascension_level":5}}