{"host":"ydg0vn0pu4pubmdt","time":1610977454,"event":{"mods":["AchievementEnabler","BaseMod","Colored Map","Gold Saver","Minty Spire (QoL Compilation)","Quick Restart","SuperFastMode"],"gold_per_floor":[413,25,25,25,25,53,53,328,328,121,138,154,189,208,208,303,303,316,110,35,55,72,72,87,87,87,100,131,150,161,175,175,277,277,289,339,339,359,371,403,353,353,353,370,425,425,136,153,153,153],"floor_reached":51,"language":"KOR","playtime":1971,"items_purged":["Strike_G","Regret","Strike_G","Pain","Strike_G"],"score":1188,"play_id":"b5a55423-0809-4b0e-b476-2f63938e14ad","local_time":"20210118224414","is_ascension_mode":true,"campfire_choices":[{"data":"Die Die Die","floor":7.0,"key":"SMITH"},{"data":"Neutralize","floor":15.0,"key":"SMITH"},{"data":"Adrenaline","floor":23.0,"key":"SMITH"},{"data":"Accuracy","floor":32.0,"key":"SMITH"},{"data":"A Thousand Cuts","floor":42.0,"key":"SMITH"},{"data":"After Image","floor":49.0,"key":"SMITH"}],"circlet_count":0,"master_deck":["AscendersBane","Defend_G+1","Defend_G","Defend_G","Defend_G","Survivor","Neutralize+1","Bouncing Flask","Die Die Die+1","Footwork","PiercingWail","Blur","Poisoned Stab","Dagger Spray","Cloak And Dagger+1","Poisoned Stab","Bane","Adrenaline+1","Blade Dance","After Image+1","Accuracy+1","Concentrate+1","Cloak And Dagger+1","Bullet Time","A Thousand Cuts+1"],"relics":["Ring of the Serpent","TheAbacus","Incense Burner","Pantograph","Smiling Mask","Orrery","War Paint","Runic Pyramid","Akabeko","Nloth\u0027s Gift","HornCleat","Potion Belt","Bird Faced Urn","WarpedTongs","Darkstone Periapt","Mummified Hand","Unceasing Top","Sundial"],"acts_visited":["Exordium","TheCity","TheBeyond"],"potions_floor_usage":[50,50],"damage_taken":[{"damage":0.0,"enemies":"Cultist","floor":1.0,"turns":5.0},{"damage":11.0,"enemies":"Lagavulin","floor":6.0,"turns":6.0},{"damage":0.0,"enemies":"Small Slimes","floor":11.0,"turns":1.0},{"damage":1.0,"enemies":"Jaw Worm","floor":12.0,"turns":3.0},{"damage":10.0,"enemies":"3 Sentries","floor":13.0,"turns":4.0},{"damage":0.0,"enemies":"3 Louse","floor":14.0,"turns":2.0},{"damage":19.0,"enemies":"The Guardian","floor":16.0,"turns":9.0},{"damage":0.0,"enemies":"Chosen","floor":18.0,"turns":4.0},{"damage":0.0,"enemies":"Spheric Guardian","floor":21.0,"turns":4.0},{"damage":2.0,"enemies":"Cultist and Chosen","floor":22.0,"turns":7.0},{"damage":4.0,"enemies":"Centurion and Healer","floor":24.0,"turns":6.0},{"damage":0.0,"enemies":"Chosen and Byrds","floor":27.0,"turns":5.0},{"damage":0.0,"enemies":"Book of Stabbing","floor":28.0,"turns":6.0},{"damage":0.0,"enemies":"Sentry and Sphere","floor":29.0,"turns":5.0},{"damage":0.0,"enemies":"Cultist and Chosen","floor":30.0,"turns":6.0},{"damage":0.0,"enemies":"3 Cultists","floor":31.0,"turns":4.0},{"damage":0.0,"enemies":"Automaton","floor":33.0,"turns":8.0},{"damage":0.0,"enemies":"3 Darklings","floor":35.0,"turns":4.0},{"damage":0.0,"enemies":"Mind Bloom Boss Battle","floor":36.0,"turns":7.0},{"damage":10.0,"enemies":"Orb Walker","floor":38.0,"turns":3.0},{"damage":2.0,"enemies":"Transient","floor":39.0,"turns":5.0},{"damage":5.0,"enemies":"Nemesis","floor":40.0,"turns":7.0},{"damage":4.0,"enemies":"Writhing Mass","floor":44.0,"turns":6.0},{"damage":3.0,"enemies":"2 Orb Walkers","floor":45.0,"turns":4.0},{"damage":4.0,"enemies":"4 Shapes","floor":48.0,"turns":2.0},{"damage":13,"enemies":"Donu and Deca","floor":50,"turns":8}],"seed_played":"-1231261797816121017","potions_obtained":[{"floor":1.0,"key":"DistilledChaos"},{"floor":12.0,"key":"DistilledChaos"},{"floor":18.0,"key":"Block Potion"},{"floor":24.0,"key":"DuplicationPotion"},{"floor":27.0,"key":"SpeedPotion"},{"floor":29.0,"key":"Energy Potion"},{"floor":31.0,"key":"SkillPotion"},{"floor":38.0,"key":"EssenceOfSteel"},{"floor":40.0,"key":"SteroidPotion"},{"floor":45.0,"key":"Regen Potion"}],"is_trial":false,"path_per_floor":["M","$","?","?","T","E","R","?","T","$","M","M","E","M","R","B",null,"M","$","?","M","M","R","M","?","T","M","E","M","M","M","R","B",null,"M","?","?","M","M","E","$","R","T","M","?","?","$","M","R","B",null],"character_chosen":"THE_SILENT","items_purchased":["TheAbacus","Die Die Die","Orrery","Akabeko","Sundial"],"campfire_rested":0,"item_purchase_floors":[2,2,10,19,47],"current_hp_per_floor":[63,63,68,65,65,54,54,54,54,54,54,53,43,43,43,49,63,63,63,63,63,61,61,57,57,57,57,57,57,57,57,57,68,68,68,68,68,58,62,63,63,63,63,67,68,68,68,68,68,64],"gold":153,"neow_bonus":"REMOVE_TWO","is_daily":false,"chose_seed":false,"campfire_upgraded":6,"win_rate":0.0,"timestamp":1610977454,"path_taken":["M","$","?","?","?","E","R","?","T","$","M","?","E","M","R","BOSS","M","$","?","M","M","R","M","?","T","M","E","?","M","M","R","BOSS","M","?","?","?","?","E","$","R","T","M","?","?","$","M","R","BOSS"],"items_purchased_type":["Relic","Card","Relic","Relic","Relic"],"build_version":"2020-12-22","purchased_purges":5,"victory":true,"max_hp_per_floor":[63,63,68,68,68,68,68,68,68,68,68,68,68,68,68,68,68,68,68,68,68,68,68,68,68,68,68,68,68,68,68,68,68,68,68,68,68,68,68,68,68,68,68,68,68,68,68,68,68,68],"card_choices":[{"not_picked":["Sucker Punch","Acrobatics"],"picked":"Bouncing Flask","floor":1.0},{"not_picked":["Quick Slash","Outmaneuver"],"picked":"Footwork","floor":6.0},{"not_picked":["Dagger Throw","Crippling Poison"],"picked":"PiercingWail","floor":10.0},{"not_picked":["Terror","Escape Plan"],"picked":"Blur","floor":10.0},{"not_picked":["Quick Slash","Storm of Steel"],"picked":"Poisoned Stab","floor":10.0},{"not_picked":["Corpse Explosion","Underhanded Strike"],"picked":"Dagger Spray","floor":10.0},{"not_picked":["Choke","Catalyst"],"picked":"Cloak And Dagger","floor":10.0},{"not_picked":["Quick Slash","Skewer"],"picked":"Poisoned Stab","floor":11.0},{"not_picked":["Quick Slash","Tools of the Trade"],"picked":"Bane","floor":12.0},{"not_picked":["Caltrops","Deflect"],"picked":"Adrenaline","floor":13.0},{"not_picked":["Underhanded Strike","Dagger Throw"],"picked":"Blade Dance","floor":14.0},{"not_picked":["Unload","Wraith Form v2"],"picked":"After Image","floor":16.0},{"not_picked":["Cloak And Dagger","Deflect"],"picked":"Accuracy","floor":18.0},{"not_picked":["Finisher","Backflip","Heel Hook"],"picked":"SKIP","floor":21.0},{"not_picked":["Quick Slash","PiercingWail+1"],"picked":"Concentrate+1","floor":22.0},{"not_picked":["Masterful Stab","Outmaneuver","Slice+1"],"picked":"SKIP","floor":24.0},{"not_picked":["Deadly Poison","Slice+1","Quick Slash"],"picked":"SKIP","floor":27.0},{"not_picked":["Burst","Deadly Poison+1","A Thousand Cuts"],"picked":"SKIP","floor":28.0},{"not_picked":["Dagger Spray","PiercingWail","Leg Sweep"],"picked":"SKIP","floor":29.0},{"not_picked":["Leg Sweep","Eviscerate","Deflect"],"picked":"SKIP","floor":30.0},{"not_picked":["Prepared","Poisoned Stab"],"picked":"Cloak And Dagger+1","floor":31.0},{"not_picked":["Storm of Steel","Wraith Form v2"],"picked":"Bullet Time","floor":33.0},{"not_picked":["Dodge and Roll+1","Prepared","Caltrops"],"picked":"SKIP","floor":35.0},{"not_picked":["Dagger Spray+1","Bouncing Flask","Storm of Steel"],"picked":"SKIP","floor":38.0},{"not_picked":["Bane+1","Blade Dance","Caltrops+1"],"picked":"SKIP","floor":39.0},{"not_picked":["Crippling Poison+1","Venomology"],"picked":"A Thousand Cuts","floor":40.0},{"not_picked":["Backflip","Bane","Deadly Poison"],"picked":"SKIP","floor":44.0},{"not_picked":["Cloak And Dagger+1","Prepared","Acrobatics+1"],"picked":"SKIP","floor":48.0}],"player_experience":480295,"relics_obtained":[{"floor":5.0,"key":"Pantograph"},{"floor":6.0,"key":"Smiling Mask"},{"floor":9.0,"key":"Lizard Tail"},{"floor":13.0,"key":"War Paint"},{"floor":26.0,"key":"HornCleat"},{"floor":28.0,"key":"Potion Belt"},{"floor":36.0,"key":"Bird Faced Urn"},{"floor":40.0,"key":"Darkstone Periapt"},{"floor":43.0,"key":"Mummified Hand"},{"floor":45.0,"key":"Unceasing Top"}],"event_choices":[{"damage_healed":0.0,"max_hp_gain":5.0,"max_hp_loss":0.0,"gold_gain":0.0,"event_name":"Big Fish","player_choice":"Donut","floor":3.0,"gold_loss":0.0,"damage_taken":0.0},{"damage_healed":0.0,"max_hp_gain":0.0,"max_hp_loss":0.0,"gold_gain":0.0,"event_name":"Scrap Ooze","player_choice":"Success","floor":4.0,"gold_loss":0.0,"damage_taken":3.0,"relics_obtained":["Incense Burner"]},{"damage_healed":0.0,"max_hp_gain":0.0,"max_hp_loss":0.0,"gold_gain":275.0,"event_name":"Golden Shrine","player_choice":"Desecrate","floor":8.0,"gold_loss":0.0,"damage_taken":0.0,"cards_obtained":["Regret"]},{"cards_removed":["Strike_G"],"damage_healed":0.0,"max_hp_gain":0.0,"max_hp_loss":0.0,"gold_gain":0.0,"event_name":"Beggar","player_choice":"Gave Gold","floor":20.0,"gold_loss":75.0,"damage_taken":0.0},{"damage_healed":0.0,"max_hp_gain":0.0,"max_hp_loss":0.0,"gold_gain":0.0,"event_name":"N\u0027loth","player_choice":"Traded Relic","floor":25.0,"relics_lost":["Lizard Tail"],"gold_loss":0.0,"damage_taken":0.0,"relics_obtained":["Nloth\u0027s Gift"]},{"damage_healed":0.0,"max_hp_gain":0.0,"max_hp_loss":0.0,"gold_gain":0.0,"event_name":"MindBloom","player_choice":"Fight","floor":36.0,"gold_loss":0.0,"damage_taken":0.0},{"damage_healed":0.0,"max_hp_gain":0.0,"max_hp_loss":0.0,"gold_gain":0.0,"event_name":"Accursed Blacksmith","player_choice":"Rummage","floor":37.0,"gold_loss":0.0,"damage_taken":0.0,"relics_obtained":["WarpedTongs"],"cards_obtained":["Pain"]},{"damage_healed":0.0,"max_hp_gain":0.0,"max_hp_loss":0.0,"gold_gain":0.0,"event_name":"Mysterious Sphere","player_choice":"Fight","floor":45.0,"gold_loss":0.0,"damage_taken":0.0},{"damage_healed":0.0,"max_hp_gain":0.0,"max_hp_loss":0.0,"gold_gain":0.0,"event_name":"Tomb of Lord Red Mask","player_choice":"Ignored","floor":46.0,"gold_loss":0.0,"damage_taken":0.0}],"is_beta":false,"boss_relics":[{"not_picked":["Tiny House","Runic Dome"],"picked":"Runic Pyramid"},{"not_picked":["SlaversCollar","Philosopher\u0027s Stone"],"picked":"Ring of the Serpent"}],"items_purged_floors":[2,10,19,41,47],"is_endless":false,"potions_floor_spawned":[1,12,18,24,27,29,31,38,40,44,45],"ascension_level":11}}