{"host":"dcj2yvrgcvh5dl2s","time":1610983528,"event":{"mods":["BaseMod","Better Note","Block Reminder","Colored Powertips","DeckTracker","Minty Spire (QoL Compilation)","Quick Restart","Rare Cards Sparkle","Relic Stats","StSLib"],"gold_per_floor":[113,38,38,338,350,350,350],"floor_reached":6,"language":"ENG","playtime":290,"items_purged":["Strike_G"],"score":44,"play_id":"b277357e-5b65-44cc-b3b2-60fffaf37862","local_time":"20210119012528","is_ascension_mode":true,"campfire_choices":[],"circlet_count":0,"master_deck":["Strike_G","Strike_G","Strike_G","Strike_G","Defend_G","Defend_G","Defend_G","Defend_G","Defend_G","Survivor","Neutralize","Escape Plan","Regret","Blade Dance"],"relics":["Philosopher\u0027s Stone","Bronze Scales","Old Coin"],"acts_visited":["Exordium"],"potions_floor_usage":[],"damage_taken":[{"damage":0,"enemies":"Small Slimes","floor":1,"turns":3},{"damage":4,"enemies":"2 Louse","floor":5,"turns":2},{"damage":5,"enemies":"Lagavulin","floor":6,"turns":4}],"seed_played":"-8830619064167570276","potions_obtained":[{"floor":1,"key":"Block Potion"}],"is_trial":false,"path_per_floor":["M","$","?","?","M","E"],"character_chosen":"THE_SILENT","items_purchased":[],"campfire_rested":0,"item_purchase_floors":[],"current_hp_per_floor":[63,63,51,51,47,42,42],"gold":350,"neow_bonus":"BOSS_RELIC","is_daily":false,"chose_seed":false,"campfire_upgraded":0,"win_rate":0.0,"timestamp":1610983528,"path_taken":["M","$","?","?","M","E"],"items_purchased_type":[],"build_version":"2020-12-22","purchased_purges":1,"victory":false,"max_hp_per_floor":[70,70,70,70,70,70,70],"relic_stats":{"counters":[3,9],"Bronze Scales":[6],"obtain_stats":[{"Bronze Scales":3,"Philosopher\u0027s Stone":0,"Ring of the Snake":0,"Old Coin":4},{"Bronze Scales":1,"Philosopher\u0027s Stone":0,"Ring of the Snake":0,"Old Coin":1},{"Bronze Scales":3,"Philosopher\u0027s Stone":0,"Ring of the Snake":0,"Old Coin":3}]},"card_choices":[{"not_picked":["Tactician","Acrobatics"],"picked":"Escape Plan","floor":1},{"not_picked":["All Out Attack","Dagger Spray"],"picked":"Blade Dance","floor":5}],"player_experience":2246412,"relics_obtained":[],"event_choices":[{"damage_healed":0,"gold_gain":0,"player_choice":"Success","damage_taken":12,"relics_obtained":["Bronze Scales"],"max_hp_gain":0,"max_hp_loss":0,"event_name":"Scrap Ooze","floor":3,"gold_loss":0},{"damage_healed":0,"gold_gain":0,"player_choice":"Box","damage_taken":0,"relics_obtained":["Old Coin"],"max_hp_gain":0,"max_hp_loss":0,"event_name":"Big Fish","floor":4,"gold_loss":0,"cards_obtained":["Regret"]}],"is_beta":false,"boss_relics":[],"items_purged_floors":[2],"is_endless":false,"potions_floor_spawned":[1],"killed_by":"Lagavulin","ascension_level":6}}