{"host":"8aoim7owc9xd4zca","time":1610995387,"event":{"mods":["AchievementEnabler","BaseMod","Colored Powertips","Highlight Path","Minty Spire (QoL Compilation)","Permanent Neow","Rare Cards Sparkle","Replay The Spire","StSLib"],"gold_per_floor":[110,110,110,110,110,134,134,134,134],"floor_reached":8,"language":"ENG","playtime":267,"items_purged":[],"score":46,"play_id":"8f84aaeb-5f1a-46b4-b1e3-1ee63bb04614","local_time":"20210118104307","is_ascension_mode":true,"campfire_choices":[],"circlet_count":0,"master_deck":["Strike_B","Strike_B+1","Strike_B","Strike_B","Defend_B","Defend_B","Defend_B+1","Defend_B","Zap","Dualcast","Neutralize","Secret Weapon","Darkness","Double Energy","Skim"],"relics":["Cracked Core","Golden Idol"],"acts_visited":["Exordium"],"potions_floor_usage":[],"damage_taken":[{"damage":14,"enemies":"2 Louse","floor":1,"turns":3},{"damage":0,"enemies":"Cultist","floor":6,"turns":3},{"damage":39,"enemies":"Lagavulin","floor":8,"turns":5}],"seed_played":"9046754774119587437","potions_obtained":[],"is_trial":false,"path_per_floor":["M","?","?","PTL","PTL","M","?","E"],"character_chosen":"DEFECT","items_purchased":[],"campfire_rested":0,"item_purchase_floors":[],"current_hp_per_floor":[61,43,28,28,28,28,28,0,0],"gold":134,"neow_bonus":"RANDOM_COLORLESS_2","is_daily":false,"chose_seed":false,"campfire_upgraded":0,"win_rate":0.0,"timestamp":1610995387,"path_taken":["M","?","?","PTL","PTL","M","?","E"],"items_purchased_type":[],"build_version":"2020-12-22","purchased_purges":0,"victory":false,"max_hp_per_floor":[75,75,75,75,75,75,75,75,75],"card_choices":[{"not_picked":["Crow Ritual","ReplayTheSpireMod:Necrogeddon"],"picked":"Secret Weapon","floor":0},{"not_picked":["Sweeping Beam","Compile Driver"],"picked":"Darkness","floor":1},{"not_picked":["ReplayTheSpireMod:Repulse","Blizzard"],"picked":"Double Energy","floor":6}],"player_experience":259711,"relics_obtained":[],"event_choices":[{"damage_healed":0,"gold_gain":0,"player_choice":"Take Damage","damage_taken":18,"relics_obtained":["Golden Idol"],"max_hp_gain":0,"max_hp_loss":0,"event_name":"Golden Idol","floor":2,"gold_loss":0},{"damage_healed":0,"gold_gain":0,"player_choice":"Entered Light","damage_taken":15,"max_hp_gain":0,"max_hp_loss":0,"event_name":"Shining Light","floor":3,"gold_loss":0,"cards_upgraded":["Defend_B","Strike_B"]},{"damage_healed":0,"gold_gain":0,"cards_transformed":["Defend_R"],"player_choice":"Change","damage_taken":0,"max_hp_gain":0,"max_hp_loss":0,"event_name":"Living Wall","floor":7,"gold_loss":0,"cards_obtained":["Skim"]}],"is_beta":false,"boss_relics":[],"items_purged_floors":[],"is_endless":false,"potions_floor_spawned":[],"killed_by":"Lagavulin","ascension_level":1}}