{"host":"vex7walpoxzv48nx","time":1610932326,"event":{"mods":["BaseMod","Bestiary","Minty Spire (QoL Compilation)","Permanent Neow","Quick Restart","Relic Stats"],"gold_per_floor":[119,119,131,131,143,143,175,175,227,227,258,274,286,298,298,397,447,462,387,487,487,30,30,65,0,0,11,11,11,11,11,11,115,115,128,146,165,165,176,176,209,38,61,61,91,91,102,0,0,0,0,0,0,29,29],"floor_reached":56,"language":"ENG","playtime":4714,"items_purged":["Strike_P","Defend_P"],"score":1410,"play_id":"178675cc-f6e6-4f03-ab75-d5c83df67576","local_time":"20210118021206","is_ascension_mode":true,"campfire_choices":[{"data":"SignatureMove","floor":6.0,"key":"SMITH"},{"floor":8.0,"key":"REST"},{"data":"Vigilance","floor":10.0,"key":"SMITH"},{"data":"EmptyFist","floor":15.0,"key":"SMITH"},{"data":"JustLucky","floor":23.0,"key":"SMITH"},{"data":"MentalFortress","floor":30.0,"key":"SMITH"},{"data":"CutThroughFate","floor":32.0,"key":"SMITH"},{"floor":40.0,"key":"RECALL"},{"data":"TalkToTheHand","floor":44.0,"key":"SMITH"},{"data":"Tantrum","floor":46.0,"key":"SMITH"},{"data":"Consecrate","floor":49.0,"key":"SMITH"},{"data":"EmptyFist","floor":52.0,"key":"SMITH"}],"circlet_count":0,"master_deck":["Strike_P","Strike_P","Defend_P","Defend_P+1","Defend_P","Eruption+1","Vigilance+1","SignatureMove+1","JustLucky+1","Consecrate+1","MentalFortress+1","EmptyFist+1","Evaluate+1","EmptyFist+1","Scrawl+1","CutThroughFate+1","CrushJoints+1","Tantrum+1","Apotheosis+1","Halt+1","Crescendo+1","Ghostly+1","Ghostly+1","Ghostly+1","Ghostly+1","Ghostly+1","J.A.X.+1","Vault+1","Finesse+1","TalkToTheHand+1","Meditate+1","Worship+1","Parasite"],"relics":["PureWater","Unceasing Top","Bronze Scales","Toxic Egg 2","Juzu Bracelet","InkBottle","Tiny House","Happy Flower","Bottled Flame","Singing Bowl","Busted Crown","Potion Belt","Blood Vial","Red Mask","Yang"],"acts_visited":["Exordium","TheCity","TheBeyond","TheEnding"],"potions_floor_usage":[55],"damage_taken":[{"damage":0.0,"enemies":"2 Louse","floor":1.0,"turns":3.0},{"damage":10.0,"enemies":"Small Slimes","floor":3.0,"turns":2.0},{"damage":1.0,"enemies":"Jaw Worm","floor":5.0,"turns":2.0},{"damage":16.0,"enemies":"3 Sentries","floor":7.0,"turns":4.0},{"damage":0.0,"enemies":"Lagavulin","floor":11.0,"turns":3.0},{"damage":4.0,"enemies":"2 Fungi Beasts","floor":12.0,"turns":2.0},{"damage":0.0,"enemies":"Lots of Slimes","floor":13.0,"turns":3.0},{"damage":2.0,"enemies":"Blue Slaver","floor":14.0,"turns":2.0},{"damage":18.0,"enemies":"The Guardian","floor":16.0,"turns":11.0},{"damage":0.0,"enemies":"Spheric Guardian","floor":18.0,"turns":1.0},{"damage":0.0,"enemies":"Book of Stabbing","floor":24.0,"turns":1.0},{"damage":0.0,"enemies":"3 Byrds","floor":27.0,"turns":2.0},{"damage":1.0,"enemies":"Champ","floor":33.0,"turns":8.0},{"damage":0.0,"enemies":"Orb Walker","floor":35.0,"turns":1.0},{"damage":3.0,"enemies":"3 Shapes","floor":36.0,"turns":3.0},{"damage":0.0,"enemies":"Jaw Worm Horde","floor":37.0,"turns":4.0},{"damage":0.0,"enemies":"3 Darklings","floor":39.0,"turns":4.0},{"damage":1.0,"enemies":"Reptomancer","floor":41.0,"turns":3.0},{"damage":0.0,"enemies":"Nemesis","floor":45.0,"turns":3.0},{"damage":0.0,"enemies":"Writhing Mass","floor":47.0,"turns":3.0},{"damage":15.0,"enemies":"Time Eater","floor":50.0,"turns":10.0},{"damage":3,"enemies":"Shield and Spear","floor":54,"turns":6},{"damage":30,"enemies":"The Heart","floor":55,"turns":9}],"seed_played":"-5359302145154297790","potions_obtained":[{"floor":1.0,"key":"SneckoOil"},{"floor":5.0,"key":"LiquidMemories"},{"floor":13.0,"key":"AttackPotion"},{"floor":14.0,"key":"ColorlessPotion"},{"floor":24.0,"key":"SpeedPotion"},{"floor":35.0,"key":"GamblersBrew"},{"floor":39.0,"key":"BottledMiracle"},{"floor":45.0,"key":"GamblersBrew"},{"floor":47.0,"key":"Fire Potion"}],"is_trial":false,"path_per_floor":["M","?","M","?","M","R","E","R","T","R","E","M","M","M","R","B",null,"M","?","?","?","$","R","E","?","T","M","?","?","R","?","R","B",null,"M","M","M","?","M","R","E","$","T","R","E","R","M","?","R","B",null,"R","$","E","B",null],"character_chosen":"WATCHER","items_purchased":["Apotheosis+1","Happy Flower","Halt+1","Meditate+1"],"campfire_rested":1,"item_purchase_floors":[22,22,22,42],"current_hp_per_floor":[65,53,43,43,42,42,26,45,45,45,45,41,41,39,39,21,70,70,70,70,70,70,70,70,70,70,72,72,36,36,36,36,35,36,38,37,39,39,41,41,40,40,40,40,40,40,44,44,44,31,46,46,46,45,17],"gold":29,"neow_bonus":"ONE_RARE_RELIC","is_daily":false,"chose_seed":false,"campfire_upgraded":10,"win_rate":0.0,"timestamp":1610932326,"path_taken":["M","?","M","?","M","R","E","R","T","R","E","M","M","M","R","BOSS","M","?","?","?","$","R","E","?","T","M","?","?","R","?","R","BOSS","M","M","M","?","M","R","E","$","T","R","E","R","M","?","R","BOSS","R","$","E","BOSS"],"items_purchased_type":["Card","Relic","Card","Card"],"build_version":"2020-12-22","purchased_purges":2,"victory":true,"max_hp_per_floor":[65,65,65,65,65,65,65,65,65,65,65,65,65,65,65,65,70,70,70,70,70,70,70,70,70,70,72,72,36,36,36,36,36,36,38,40,42,42,44,44,44,44,44,44,44,44,46,46,46,46,46,46,46,48,48],"relic_stats":{"Blood Vial":6,"Busted Crown":18,"Happy Flower":[19],"Singing Bowl":14,"counters":[23,90],"Bronze Scales":[253],"Yang":[19],"Juzu Bracelet":2,"obtain_stats":[{"Potion Belt":41,"Tiny House":17,"Happy Flower":22,"Singing Bowl":26,"Yang":54,"Juzu Bracelet":9,"Blood Vial":45,"Bottled Flame":24,"Busted Crown":34,"Bronze Scales":2,"Red Mask":48,"PureWater":0,"Toxic Egg 2":7,"Unceasing Top":0,"InkBottle":11},{"Potion Belt":18,"Tiny House":9,"Happy Flower":10,"Singing Bowl":11,"Yang":22,"Juzu Bracelet":4,"Blood Vial":19,"Bottled Flame":11,"Busted Crown":13,"Bronze Scales":1,"Red Mask":20,"PureWater":0,"Toxic Egg 2":4,"Unceasing Top":0,"InkBottle":5},{"Potion Belt":59,"Tiny House":32,"Happy Flower":33,"Singing Bowl":34,"Yang":81,"Juzu Bracelet":11,"Blood Vial":62,"Bottled Flame":34,"Busted Crown":44,"Bronze Scales":3,"Red Mask":65,"PureWater":0,"Toxic Egg 2":11,"Unceasing Top":0,"InkBottle":14}],"Unceasing Top":[5],"InkBottle":[32]},"card_choices":[{"not_picked":["Adaptation","FlyingSleeves"],"picked":"SignatureMove","floor":1.0},{"not_picked":["Wireheading","ClearTheMind"],"picked":"JustLucky","floor":3.0},{"not_picked":["Worship","BattleHymn","Nirvana"],"picked":"SKIP","floor":5.0},{"not_picked":["Worship","BattleHymn","Nirvana"],"picked":"SKIP","floor":5.0},{"not_picked":["PathToVictory+1","CutThroughFate"],"picked":"Consecrate","floor":7.0},{"not_picked":["CrushJoints","Pray+1"],"picked":"MentalFortress","floor":11.0},{"not_picked":["JustLucky","Nirvana"],"picked":"EmptyFist","floor":12.0},{"not_picked":["LikeWater","EmptyFist"],"picked":"Evaluate+1","floor":13.0},{"not_picked":["FlyingSleeves","Nirvana"],"picked":"EmptyFist","floor":14.0},{"not_picked":["Establishment","Ragnarok"],"picked":"Scrawl+1","floor":16.0},{"not_picked":["Wireheading","FlurryOfBlows"],"picked":"CutThroughFate","floor":17.0},{"not_picked":["Consecrate+1","CutThroughFate"],"picked":"CrushJoints+1","floor":18.0},{"not_picked":["PathToVictory+1","Ragnarok"],"picked":"Crescendo+1","floor":24.0},{"not_picked":["CrushJoints","FlurryOfBlows","Crescendo+1"],"picked":"Singing Bowl","floor":27.0},{"not_picked":["Establishment","MasterReality"],"picked":"Vault+1","floor":33.0},{"not_picked":["CrushJoints+1"],"picked":"Singing Bowl","floor":35.0},{"not_picked":["CrushJoints+1"],"picked":"Singing Bowl","floor":36.0},{"not_picked":["Vengeance+1"],"picked":"Singing Bowl","floor":37.0},{"not_picked":[],"picked":"Finesse+1","floor":38.0},{"not_picked":["Sanctity+1"],"picked":"Singing Bowl","floor":39.0},{"not_picked":[],"picked":"TalkToTheHand","floor":41.0},{"not_picked":[],"picked":"Worship+1","floor":45.0},{"not_picked":["EmptyBody+1"],"picked":"Singing Bowl","floor":47.0},{"not_picked":["Indignation+1"],"picked":"Singing Bowl","floor":54}],"player_experience":170188,"relics_obtained":[{"floor":7.0,"key":"Toxic Egg 2"},{"floor":9.0,"key":"Juzu Bracelet"},{"floor":11.0,"key":"InkBottle"},{"floor":24.0,"key":"Bottled Flame"},{"floor":26.0,"key":"Singing Bowl"},{"floor":41.0,"key":"Potion Belt"},{"floor":45.0,"key":"Blood Vial"},{"floor":54,"key":"Yang"}],"event_choices":[{"damage_healed":0.0,"max_hp_gain":0.0,"max_hp_loss":0.0,"gold_gain":0.0,"event_name":"Scrap Ooze","player_choice":"Success","floor":2.0,"gold_loss":0.0,"damage_taken":12.0,"relics_obtained":["Bronze Scales"]},{"damage_healed":0.0,"max_hp_gain":0.0,"max_hp_loss":0.0,"gold_gain":0.0,"event_name":"Living Wall","player_choice":"Grow","floor":4.0,"gold_loss":0.0,"damage_taken":0.0,"cards_upgraded":["Eruption"]},{"cards_removed":["Strike_P"],"damage_healed":0.0,"max_hp_gain":0.0,"max_hp_loss":0.0,"gold_gain":0.0,"event_name":"Beggar","player_choice":"Gave Gold","floor":19.0,"gold_loss":75.0,"damage_taken":0.0},{"damage_healed":0.0,"max_hp_gain":0.0,"max_hp_loss":0.0,"gold_gain":100.0,"event_name":"Golden Shrine","player_choice":"Pray","floor":20.0,"gold_loss":0.0,"damage_taken":0.0},{"damage_healed":0.0,"max_hp_gain":0.0,"max_hp_loss":0.0,"gold_gain":0.0,"event_name":"The Library","player_choice":"Read","floor":21.0,"gold_loss":0.0,"damage_taken":0.0,"cards_obtained":["Tantrum"]},{"damage_healed":0.0,"max_hp_gain":0.0,"max_hp_loss":0.0,"gold_gain":0.0,"event_name":"Masked Bandits","player_choice":"Paid Fearfully","floor":25.0,"gold_loss":65.0,"damage_taken":0.0},{"damage_healed":0.0,"max_hp_gain":0.0,"max_hp_loss":36.0,"gold_gain":0.0,"event_name":"Ghosts","player_choice":"Became a Ghost","floor":29.0,"gold_loss":0.0,"damage_taken":0.0,"cards_obtained":["Ghostly","Ghostly","Ghostly","Ghostly","Ghostly"]},{"damage_healed":0.0,"max_hp_gain":0.0,"max_hp_loss":0.0,"gold_gain":0.0,"event_name":"Drug Dealer","player_choice":"Obtain J.A.X.","floor":31.0,"gold_loss":0.0,"damage_taken":0.0,"cards_obtained":["J.A.X."]},{"damage_healed":0.0,"max_hp_gain":0.0,"max_hp_loss":0.0,"gold_gain":0.0,"event_name":"SensoryStone","player_choice":"Memory 1","floor":38.0,"gold_loss":0.0,"damage_taken":0.0},{"damage_healed":0.0,"max_hp_gain":0.0,"max_hp_loss":0.0,"gold_gain":0.0,"event_name":"Tomb of Lord Red Mask","player_choice":"Paid","floor":48.0,"gold_loss":102.0,"damage_taken":0.0,"relics_obtained":["Red Mask"]}],"is_beta":false,"boss_relics":[{"not_picked":["Calling Bell","SacredBark"],"picked":"Tiny House"},{"not_picked":["Sozu","SlaversCollar"],"picked":"Busted Crown"}],"items_purged_floors":[22,42],"is_endless":false,"potions_floor_spawned":[1,5,13,14,18,24,35,39,45,47],"ascension_level":1}}