{"host":"h5acbxt0wmjo1kpm","time":1610964879,"event":{"mods":["2.2 Compatiblity","Act Like it!","AlwaysNeverKeys","Aspiration","Bard","Bartender","BaseMod","Better Third Choice","Colored Map","Elementarium","Gensokyo","GifTheSpireLib","Hallownest","Marisa????????","Menagerie","Minty Spire (QoL Compilation)","Permanent Neow","Potionbrewer","Quick Restart","Relic Filter","Replay The Spire","Robot Space Explorer","RumiaBox-????????","Shade Mod","Spicy Shops","StSLib","Strawberry Spire","The Blackbeard","The Dragon Tamer","The Gatherer","The Hayseed","The Problem Sleuth","The Servant 0.9.4","Wandering Minibosses","vexMod"],"gold_per_floor":[111,191,44,59,372,372,403,403,403,630,38,66,66,66,66,143,143,156,156,156,174,184,184,213,233,301,328,339,339,10,67,67,146,146,158,158,40,56,18,18,45,79,79,91,91,117,134,145,145,145,145,145,44,77,77],"floor_reached":56,"language":"ENG","playtime":4320,"items_purged":["ReplayTheSpireMod:Speed Training"],"score":2338,"play_id":"7c2ea13f-aebf-4c46-b95c-0b6891a47200","local_time":"20210118021439","is_ascension_mode":true,"metric_token":2257,"campfire_choices":[{"data":"Gatherer:StoneFence","floor":6.0,"key":"SMITH"},{"floor":8.0,"key":"REST"},{"data":"Gatherer:Transmute","floor":13.0,"key":"SMITH"},{"data":"Gatherer:Centralize","floor":15,"key":"SMITH"},{"data":"Gatherer:TacticalStrike","floor":23,"key":"SMITH"},{"data":"Night Terror","floor":40,"key":"SMITH"},{"data":"SatelliteIllusion","floor":45,"key":"SMITH"},{"floor":49,"key":"RECALL"},{"data":"Gatherer:ScentOfRosmari","floor":52,"key":"SMITH"}],"circlet_count":1,"master_deck":["AscendersBane","Gatherer:Strike_Gatherer","Gatherer:Strike_Gatherer","Gatherer:Strike_Gatherer","Gatherer:Strike_Gatherer","Gatherer:Strike_Gatherer","Gatherer:Defend_Gatherer","Gatherer:Defend_Gatherer","Gatherer:Centralize+1","Gatherer:FlowerWhip+1","Gatherer:FruitForce+1","Gatherer:TacticalStrike+1","Gatherer:WoolGloves","Gatherer:StoneFence+1","Gatherer:FlowerShield+1","Gatherer:Transmute","Gatherer:FruitForce+1","Gatherer:FruitForce+1","Gatherer:Transmute+1","Gatherer:HeartToFruit","Gatherer:WoolGloves","Gatherer:BambuSword+1","Gatherer:VenomBarrier+1","Gatherer:GlowingPlant","Gatherer:Shadow","Gatherer:Light","Gatherer:GatherMaterial","Gatherer:GlowingPlant","Gatherer:Shadow","Gatherer:Light+1","Gatherer:ScherryThrow","Gatherer:ScentOfRosmari+1","Gatherer:AlchemyTrial","Gatherer:BlackTea","Gatherer:GlowingPlant+1","Gatherer:Shadow","Gatherer:Light","Night Terror+1","SatelliteIllusion+1","Gatherer:TacticalStrike+1","BlazeAway+1","Gatherer:SaveValuables","Gatherer:ScherryThrow"],"relics":["strawberrySpire:SolarisEssence","The Courier","strawberrySpire:DirtyLipstick","vexMod:Dragonfruit","Gambling Chip","Replay:Bottled Eggs","Circlet","strawberrySpire:ElefentMask","Tiny Chest","Dream Catcher","aspiration:PoetsPen","Kunai","Boot","Bag of Preparation","Replay:Wax Seal","Incense Burner","wanderingMiniBosses:ThiefScarf","aspiration:MarisaSkillbook","Strange Spoon","Smiling Mask","Cleaning_Rag","Gatherer:FloralEgg","Replay:Mystery Machine","Replay:Rubber Ducky","Replay:Baseball"],"acts_visited":["Gensokyo:Gensokyo","Hallownest:CityofTears","Gensokyo:Gensokyoest","TheEnding"],"potions_floor_usage":[18,21,24,24,31,47,54,55],"damage_taken":[{"damage":0.0,"enemies":"Gensokyo:3_Fairies","floor":1.0,"turns":5.0},{"damage":4.0,"enemies":"Gensokyo:2_Kodama","floor":4.0,"turns":5.0},{"damage":2.0,"enemies":"Gensokyo:Python","floor":5.0,"turns":4.0},{"damage":53.0,"enemies":"Gensokyo:Aya","floor":7.0,"turns":9.0},{"damage":0.0,"enemies":"Gensokyo:Mamizou","floor":10.0,"turns":5.0},{"damage":0.0,"enemies":"Gensokyo:Cirno","floor":12.0,"turns":5.0},{"damage":15,"enemies":"Gensokyo:Kokoro","floor":16,"turns":7},{"damage":11,"enemies":"Hallownest:Guard_and_Sentry","floor":18,"turns":3},{"damage":4,"enemies":"Hallownest:3_Youths","floor":21,"turns":4},{"damage":3,"enemies":"Hallownest:2_Husk_Sentries","floor":22,"turns":2},{"damage":11,"enemies":"Hallownest:eliteWatcherKnight","floor":24,"turns":7},{"damage":0,"enemies":"Hallownest:Master_and_Novice","floor":25,"turns":2},{"damage":0,"enemies":"Hallownest:Nosk","floor":27,"turns":7},{"damage":10,"enemies":"Hallownest:3_Mistakes","floor":28,"turns":4},{"damage":0,"enemies":"Hallownest:Glutton_and_Coward","floor":31,"turns":4},{"damage":0,"enemies":"Hallownest:BossSoulMaster","floor":33,"turns":5},{"damage":0,"enemies":"Gensokyo:3_Boulders","floor":35,"turns":3},{"damage":0,"enemies":"Gensokyo:AncientGuardian","floor":38,"turns":2},{"damage":18,"enemies":"Gensokyo:Kasen","floor":42,"turns":5},{"damage":0,"enemies":"Gensokyo:SeedOfUnknown","floor":44,"turns":3},{"damage":0,"enemies":"Gensokyo:Doremy","floor":46,"turns":4},{"damage":6,"enemies":"Gensokyo:4_Bats","floor":47,"turns":3},{"damage":0,"enemies":"Gensokyo:3_Boulders","floor":48,"turns":2},{"damage":21,"enemies":"Gensokyo:Scarlet_Devils","floor":50,"turns":3},{"damage":0,"enemies":"Shield and Spear","floor":54,"turns":3},{"damage":1,"enemies":"The Heart","floor":55,"turns":5}],"seed_played":"361252310061630840","potions_obtained":[{"floor":1.0,"key":"SteroidPotion"},{"floor":7.0,"key":"Regen Potion"},{"floor":16,"key":"GamblersBrew"},{"floor":18,"key":"BottledMiracle"},{"floor":22,"key":"SkillPotion"},{"floor":27,"key":"Ancient Potion"},{"floor":28,"key":"Energy Potion"},{"floor":38,"key":"BloodPotion"},{"floor":48,"key":"Milkshake"},{"floor":54,"key":"Flashbang"}],"is_trial":false,"path_per_floor":["M","?","COS","M","M","R","E","R","T","E","$","?","R","?","R","B",null,"M","?","T","M","M","R","E","M","T","E","M","?","$","M","R_BF","B",null,"M","?","$","M","COS","R","T","E","T","M","R","E","M","M","R","B",null,"R","$","E","B",null],"character_chosen":"THE_GATHERER","items_purchased":["Gatherer:FruitForce","Replay:Bottled Eggs","StSpp:Dice","strawberrySpire:ElefentMask","Tiny Chest","Replay:Wax Seal","Incense Burner","Gatherer:ScentOfRosmari","Strange Spoon","Gatherer:SaveValuables","potionbrewer:CleansingPotion"],"campfire_rested":1,"item_purchase_floors":[11,11,11,11,11,30,30,30,37,53,53],"current_hp_per_floor":[64,64,64,60,58,58,5,26,31,31,39,39,39,39,39,24,69,81,81,81,80,81,81,74,74,74,78,68,68,68,68,98,98,102,105,105,105,105,105,105,105,87,87,90,90,90,87,87,87,66,101,101,101,112,111],"gold":77,"neow_bonus":"BOSS_RELIC","is_daily":false,"chose_seed":false,"campfire_upgraded":7,"win_rate":0.0,"timestamp":1610964879,"path_taken":["M","?","COS","M","M","R","E","R","T","E","$","?","R","?","R","BOSS","M","?","?","M","M","R","E","M","T","E","M","?","$","M","R_BF","BOSS","M","?","$","?","COS","R","?","E","T","M","R","E","M","M","R","BOSS","R","$","E","BOSS"],"items_purchased_type":["Card","Relic","Potion","Relic","Relic","Relic","Relic","Card","Relic","Card","Potion"],"build_version":"2020-12-22","purchased_purges":1,"victory":true,"max_hp_per_floor":[71,71,71,71,71,71,71,71,76,76,84,84,84,84,84,84,84,88,88,88,91,95,95,99,99,99,103,103,103,103,103,103,103,103,106,106,106,106,106,106,106,106,106,109,109,109,112,112,112,112,112,112,112,112,112],"card_choices":[{"not_picked":["Gatherer:FlowerShield","Gatherer:VenomBarrier"],"picked":"Gatherer:FruitForce","floor":1.0},{"not_picked":["Gatherer:WitheringStrike","Gatherer:AcidicSpray"],"picked":"Gatherer:TacticalStrike","floor":4.0},{"not_picked":["Gatherer:Herbalism","Gatherer:FeelingFine"],"picked":"Gatherer:WoolGloves","floor":5.0},{"not_picked":["Gatherer:ColorfulGarden","Gatherer:LuckyClover"],"picked":"Gatherer:StoneFence","floor":5.0},{"not_picked":["Gatherer:CollectorsShot","Gatherer:WoolGloves"],"picked":"Gatherer:FlowerShield","floor":7.0},{"not_picked":["Gatherer:RecipeChange","Gatherer:Duality"],"picked":"Gatherer:Transmute","floor":10.0},{"not_picked":["Gatherer:FlowerPower","Gatherer:Frenzy"],"picked":"Gatherer:Transmute","floor":12.0},{"not_picked":["Gatherer:Bulldoze","Gatherer:Photoscythe"],"picked":"Gatherer:HeartToFruit","floor":16},{"not_picked":["Gatherer:EchoOfNature","Gatherer:FeelingFine"],"picked":"Gatherer:WoolGloves","floor":18},{"not_picked":["Gatherer:EnergyBasket+1","Gatherer:AromaProtection"],"picked":"Gatherer:BambuSword+1","floor":21},{"not_picked":["Gatherer:BigPouch","Gatherer:FragileHammer"],"picked":"Gatherer:VenomBarrier+1","floor":22},{"not_picked":["Gatherer:ScrollOfWall","Gatherer:Snatch"],"picked":"Gatherer:GlowingPlant","floor":24},{"not_picked":["Gatherer:EchoOfNature","Gatherer:DrugPower"],"picked":"Gatherer:GatherMaterial","floor":25},{"not_picked":["Gatherer:Pollute","Gatherer:FlowerBeam+1"],"picked":"Gatherer:GlowingPlant","floor":27},{"not_picked":["Gatherer:EnergyBasket","Gatherer:FlowerPower"],"picked":"Gatherer:ScherryThrow","floor":28},{"not_picked":["Gatherer:MiningStrike","Gatherer:Liquidism"],"picked":"Gatherer:AlchemyTrial","floor":31},{"not_picked":["Gatherer:FinishingStrike","Gatherer:Photoscythe"],"picked":"Gatherer:BlackTea","floor":33},{"not_picked":["Gatherer:ScrollOfWall+1","SporeBomb","Gatherer:Solidify"],"picked":"Gatherer:GlowingPlant+1","floor":35},{"not_picked":["IllusionStar","DC","Gatherer:MiningStrike","NonDirectionalLaser+1"],"picked":"SKIP","floor":38},{"not_picked":["ShootingEcho+1","NonDirectionalLaser","Gatherer:Bulldoze"],"picked":"SatelliteIllusion","floor":42},{"not_picked":["WitchOfGreed+1","Gatherer:CollectorsShot","Gatherer:Snatch"],"picked":"Gatherer:TacticalStrike+1","floor":44},{"not_picked":["Gatherer:RecoveryHerb+1","NonDirectionalLaser","Gatherer:EnergyBasket","Gatherer:CollectorsShot"],"picked":"SKIP","floor":46},{"not_picked":["PowerUp","Gatherer:QuickSynthesis","Gatherer:DrugPower+1"],"picked":"BlazeAway+1","floor":47},{"not_picked":["Gatherer:FlowerPower","MachineGunSpark","Gatherer:AromaProtection","Gatherer:SmartManeuver"],"picked":"SKIP","floor":48},{"not_picked":["AsteroidBelt+1","IllusionStar","AlicesGift+1"],"picked":"Gatherer:ScherryThrow","floor":54}],"player_experience":2215444,"relics_obtained":[{"floor":7.0,"key":"strawberrySpire:DirtyLipstick"},{"floor":9.0,"key":"vexMod:Dragonfruit"},{"floor":10.0,"key":"Gambling Chip"},{"floor":12.0,"key":"Dream Catcher"},{"floor":20,"key":"Kunai"},{"floor":24,"key":"Boot"},{"floor":27,"key":"Bag of Preparation"},{"floor":31,"key":"wanderingMiniBosses:ThiefScarf"},{"floor":41,"key":"Smiling Mask"},{"floor":42,"key":"Cleaning_Rag"},{"floor":43,"key":"Gatherer:FloralEgg"},{"floor":46,"key":"Replay:Rubber Ducky"},{"floor":54,"key":"Replay:Baseball"}],"event_choices":[],"is_beta":false,"boss_relics":[{"not_picked":["Silver_Glasses","Velvet Choker"],"picked":"aspiration:PoetsPen"},{"not_picked":["Circlet","Busted Crown"],"picked":"aspiration:MarisaSkillbook"}],"items_purged_floors":[37],"is_endless":false,"potions_floor_spawned":[1,7,16,18,22,27,28,38,42,44,48,54],"ascension_level":15}}