{"host":"qrbkigq52dd42dk0","time":1610972728,"event":{"mods":["AchievementEnabler","BaseMod","Colored Map","Colored Powertips","Minty Spire (QoL Compilation)","Quick Restart","StSLib","SuperFastMode","The IronCluck"],"gold_per_floor":[115,129,149,169,169,204,204,237,291,361,373,373,153,10,10,114,114,130,143,22,41,55,55,55,55,55,154,77,177,27,37,37,37,37],"floor_reached":33,"language":"ENG","playtime":1056,"items_purged":["Strike_R","Writhe"],"score":445,"play_id":"b3f613b9-7d06-42f1-a029-67b64eda8235","local_time":"20210118132528","is_ascension_mode":true,"campfire_choices":[{"data":"Armaments","floor":7.0,"key":"SMITH"},{"floor":12.0,"key":"REST"},{"data":"Spot Weakness","floor":15.0,"key":"SMITH"},{"data":"Heavy Blade","floor":23.0,"key":"SMITH"},{"floor":25.0,"key":"REST"},{"floor":32.0,"key":"REST"}],"circlet_count":0,"master_deck":["AscendersBane","Strike_R","Strike_R","Strike_R+1","Strike_R+1","Defend_R","Defend_R","Defend_R","Defend_R","Bash","Armaments+1","Feed","Spot Weakness+1","Inflame","Offering","Heavy Blade+1","Injury","Shrug It Off+1","Panacea+1"],"relics":["Burning Blood","Blood Vial","Mummified Hand","HornCleat","Pen Nib","Blue Candle","PreservedInsect","Membership Card","Cursed Key","Toxic Egg 2","Happy Flower","Magic Flower","The Courier","Turnip"],"acts_visited":["Exordium","TheCity"],"potions_floor_usage":[33,33],"damage_taken":[{"damage":6.0,"enemies":"Cultist","floor":1.0,"turns":3.0},{"damage":0.0,"enemies":"Small Slimes","floor":2.0,"turns":3.0},{"damage":12.0,"enemies":"Jaw Worm","floor":3.0,"turns":3.0},{"damage":29.0,"enemies":"Exordium Wildlife","floor":4.0,"turns":8.0},{"damage":20.0,"enemies":"Gremlin Nob","floor":6.0,"turns":4.0},{"damage":22.0,"enemies":"3 Sentries","floor":8.0,"turns":9.0},{"damage":8.0,"enemies":"3 Louse","floor":11.0,"turns":5.0},{"damage":27.0,"enemies":"The Guardian","floor":16.0,"turns":12.0},{"damage":23.0,"enemies":"2 Thieves","floor":18.0,"turns":3.0},{"damage":6.0,"enemies":"Spheric Guardian","floor":19.0,"turns":3.0},{"damage":33.0,"enemies":"Snecko","floor":21.0,"turns":4.0},{"damage":24.0,"enemies":"Snake Plant","floor":22.0,"turns":4.0},{"damage":34.0,"enemies":"Colosseum Slavers","floor":29.0,"turns":3.0},{"damage":8.0,"enemies":"Colosseum Nobs","floor":29.0,"turns":4.0},{"damage":17.0,"enemies":"Chosen and Byrds","floor":31.0,"turns":6.0},{"damage":141,"enemies":"Automaton","floor":33,"turns":12}],"seed_played":"8580795604256075739","potions_obtained":[{"floor":1.0,"key":"Swift Potion"},{"floor":4.0,"key":"Explosive Potion"},{"floor":6.0,"key":"Dexterity Potion"},{"floor":19.0,"key":"GamblersBrew"},{"floor":21.0,"key":"Dexterity Potion"},{"floor":31.0,"key":"Regen Potion"}],"is_trial":false,"path_per_floor":["M","M","M","M","?","E","R","E","T","T","M","R","$","$","R","B",null,"M","M","$","M","M","R","?","R","T","?","$","?","$","M","R","B"],"character_chosen":"IRONCLAD","items_purchased":["PreservedInsect","Membership Card","Toxic Egg 2","Shrug It Off+1","Turnip","Panacea+1"],"campfire_rested":3,"item_purchase_floors":[13,14,20,28,30,30],"current_hp_per_floor":[74,80,74,53,37,25,25,14,14,14,17,42,42,42,42,27,74,62,64,64,43,30,30,30,60,60,60,60,41,41,41,74,0,0],"gold":37,"neow_bonus":"RANDOM_COMMON_RELIC","is_daily":false,"chose_seed":false,"campfire_upgraded":3,"win_rate":0.0,"timestamp":1610972728,"path_taken":["M","M","?","?","?","E","R","E","T","?","M","R","?","$","R","BOSS","M","M","$","M","M","R","?","R","T","?","?","?","?","?","R","BOSS"],"items_purchased_type":["Relic","Relic","Relic","Card","Relic","Card"],"build_version":"2020-12-22","purchased_purges":2,"victory":false,"max_hp_per_floor":[80,80,80,80,80,80,80,83,83,83,86,86,86,86,86,90,90,93,93,93,97,100,100,100,100,100,100,100,107,107,110,110,110,110],"card_choices":[{"not_picked":["Wild Strike","Fire Breathing","Dark Embrace"],"picked":"SKIP","floor":1.0},{"not_picked":["Havoc","Flex","Sever Soul"],"picked":"SKIP","floor":2.0},{"not_picked":["Juggernaut","Sever Soul"],"picked":"Armaments","floor":3.0},{"not_picked":["Headbutt","True Grit","Warcry"],"picked":"SKIP","floor":4.0},{"not_picked":["Evolve","Sword Boomerang"],"picked":"Feed","floor":6.0},{"not_picked":["Anger","Cleave"],"picked":"Spot Weakness","floor":8.0},{"not_picked":["Shrug It Off","Clothesline"],"picked":"Inflame","floor":11.0},{"not_picked":["Reaper","Berserk"],"picked":"Offering","floor":16.0},{"not_picked":["Cleave+1","Flex","Wild Strike"],"picked":"SKIP","floor":18.0},{"not_picked":["Sever Soul","Wild Strike+1","Cleave"],"picked":"SKIP","floor":19.0},{"not_picked":["Body Slam","Iron Wave","Carnage"],"picked":"SKIP","floor":21.0},{"not_picked":["True Grit+1","Sword Boomerang+1"],"picked":"Heavy Blade","floor":22.0},{"not_picked":["Sword Boomerang","Anger","Wild Strike"],"picked":"SKIP","floor":31.0}],"player_experience":162689,"relics_obtained":[{"floor":6.0,"key":"Mummified Hand"},{"floor":8.0,"key":"HornCleat"},{"floor":9.0,"key":"Pen Nib"},{"floor":10.0,"key":"Blue Candle"},{"floor":29.0,"key":"Magic Flower"},{"floor":29.0,"key":"The Courier"}],"event_choices":[{"damage_healed":0.0,"max_hp_gain":0.0,"max_hp_loss":0.0,"gold_gain":0.0,"event_name":"Shining Light","player_choice":"Entered Light","floor":5.0,"gold_loss":0.0,"damage_taken":16.0,"cards_upgraded":["Strike_R","Strike_R"]},{"damage_healed":0.0,"max_hp_gain":0.0,"max_hp_loss":0.0,"gold_gain":0.0,"event_name":"The Mausoleum","player_choice":"Opened","floor":24.0,"gold_loss":0.0,"damage_taken":0.0,"relics_obtained":["Happy Flower"],"cards_obtained":["Writhe"]},{"damage_healed":0.0,"max_hp_gain":0.0,"max_hp_loss":0.0,"gold_gain":99.0,"event_name":"Nest","player_choice":"Stole From Cult","floor":27.0,"gold_loss":0.0,"damage_taken":0.0},{"damage_healed":0.0,"max_hp_gain":0.0,"max_hp_loss":0.0,"gold_gain":0.0,"event_name":"Colosseum","player_choice":"Fight","floor":29.0,"gold_loss":0.0,"damage_taken":0.0},{"damage_healed":0.0,"max_hp_gain":0.0,"max_hp_loss":0.0,"gold_gain":0.0,"event_name":"Colosseum","player_choice":"Fought Nobs","floor":29.0,"gold_loss":0.0,"damage_taken":0.0}],"is_beta":false,"boss_relics":[{"not_picked":["Busted Crown","Tiny House"],"picked":"Cursed Key"}],"items_purged_floors":[13,28],"is_endless":false,"potions_floor_spawned":[1,4,6,19,21,31],"killed_by":"Automaton","ascension_level":11}}