{"host":"p245q48pmopyklqs","time":1610947890,"event":{"mods":["BaseMod","DeckTracker","Downfall","Minty Spire (QoL Compilation)","StSLib","SuperFastMode"],"gold_per_floor":[0,12,25,200,200,200,276,291,291,307,307,79,105,120,136,136,136,136],"floor_reached":16,"language":"ENG","playtime":1450,"items_purged":["champ:Strike"],"score":102,"play_id":"9a935edf-8970-4864-85fb-2c227785bf3a","local_time":"20210118143130","is_ascension_mode":false,"campfire_choices":[{"data":"champ:EndlessRage","floor":1,"key":"SMITH"},{"data":"champ:Backstep","floor":6,"key":"SMITH"},{"data":"champ:Taunt","floor":9,"key":"SMITH"}],"circlet_count":0,"master_deck":["champ:Strike","champ:Defend","champ:Defend","champ:Defend","champ:Execute","champ:Taunt+1","champ:VampiricStrike","champ:EndlessRage+1","champ:Backstep+1","champ:Shatter","champ:SkillfulDodge","champ:StanceDance","champ:ShieldWall","champ:UltimateStance","champ:ShieldWall"],"relics":["champ:ChampionCrown","White Beast Statue","Singing Bowl"],"acts_visited":["Exordium"],"potions_floor_usage":[13,16],"damage_taken":[{"damage":18,"enemies":"Jaw Worm","floor":2,"turns":3},{"damage":0,"enemies":"2 Louse","floor":3,"turns":4},{"damage":10,"enemies":"Small Slimes","floor":8,"turns":4},{"damage":10,"enemies":"Red Slaver","floor":10,"turns":5},{"damage":25,"enemies":"downfall:FleeingMerchant","floor":12,"turns":4},{"damage":42,"enemies":"3 Sentries","floor":13,"turns":12},{"damage":24,"enemies":"Exordium Wildlife","floor":14,"turns":4},{"damage":26,"enemies":"Large Slime","floor":15,"turns":6},{"damage":57,"enemies":"SI_SHIV_ARCHETYPE","floor":16,"turns":7}],"seed_played":"-1720985931830614016","potions_obtained":[{"floor":8,"key":"BlessingOfTheForge"},{"floor":10,"key":"champ:TechniquePotion"},{"floor":12,"key":"Explosive Potion"},{"floor":13,"key":"champ:UltimateStancePotion"},{"floor":14,"key":"Energy Potion"}],"is_trial":false,"path_per_floor":["R","M","M","?","?","R","T","M","R","M","?","$","E","M","M","B"],"character_chosen":"THE_CHAMP","items_purchased":["champ:UltimateStance"],"campfire_rested":0,"item_purchase_floors":[12],"current_hp_per_floor":[90,82,82,82,82,82,82,82,82,82,82,82,72,70,54,0,0,0],"gold":136,"neow_bonus":"TRANSFORM_TWO_CARDS","is_daily":false,"chose_seed":false,"campfire_upgraded":3,"win_rate":0.0,"timestamp":1610947890,"path_taken":["R","M","M","?","?","R","T","M","R","M","?","$","E","?","M","BOSS"],"items_purchased_type":["Card"],"build_version":"2020-12-22","purchased_purges":1,"victory":false,"max_hp_per_floor":[90,90,90,90,90,90,90,90,90,90,90,90,92,94,94,94,94,94],"card_choices":[{"not_picked":["champ:BladeFlurry","champ:EnGarde"],"picked":"champ:Backstep","floor":2},{"not_picked":["champ:FocusedBerserking","champ:FocusedDefense"],"picked":"champ:Shatter","floor":3},{"not_picked":["champ:CrownThrow","champ:SetATrap"],"picked":"champ:SkillfulDodge","floor":8},{"not_picked":["champ:RisingSlash","champ:CrookedStrike"],"picked":"champ:StanceDance","floor":10},{"not_picked":["champ:TornadoPunch","champ:FocusedBerserking"],"picked":"champ:ShieldWall","floor":12},{"not_picked":["champ:RisingSlash","champ:Shatter","champ:PerfectedStrike"],"picked":"Singing Bowl","floor":13},{"not_picked":["champ:EnGarde","champ:CrownThrow","champ:FanOfKnives"],"picked":"Singing Bowl","floor":14},{"not_picked":["champ:Lariat","champ:FocusedDefense"],"picked":"champ:ShieldWall","floor":15}],"player_experience":2381480,"relics_obtained":[{"floor":7,"key":"White Beast Statue"},{"floor":13,"key":"Singing Bowl"}],"event_choices":[{"cards_removed":["Doubt"],"damage_healed":0,"gold_gain":0,"player_choice":"Card Removal","damage_taken":0,"max_hp_gain":0,"max_hp_loss":0,"event_name":"The Cleric","floor":5,"gold_loss":0}],"is_beta":false,"boss_relics":[],"items_purged_floors":[12],"is_endless":false,"potions_floor_spawned":[8,10,12,13,14,15],"killed_by":"SI_SHIV_ARCHETYPE","ascension_level":0}}