{"host":"oehe2dxjvdgux73m","time":1610961297,"event":{"mods":["AchievementEnabler","BaseMod","Colored Map","Colored Powertips","DeckTracker","Keyboard Shortcuts","Minty Spire (QoL Compilation)","Permanent Neow","Quick Restart","StSLib","SuperFastMode"],"gold_per_floor":[118,128,147,164,71,71,98,118,165,177,114,124,154,168,168,239,239,251,251,48,48,48,48],"floor_reached":22,"language":"KOR","playtime":1167,"items_purged":["Strike_G"],"score":372,"play_id":"121586c7-16cd-4ed6-8cb0-e26a1f054003","local_time":"20210118181457","is_ascension_mode":true,"campfire_choices":[{"data":"Cloak And Dagger","floor":6.0,"key":"SMITH"},{"data":"Neutralize","floor":10.0,"key":"SMITH"},{"floor":15.0,"key":"REST"}],"circlet_count":0,"master_deck":["AscendersBane","Strike_G","Strike_G","Strike_G","Strike_G","Defend_G","Defend_G","Defend_G","Defend_G","Defend_G","Survivor","Neutralize+1","Cloak And Dagger+1","Finisher","Dagger Spray","PiercingWail","Terror","Dash","Backflip","PiercingWail","Wraith Form v2","Cloak And Dagger+1","Accuracy"],"relics":["Ring of the Snake","Potion Belt","Juzu Bracelet","MawBank","SacredBark","Dream Catcher"],"acts_visited":["Exordium","TheCity"],"potions_floor_usage":[],"damage_taken":[{"damage":4.0,"enemies":"Cultist","floor":1.0,"turns":4.0},{"damage":9.0,"enemies":"2 Louse","floor":2.0,"turns":3.0},{"damage":4.0,"enemies":"Jaw Worm","floor":3.0,"turns":7.0},{"damage":0.0,"enemies":"Lots of Slimes","floor":4.0,"turns":3.0},{"damage":16.0,"enemies":"Lagavulin","floor":7.0,"turns":6.0},{"damage":3.0,"enemies":"Exordium Thugs","floor":8.0,"turns":4.0},{"damage":1.0,"enemies":"Looter","floor":12.0,"turns":3.0},{"damage":3.0,"enemies":"Blue Slaver","floor":14.0,"turns":4.0},{"damage":33.0,"enemies":"Hexaghost","floor":16.0,"turns":13.0},{"damage":28.0,"enemies":"Shell Parasite","floor":18.0,"turns":10.0},{"damage":23,"enemies":"Spheric Guardian","floor":22,"turns":7}],"seed_played":"9124335720098433938","potions_obtained":[{"floor":4.0,"key":"CunningPotion"},{"floor":7.0,"key":"GhostInAJar"},{"floor":8.0,"key":"PowerPotion"},{"floor":12.0,"key":"BlessingOfTheForge"},{"floor":14.0,"key":"Block Potion"}],"is_trial":false,"path_per_floor":["M","M","M","M","$","R","E","M","T","R","$","M","?","M","R","B",null,"M","?","$","?","M"],"character_chosen":"THE_SILENT","items_purchased":["PiercingWail","Terror","Accuracy","Dream Catcher"],"campfire_rested":1,"item_purchase_floors":[5,5,20,20],"current_hp_per_floor":[55,46,42,42,42,42,26,23,23,23,23,22,22,19,38,5,51,23,23,23,23,0,0],"gold":48,"neow_bonus":"RANDOM_COMMON_RELIC","is_daily":false,"chose_seed":false,"campfire_upgraded":2,"win_rate":0.0,"timestamp":1610961297,"path_taken":["M","?","M","M","$","R","E","M","T","R","?","M","?","M","R","BOSS","M","?","$","?","M"],"items_purchased_type":["Card","Card","Card","Relic"],"build_version":"2020-12-22","purchased_purges":1,"victory":false,"max_hp_per_floor":[66,66,66,66,66,66,66,66,66,66,66,66,66,66,66,66,66,66,66,66,66,66,66],"card_choices":[{"not_picked":["Sucker Punch","Underhanded Strike"],"picked":"Cloak And Dagger","floor":1.0},{"not_picked":["Prepared","Tactician"],"picked":"Finisher","floor":2.0},{"not_picked":["Poisoned Stab","Leg Sweep"],"picked":"Dagger Spray","floor":3.0},{"not_picked":["Catalyst","Accuracy","Concentrate"],"picked":"SKIP","floor":4.0},{"not_picked":["Expertise","Tactician"],"picked":"Dash","floor":7.0},{"not_picked":["Poisoned Stab","Finisher","Accuracy"],"picked":"SKIP","floor":8.0},{"not_picked":["Deflect","Slice"],"picked":"Backflip","floor":12.0},{"not_picked":["Heel Hook","Prepared"],"picked":"PiercingWail","floor":14.0},{"not_picked":["Night Terror","Grand Finale"],"picked":"Wraith Form v2","floor":16.0},{"not_picked":["Poisoned Stab","Flying Knee"],"picked":"Cloak And Dagger+1","floor":18.0}],"player_experience":283776,"relics_obtained":[{"floor":7.0,"key":"Juzu Bracelet"},{"floor":9.0,"key":"MawBank"}],"event_choices":[{"damage_healed":0.0,"max_hp_gain":0.0,"max_hp_loss":0.0,"gold_gain":30.0,"event_name":"Dead Adventurer","player_choice":"Searched \u00271\u0027 times","floor":13.0,"gold_loss":0.0,"damage_taken":0.0},{"damage_healed":0.0,"max_hp_gain":0.0,"max_hp_loss":0.0,"gold_gain":0.0,"event_name":"Vampires","player_choice":"Ignored","floor":19.0,"gold_loss":0.0,"damage_taken":0.0},{"damage_healed":0.0,"max_hp_gain":0.0,"max_hp_loss":0.0,"gold_gain":0.0,"event_name":"WeMeetAgain","player_choice":"Ignored","floor":21.0,"gold_loss":0.0,"damage_taken":0.0}],"is_beta":false,"boss_relics":[{"not_picked":["Tiny House","Empty Cage"],"picked":"SacredBark"}],"items_purged_floors":[11],"is_endless":false,"potions_floor_spawned":[4,7,8,12,14],"killed_by":"Spheric Guardian","ascension_level":20}}