{"host":"few9iyaxiywls251","time":1610994120,"event":{"mods":["BaseMod","Bestiary","Curses Come First","Highlight Path","Minty Spire (QoL Compilation)","Shop Mod","StSLib","The Marked"],"gold_per_floor":[212,212,226,226,40,75,95,107,130,130,130],"floor_reached":10,"language":"ENG","playtime":770,"items_purged":[],"score":68,"play_id":"82545d09-8bd5-4636-b0b6-28f275607d4d","local_time":"20210118122200","is_ascension_mode":false,"campfire_choices":[],"circlet_count":0,"master_deck":["Strike_P","Strike_P","Strike_P+1","Strike_P","Defend_P","Defend_P+1","Defend_P+1","Eruption","Vigilance","FlyingSleeves","DeceiveReality+1","LessonLearned+1","BowlingBash","Protect","Perseverance"],"relics":["PureWater","Juzu Bracelet","Smiling Mask"],"acts_visited":["Exordium"],"potions_floor_usage":[10,10],"damage_taken":[{"damage":1,"enemies":"Jaw Worm","floor":1,"turns":3},{"damage":0,"enemies":"Small Slimes","floor":3,"turns":3},{"damage":48,"enemies":"Lagavulin","floor":6,"turns":7},{"damage":2,"enemies":"Cultist","floor":7,"turns":5},{"damage":6,"enemies":"Lots of Slimes","floor":8,"turns":5},{"damage":11,"enemies":"Gremlin Nob","floor":10,"turns":3}],"seed_played":"6301813464568967200","potions_obtained":[{"floor":6,"key":"PowerPotion"},{"floor":7,"key":"CultistPotion"}],"is_trial":false,"path_per_floor":["M","?","M","?","$","E","M","M","T","E"],"character_chosen":"WATCHER","items_purchased":["LessonLearned","BowlingBash"],"campfire_rested":0,"item_purchase_floors":[5,5],"current_hp_per_floor":[71,57,57,57,57,9,7,1,1,0,0],"gold":130,"neow_bonus":"HUNDRED_GOLD","is_daily":false,"chose_seed":false,"campfire_upgraded":0,"win_rate":0.0,"timestamp":1610994120,"path_taken":["M","?","M","?","$","E","M","M","T","E"],"items_purchased_type":["Card","Card"],"build_version":"2020-12-22","purchased_purges":0,"victory":false,"max_hp_per_floor":[72,72,72,72,72,72,72,72,72,72,72],"card_choices":[{"not_picked":["EmptyBody","Consecrate"],"picked":"FlyingSleeves","floor":1},{"not_picked":["Protect","Prostrate"],"picked":"DeceiveReality","floor":3},{"not_picked":["FollowUp","Pray"],"picked":"Protect","floor":6},{"not_picked":["FlyingSleeves","BowlingBash"],"picked":"Perseverance","floor":7},{"not_picked":["Consecrate","BowlingBash","Blasphemy"],"picked":"SKIP","floor":8}],"player_experience":104985,"relics_obtained":[{"floor":6,"key":"Juzu Bracelet"},{"floor":9,"key":"Smiling Mask"}],"event_choices":[{"damage_healed":0,"gold_gain":0,"player_choice":"Entered Light","damage_taken":14,"max_hp_gain":0,"max_hp_loss":0,"event_name":"Shining Light","floor":2,"gold_loss":0,"cards_upgraded":["Defend_P","Strike_P"]},{"cards_removed":["Defend_P"],"damage_healed":0,"gold_gain":0,"player_choice":"Purged","damage_taken":0,"max_hp_gain":0,"max_hp_loss":0,"event_name":"Purifier","floor":4,"gold_loss":0}],"is_beta":false,"boss_relics":[],"items_purged_floors":[],"is_endless":false,"potions_floor_spawned":[6,7],"killed_by":"Gremlin Nob","ascension_level":0}}