{"host":"b4oqa93y40rb9616","time":1610967538,"event":{"mods":["BaseMod","Colored Map","Custom Start","DeckTracker","Keyboard Shortcuts","Minty Spire (QoL Compilation)","Permanent Neow","Quick Restart","StSLib","SuperFastMode","everything is the same but u backflip on backflip"],"gold_per_floor":[14,14,32,32,55,55,70,70,70,86,105,105,141,164,164,263,263,278,203,216,230,96,96,96,96,96,136,136,136,136,155,155,229,229,239,254,254,272,272,272,287,287,287,287,287,287],"floor_reached":45,"language":"KOR","playtime":1094,"items_purged":["Strike_R"],"score":944,"play_id":"ef8e990c-b7b5-4772-86cf-9b247b7c80f3","local_time":"20210118195858","is_ascension_mode":true,"campfire_choices":[{"data":"Searing Blow","floor":6.0,"key":"SMITH"},{"data":"Searing Blow+1","floor":8.0,"key":"SMITH"},{"data":"Searing Blow+2","floor":12.0,"key":"SMITH"},{"data":"Searing Blow+3","floor":15.0,"key":"SMITH"},{"data":"Searing Blow+4","floor":23.0,"key":"SMITH"},{"data":"Searing Blow+5","floor":28.0,"key":"SMITH"},{"data":"Searing Blow+6","floor":32.0,"key":"SMITH"},{"data":"Searing Blow+7","floor":40,"key":"SMITH"},{"data":"Searing Blow+8","floor":42,"key":"SMITH"}],"circlet_count":0,"master_deck":["AscendersBane","Defend_R","Defend_R","Defend_R","Bash","Searing Blow+9","Headbutt","Ghostly Armor","Metallicize","Warcry","Offering","Exhume","Battle Trance","Shrug It Off","Double Tap","Twin Strike","Shockwave","Brutality+1","Shrug It Off","Madness","Madness"],"relics":["Burning Blood","Bloody Idol","Omamori","HornCleat","Philosopher\u0027s Stone","Sundial","Frozen Egg 2","Bag of Marbles","Runic Cube","Singing Bowl"],"acts_visited":["Exordium","TheCity","TheBeyond"],"potions_floor_usage":[41,45],"damage_taken":[{"damage":7.0,"enemies":"Jaw Worm","floor":1.0,"turns":4.0},{"damage":15.0,"enemies":"Small Slimes","floor":3.0,"turns":2.0},{"damage":1.0,"enemies":"Cultist","floor":5.0,"turns":3.0},{"damage":3.0,"enemies":"2 Fungi Beasts","floor":7.0,"turns":3.0},{"damage":19.0,"enemies":"Exordium Wildlife","floor":10.0,"turns":3.0},{"damage":7.0,"enemies":"Looter","floor":11.0,"turns":3.0},{"damage":28.0,"enemies":"Lagavulin","floor":13.0,"turns":5.0},{"damage":8.0,"enemies":"Large Slime","floor":14.0,"turns":5.0},{"damage":21.0,"enemies":"Hexaghost","floor":16.0,"turns":8.0},{"damage":20.0,"enemies":"Chosen","floor":18.0,"turns":4.0},{"damage":22.0,"enemies":"Shell Parasite","floor":20.0,"turns":2.0},{"damage":14.0,"enemies":"Snecko","floor":21.0,"turns":3.0},{"damage":13.0,"enemies":"Book of Stabbing","floor":27.0,"turns":4.0},{"damage":6.0,"enemies":"Centurion and Healer","floor":31.0,"turns":4.0},{"damage":0.0,"enemies":"Automaton","floor":33.0,"turns":4.0},{"damage":12.0,"enemies":"3 Shapes","floor":35.0,"turns":3.0},{"damage":7.0,"enemies":"Orb Walker","floor":36.0,"turns":2.0},{"damage":45,"enemies":"Transient","floor":38,"turns":6},{"damage":9,"enemies":"Spire Growth","floor":41,"turns":4},{"damage":21,"enemies":"Nemesis","floor":45,"turns":2}],"seed_played":"5801112667803206602","potions_obtained":[{"floor":5.0,"key":"EntropicBrew"},{"floor":14.0,"key":"Strength Potion"},{"floor":20.0,"key":"EntropicBrew"},{"floor":21.0,"key":"Weak Potion"},{"floor":31.0,"key":"SpeedPotion"},{"floor":38,"key":"SkillPotion"}],"is_trial":false,"path_per_floor":["M","?","M","?","M","R","M","R","T","M","M","R","E","M","R","B",null,"M","?","M","M","$","R","?","$","T","E","R","?","T","M","R","B",null,"M","M","?","M","?","R","M","R","T","?","E"],"character_chosen":"IRONCLAD","items_purchased":["Shrug It Off"],"campfire_rested":0,"item_purchase_floors":[22],"current_hp_per_floor":[67,67,58,58,63,63,66,66,66,53,52,52,42,40,40,25,57,43,43,40,32,32,32,32,32,32,25,25,25,25,30,30,41,61,60,64,52,18,18,18,20,20,20,20,0,0],"gold":287,"neow_bonus":"TRANSFORM_TWO_CARDS","is_daily":false,"chose_seed":false,"campfire_upgraded":9,"win_rate":0.0,"timestamp":1610967538,"path_taken":["M","?","M","?","M","R","M","R","T","M","?","R","E","M","R","BOSS","M","?","M","M","$","R","?","?","T","E","R","?","?","M","R","BOSS","M","M","?","M","?","R","M","R","T","?","E"],"items_purchased_type":["Card"],"build_version":"2020-12-22","purchased_purges":1,"victory":false,"max_hp_per_floor":[75,68,68,68,68,68,68,68,68,68,68,68,68,68,68,68,68,68,68,68,68,68,68,68,68,68,68,68,68,68,68,68,68,68,68,68,68,68,68,68,68,68,68,68,68,68],"card_choices":[{"not_picked":["Perfected Strike","Power Through"],"picked":"Headbutt","floor":1.0},{"not_picked":["Body Slam","Iron Wave","Flex"],"picked":"SKIP","floor":3.0},{"not_picked":["Iron Wave","Anger"],"picked":"Ghostly Armor","floor":5.0},{"not_picked":["Headbutt","Carnage","Metallicize"],"picked":"SKIP","floor":7.0},{"not_picked":["Headbutt","Carnage"],"picked":"Metallicize","floor":7.0},{"not_picked":["Sentinel","Flex"],"picked":"Warcry","floor":10.0},{"not_picked":["Rage","Warcry","Anger"],"picked":"SKIP","floor":11.0},{"not_picked":["Metallicize","Demon Form"],"picked":"Offering","floor":13.0},{"not_picked":["Cleave","Dropkick","Headbutt"],"picked":"SKIP","floor":14.0},{"not_picked":["Cleave","Dropkick","Headbutt"],"picked":"SKIP","floor":14.0},{"not_picked":["Fiend Fire","Feed"],"picked":"Exhume","floor":16.0},{"not_picked":["Flex","Hemokinesis"],"picked":"Battle Trance","floor":18.0},{"not_picked":["Ghostly Armor","Wild Strike","Warcry"],"picked":"SKIP","floor":20.0},{"not_picked":["Rage","Headbutt+1","Blood for Blood"],"picked":"SKIP","floor":21.0},{"not_picked":["Inflame+1","Flame Barrier","Hemokinesis"],"picked":"SKIP","floor":27.0},{"not_picked":["Metallicize+1","Headbutt"],"picked":"Shockwave","floor":31.0},{"not_picked":["Double Tap","Juggernaut+1"],"picked":"Brutality+1","floor":33.0},{"not_picked":["Wild Strike","Iron Wave"],"picked":"Shrug It Off","floor":35.0},{"not_picked":["Anger","Armaments","Perfected Strike"],"picked":"SKIP","floor":36.0},{"not_picked":["Armaments+1","Cleave","Warcry"],"picked":"SKIP","floor":38},{"not_picked":["Twin Strike","Sword Boomerang","Uppercut"],"picked":"SKIP","floor":41}],"player_experience":421431,"relics_obtained":[{"floor":9.0,"key":"Omamori"},{"floor":13.0,"key":"HornCleat"},{"floor":26.0,"key":"Sundial"},{"floor":27.0,"key":"Frozen Egg 2"},{"floor":30.0,"key":"Bag of Marbles"},{"floor":43,"key":"Singing Bowl"}],"event_choices":[{"damage_healed":0.0,"max_hp_gain":0.0,"max_hp_loss":7.0,"gold_gain":0.0,"event_name":"Golden Idol","player_choice":"Lose Max HP","floor":2.0,"gold_loss":0.0,"damage_taken":0.0,"relics_obtained":["Golden Idol"]},{"damage_healed":0.0,"max_hp_gain":0.0,"max_hp_loss":0.0,"gold_gain":0.0,"cards_transformed":["Strike_R"],"event_name":"Transmorgrifier","player_choice":"Transformed","floor":4.0,"gold_loss":0.0,"damage_taken":0.0,"cards_obtained":["Whirlwind"]},{"cards_removed":["Strike_R"],"damage_healed":0.0,"max_hp_gain":0.0,"max_hp_loss":0.0,"gold_gain":0.0,"event_name":"Beggar","player_choice":"Gave Gold","floor":19.0,"gold_loss":75.0,"damage_taken":0.0},{"damage_healed":0.0,"max_hp_gain":0.0,"max_hp_loss":0.0,"gold_gain":0.0,"cards_transformed":["Whirlwind","Defend_R"],"event_name":"Drug Dealer","player_choice":"Became Test Subject","floor":24.0,"gold_loss":0.0,"damage_taken":0.0,"cards_obtained":["Double Tap","Twin Strike"]},{"damage_healed":0.0,"max_hp_gain":0.0,"max_hp_loss":0.0,"gold_gain":0.0,"event_name":"Forgotten Altar","player_choice":"Gave Idol","floor":29.0,"relics_lost":["Golden Idol"],"gold_loss":0.0,"damage_taken":0.0,"relics_obtained":["Bloody Idol"]},{"damage_healed":0.0,"max_hp_gain":0.0,"max_hp_loss":0.0,"gold_gain":0.0,"event_name":"Winding Halls","player_choice":"Embrace Madness","floor":37.0,"gold_loss":0.0,"damage_taken":12.0,"cards_obtained":["Madness","Madness"]},{"cards_removed":["Combust"],"damage_healed":0,"gold_gain":0,"player_choice":"Removed Power","damage_taken":0,"max_hp_gain":0,"max_hp_loss":0,"event_name":"Falling","floor":39,"gold_loss":0},{"damage_healed":0,"gold_gain":0,"player_choice":"Ignored","damage_taken":0,"max_hp_gain":0,"max_hp_loss":0,"event_name":"Tomb of Lord Red Mask","floor":44,"gold_loss":0}],"is_beta":false,"boss_relics":[{"not_picked":["Runic Pyramid","Busted Crown"],"picked":"Philosopher\u0027s Stone"},{"not_picked":["Mark of Pain","SlaversCollar"],"picked":"Runic Cube"}],"items_purged_floors":[22],"is_endless":false,"potions_floor_spawned":[5,7,11,14,20,21,31,38],"killed_by":"Nemesis","ascension_level":17}}