{"host":"kdt6w7ix8lwe69i9","time":1610942533,"event":{"mods":["100% Spire Juice","Bartender","BaseMod","ChefMod","Downfall","Fiend Mod","Jorbs\u0027s Wanderer Trilogy","Minty Spire (QoL Compilation)","Reimu（博丽灵梦）","Robot Space Explorer","Shade Mod","StSLib","The Caster","The Cursed","The Disciple","The Dragon Tamer","The Druid","The Fake Hero","The Forsaken","The Gatherer","The Marked","TheBandit","TheSwordswoman"],"gold_per_floor":[96,109,109,109,109,109,121,121,145,155,165,170,165,155,35,112,112,106,98,98,98,75,75],"floor_reached":22,"language":"ENG","playtime":1924,"items_purged":[],"score":263,"play_id":"de897594-f899-498a-a110-45abe97c3792","local_time":"20210117230213","is_ascension_mode":false,"campfire_choices":[{"data":"Moonworks:UnpaidWork","floor":6,"key":"SMITH"},{"data":"Moonworks:EvilSpyWorkPreparation","floor":8,"key":"SMITH"},{"floor":15,"key":"REST"}],"circlet_count":0,"master_deck":["Moonworks:Strike","Moonworks:Strike","Moonworks:Strike","Moonworks:Strike","Moonworks:Defend","Moonworks:Defend","Moonworks:Defend","Moonworks:Defend","Moonworks:Ambush+1","Moonworks:LongDistanceShot","Moonworks:Assault","Moonworks:UnpaidWork+1","Poor:ReiMu","Moonworks:EvilSpyWorkPreparation+1","Moonworks:ReflectiveShell","Moonworks:SakisCookie","Moonworks:CookingTime","Moonworks:RedAndBlue","Moonworks:UnluckyCharm","Moonworks:CrystalBarrier","Moonworks:CloudOfSeagulls+1","Moonworks:JonathanRush","Moonworks:SakisCookie"],"relics":["Moonworks:BrokenBomb","Moonworks:Homemark","YidongShenshe:ReiMu","Question Card","SacredBark"],"acts_visited":["Exordium","TheCity"],"potions_floor_usage":[11,12,13,14,16,16,18,22,22],"damage_taken":[{"damage":0,"enemies":"2 Louse","floor":1,"turns":3},{"damage":6,"enemies":"Cultist","floor":2,"turns":3},{"damage":11,"enemies":"Jaw Worm","floor":7,"turns":2},{"damage":0,"enemies":"Exordium Wildlife","floor":10,"turns":2},{"damage":17,"enemies":"Exordium Thugs","floor":11,"turns":3},{"damage":0,"enemies":"Lagavulin","floor":12,"turns":4},{"damage":4,"enemies":"Looter","floor":13,"turns":3},{"damage":1,"enemies":"Large Slime","floor":14,"turns":4},{"damage":25,"enemies":"Slime Boss","floor":16,"turns":3},{"damage":16,"enemies":"Spheric Guardian","floor":18,"turns":4},{"damage":5,"enemies":"Shell Parasite","floor":19,"turns":5},{"damage":50,"enemies":"Snake Plant","floor":22,"turns":5}],"seed_played":"-5086051883880350152","potions_obtained":[{"floor":5,"key":"Moonworks:OneHundredPercentOrangeJuicePotion"},{"floor":5,"key":"Explosive Potion"},{"floor":5,"key":"Energy Potion"},{"floor":11,"key":"DistilledChaos"},{"floor":12,"key":"hexamod:SoulburnPotion"},{"floor":13,"key":"Energy Potion"},{"floor":14,"key":"GrandPatriotsElixir:ReiMu"},{"floor":16,"key":"DuplicationPotion"},{"floor":19,"key":"DuplicationPotion"}],"is_trial":false,"path_per_floor":["M","M","?","?","?","R","M","R","T","M","M","E","M","M","R","B",null,"M","M","?","?","M"],"character_chosen":"THE_STARBREAKER","items_purchased":[],"campfire_rested":1,"item_purchase_floors":[],"current_hp_per_floor":[60,54,54,54,54,54,43,43,43,43,26,26,25,29,47,28,60,44,42,42,42,0,0],"gold":75,"neow_bonus":"HUNDRED_GOLD","is_daily":false,"chose_seed":false,"campfire_upgraded":2,"win_rate":0.0,"timestamp":1610942533,"path_taken":["M","M","?","?","?","R","M","R","T","M","M","E","M","?","R","BOSS","M","M","?","?","M"],"items_purchased_type":[],"build_version":"2020-12-22","purchased_purges":0,"victory":false,"max_hp_per_floor":[60,60,60,60,60,60,60,60,60,60,60,60,60,60,60,60,60,60,60,60,60,60,60],"card_choices":[{"not_picked":["Moonworks:MixPhenomenon","Moonworks:TacticalRetreat"],"picked":"Moonworks:Assault","floor":1},{"not_picked":["Moonworks:JonathanRush","Moonworks:IntelligenceOfficer"],"picked":"Moonworks:UnpaidWork","floor":2},{"not_picked":["Moonworks:UnpaidWork","Moonworks:SakisCookie"],"picked":"Moonworks:EvilSpyWorkPreparation","floor":7},{"not_picked":["Moonworks:SealedMemories","Moonworks:UnluckyCharm"],"picked":"Moonworks:ReflectiveShell","floor":10},{"not_picked":["Moonworks:ImOnFire","Moonworks:NicePresent"],"picked":"Moonworks:SakisCookie","floor":11},{"not_picked":["Moonworks:ImOnFire","Moonworks:x16BigRocket"],"picked":"Moonworks:CookingTime","floor":12},{"not_picked":["Moonworks:DeployBits","Moonworks:JonathanRush","Moonworks:LulusLuckyEgg"],"picked":"Moonworks:RedAndBlue","floor":13},{"not_picked":["Moonworks:IntelligenceOfficer","Moonworks:DeployBits","Moonworks:NicePresent"],"picked":"Moonworks:UnluckyCharm","floor":14},{"not_picked":["Moonworks:EvilMastermind","Moonworks:HolyNight","Moonworks:Encore"],"picked":"Moonworks:CrystalBarrier","floor":16},{"not_picked":["Moonworks:LulusLuckyEgg+1","Moonworks:EvilSpyWorkPreparation","Moonworks:JonathanRush"],"picked":"Moonworks:CloudOfSeagulls+1","floor":18},{"not_picked":["Moonworks:Assault","Moonworks:SakisCookie","Moonworks:LulusLuckyEgg+1"],"picked":"Moonworks:JonathanRush","floor":19}],"player_experience":1850503,"relics_obtained":[{"floor":12,"key":"Question Card"}],"event_choices":[{"damage_healed":0,"gold_gain":0,"player_choice":"Take Tiny Shrine away","damage_taken":0,"relics_obtained":["YidongShenshe:ReiMu"],"max_hp_gain":0,"max_hp_loss":0,"event_name":"yidonshenshe","floor":3,"gold_loss":0,"cards_obtained":["Poor:ReiMu"]},{"damage_healed":0,"gold_gain":0,"player_choice":"Grow","damage_taken":0,"max_hp_gain":0,"max_hp_loss":0,"event_name":"Living Wall","floor":4,"gold_loss":0,"cards_upgraded":["Moonworks:Ambush"]},{"damage_healed":0,"gold_gain":0,"player_choice":"Got Potions","damage_taken":0,"max_hp_gain":0,"max_hp_loss":0,"event_name":"Lab","floor":5,"gold_loss":0},{"damage_healed":0,"gold_gain":0,"player_choice":"Ignored","damage_taken":0,"max_hp_gain":0,"max_hp_loss":0,"event_name":"Vampires","floor":20,"gold_loss":0},{"damage_healed":0,"gold_gain":0,"player_choice":"1 cards matched","damage_taken":0,"max_hp_gain":0,"max_hp_loss":0,"event_name":"Match and Keep!","floor":21,"gold_loss":0,"cards_obtained":["Moonworks:SakisCookie"]}],"is_beta":false,"boss_relics":[{"not_picked":["Sozu","Astrolabe"],"picked":"SacredBark"}],"items_purged_floors":[],"is_endless":false,"potions_floor_spawned":[11,12,13,14,16,19],"killed_by":"Snake Plant","ascension_level":0}}