{"host":"g5ztulhog0otympt","time":1610969573,"event":{"mods":["AchievementEnabler","BaseMod","Downfall","Hermit","Minty Spire (QoL Compilation)","StSLib","The Cursed"],"gold_per_floor":[110,110,110,130,130,130,163,17,17,42,53,64,64,74,74,74,74],"floor_reached":16,"language":"ENG","playtime":555,"items_purged":[],"score":110,"play_id":"7d487b05-a6b4-4180-9741-e676134096c5","local_time":"20210118133253","is_ascension_mode":false,"campfire_choices":[{"floor":6,"key":"REST"},{"floor":15,"key":"REST"}],"circlet_count":0,"master_deck":["Strike_B","Strike_B","Strike_B","Strike_B","Defend_B","Defend_B","Defend_B","Defend_B","Zap","Dualcast","Beam Cell","Gash","Go for the Eyes","Melter","Turbo","Thunder Strike"],"relics":["Fusion Hammer","TungstenRod","Vajra","Strawberry","Du-Vu Doll","Potion Belt"],"acts_visited":["Exordium"],"potions_floor_usage":[4,16,16],"damage_taken":[{"damage":7,"enemies":"Small Slimes","floor":1,"turns":2},{"damage":0,"enemies":"2 Louse","floor":4,"turns":3},{"damage":31,"enemies":"3 Sentries","floor":7,"turns":9},{"damage":18,"enemies":"Gremlin Nob","floor":10,"turns":4},{"damage":0,"enemies":"Cultist","floor":11,"turns":3},{"damage":9,"enemies":"Looter","floor":12,"turns":2},{"damage":0,"enemies":"Exordium Wildlife","floor":14,"turns":3},{"damage":53,"enemies":"Slime Boss","floor":16,"turns":8}],"seed_played":"3582433887901320225","potions_obtained":[{"floor":1,"key":"DistilledChaos"},{"floor":12,"key":"DistilledChaos"},{"floor":14,"key":"PotionOfCapacity"}],"is_trial":false,"path_per_floor":["M","?","?","M","?","R","E","$","T","E","M","M","$","M","R","B"],"character_chosen":"DEFECT","items_purchased":["Strawberry"],"campfire_rested":2,"item_purchase_floors":[8],"current_hp_per_floor":[68,68,68,68,61,75,44,51,51,33,33,24,24,24,48,0,0],"gold":74,"neow_bonus":"BOSS_RELIC","is_daily":false,"chose_seed":false,"campfire_upgraded":0,"win_rate":0.0,"timestamp":1610969573,"path_taken":["M","?","?","?","?","R","E","$","T","E","M","M","$","M","R","BOSS"],"items_purchased_type":["Relic"],"build_version":"2020-12-22","purchased_purges":0,"victory":false,"max_hp_per_floor":[75,75,75,75,75,75,75,82,82,82,82,82,82,82,82,82,82],"card_choices":[{"not_picked":["Storm","Rebound"],"picked":"Beam Cell","floor":1},{"not_picked":["Glacier","Streamline","Turbo"],"picked":"SKIP","floor":4},{"not_picked":["Storm","Redo"],"picked":"Gash","floor":7},{"not_picked":["Buffer","Barrage"],"picked":"Go for the Eyes","floor":10},{"not_picked":["Barrage","Beam Cell"],"picked":"Melter","floor":11},{"not_picked":["Go for the Eyes","Barrage"],"picked":"Turbo","floor":12},{"not_picked":["Turbo","Compile Driver"],"picked":"Thunder Strike","floor":14}],"player_experience":92577,"relics_obtained":[{"floor":7,"key":"Vajra"},{"floor":9,"key":"Du-Vu Doll"},{"floor":10,"key":"Potion Belt"}],"event_choices":[{"damage_healed":0,"gold_gain":0,"player_choice":"Leave","damage_taken":0,"max_hp_gain":0,"max_hp_loss":0,"event_name":"The Cleric","floor":2,"gold_loss":0},{"damage_healed":0,"gold_gain":0,"player_choice":"Ignored","damage_taken":0,"max_hp_gain":0,"max_hp_loss":0,"event_name":"NoteForYourself","floor":3,"gold_loss":0},{"damage_healed":0,"gold_gain":0,"player_choice":"Success","damage_taken":7,"relics_obtained":["TungstenRod"],"max_hp_gain":0,"max_hp_loss":0,"event_name":"Scrap Ooze","floor":5,"gold_loss":0}],"is_beta":false,"boss_relics":[],"items_purged_floors":[],"is_endless":false,"potions_floor_spawned":[1,12,14],"killed_by":"Slime Boss","ascension_level":0}}