{"host":"t6r1isv2bex5ovch","time":1610953461,"event":{"mods":["AchievementEnabler","Act Like it!","Aspiration","BaseMod","Better Altar","Better Match","Better Note","Better Sensory Stone","Better Skull","Better Third Choice","Better Vampires","Colored Powertips","Displayed Cursed Tome","Evolution","Fox Events","Hubris","Minty Spire (QoL Compilation)","StSLib","The Jungle"],"gold_per_floor":[115,115,115,125,141,168,188,188,188,113,146,146,146,164,164,285,285,323,32,80,120,159,159,227,227,227,227,290,290,334,367,367,493,493,543,543,239,330,175,175,511,511,536,44,85,128,154,197,197,197,197,197,5,43,43,43],"floor_reached":55,"language":"ENG","playtime":5281,"items_purged":["Defend_P","Injury","Strike_P","Defend_P","Defend_P","Strike_P+1"],"score":1083,"play_id":"bbbda17c-f3bd-4235-af26-41bbeea13e6f","local_time":"20210118170420","is_ascension_mode":true,"campfire_choices":[{"floor":8.0,"key":"RECALL"},{"data":"Machine Learning","floor":15.0,"key":"SMITH"},{"data":"Judgement","floor":23.0,"key":"SMITH"},{"data":"Eruption","floor":27.0,"key":"SMITH"},{"data":"Adaptation","floor":29.0,"key":"SMITH"},{"data":"Seek","floor":32.0,"key":"SMITH"},{"data":"Prostrate","floor":40.0,"key":"SMITH"},{"data":"Prostrate","floor":49.0,"key":"SMITH"},{"data":"Prostrate","floor":52.0,"key":"SMITH"}],"circlet_count":0,"master_deck":["Eruption+1","Vigilance+1","Consecrate","Machine Learning+1","Seek+1","Adaptation+1","Judgement+1","Study+1","Wish","SandsOfTime","Prostrate+1","Prostrate+1","MasterReality+1","Prostrate+1","Panacea"],"relics":["PureWater","EVO:Axolotl","Akabeko","hubris:PeanutButter","Sundial","Smiling Mask","Golden Idol","Frozen Egg 2","hubris:RunicObelisk","Bag of Preparation","aspiration:ChemicalBlood","aspiration:RitualStick","aspiration:StickyExplosives_weak","Tiny Chest","hubris:Teleporter","Empty Cage","Yang","Calipers","Old Coin","hubris:Towel","MealTicket","aspiration:Nostalgia","Burning Blood","Oddly Smooth Stone","Blood Vial","Centennial Puzzle","Bronze Scales","Lantern"],"acts_visited":["Exordium","TheCity","TheBeyond","TheEnding"],"potions_floor_usage":[55,55,55,55,55,55],"damage_taken":[{"damage":0.0,"enemies":"Jaw Worm","floor":1.0,"turns":6.0},{"damage":0.0,"enemies":"2 Louse","floor":4.0,"turns":2.0},{"damage":0.0,"enemies":"Cultist","floor":5.0,"turns":2.0},{"damage":8.0,"enemies":"3 Sentries","floor":6.0,"turns":7.0},{"damage":0.0,"enemies":"Looter","floor":7.0,"turns":1.0},{"damage":0.0,"enemies":"Gremlin Nob","floor":11.0,"turns":3.0},{"damage":0.0,"enemies":"Lots of Slimes","floor":14.0,"turns":2.0},{"damage":0.0,"enemies":"The Guardian","floor":16.0,"turns":11.0},{"damage":0.0,"enemies":"2 Thieves","floor":18.0,"turns":4.0},{"damage":0.0,"enemies":"Spheric Guardian","floor":20.0,"turns":2.0},{"damage":7.0,"enemies":"Snecko","floor":21.0,"turns":3.0},{"damage":21.0,"enemies":"Centurion and Healer","floor":22.0,"turns":5.0},{"damage":10.0,"enemies":"Book of Stabbing","floor":24.0,"turns":5.0},{"damage":20.0,"enemies":"Gremlin Leader","floor":28.0,"turns":5.0},{"damage":0.0,"enemies":"3 Cultists","floor":30.0,"turns":3.0},{"damage":0.0,"enemies":"Book of Stabbing","floor":31.0,"turns":4.0},{"damage":0.0,"enemies":"Automaton","floor":33.0,"turns":6.0},{"damage":13.0,"enemies":"Orb Walker","floor":35.0,"turns":3.0},{"damage":24.0,"enemies":"2 Orb Walkers","floor":38.0,"turns":3.0},{"damage":5.0,"enemies":"Giant Head","floor":41.0,"turns":4.0},{"damage":16.0,"enemies":"3 Darklings","floor":45.0,"turns":3.0},{"damage":8.0,"enemies":"Nemesis","floor":46.0,"turns":5.0},{"damage":12.0,"enemies":"Jaw Worm Horde","floor":48.0,"turns":2.0},{"damage":15.0,"enemies":"Time Eater","floor":50.0,"turns":7.0},{"damage":33.0,"enemies":"Shield and Spear","floor":54.0,"turns":6.0},{"damage":93,"enemies":"The Heart","floor":55,"turns":6}],"seed_played":"-2758397961562471502","potions_obtained":[{"floor":1.0,"key":"DistilledChaos"},{"floor":4.0,"key":"GamblersBrew"},{"floor":5.0,"key":"BottledMiracle"},{"floor":14.0,"key":"DistilledChaos"},{"floor":16.0,"key":"SteroidPotion"},{"floor":20.0,"key":"PowerPotion"},{"floor":21.0,"key":"SpeedPotion"},{"floor":33.0,"key":"SpeedPotion"},{"floor":38.0,"key":"ColorlessPotion"},{"floor":45.0,"key":"ColorlessPotion"}],"is_trial":false,"path_per_floor":["M","?","?","M","M","E","M","R","T","$","E","?","?","M","R","B",null,"M","$","M","M","M","R","E","?","T","R","E","R","M","E","R","B",null,"M","?","$","?","$","R","E","?","T","$","M","E","T","M","R","B",null,"R","$","E","B"],"character_chosen":"WATCHER","items_purchased":["Fruit Juice","Bag of Preparation","Yang","Fruit Juice","aspiration:Nostalgia","Oddly Smooth Stone","Blood Vial","BottledMiracle","Panacea"],"campfire_rested":0,"item_purchase_floors":[19,19,37,39,44,44,44,53,53],"current_hp_per_floor":[72,58,40,40,40,32,32,32,32,32,32,14,14,14,14,14,72,72,72,77,70,49,49,39,24,24,24,4,4,4,4,4,4,77,64,64,64,40,45,45,40,40,40,55,47,47,47,43,43,36,82,82,82,55,0,0],"gold":43,"neow_bonus":"REMOVE_CARD","is_daily":false,"chose_seed":false,"campfire_upgraded":8,"win_rate":0.0,"timestamp":1610953460,"path_taken":["M","?","?","M","?","E","M","R","T","$","E","?","?","M","R","BOSS","M","$","M","M","M","R","E","?","T","R","E","R","M","E","R","BOSS","M","?","$","?","$","R","E","?","T","$","M","E","?","?","R","BOSS","R","$","E","BOSS"],"items_purchased_type":["Potion","Relic","Relic","Potion","Relic","Relic","Relic","Potion","Card"],"build_version":"2020-12-22","purchased_purges":6,"victory":false,"max_hp_per_floor":[72,72,72,72,72,72,72,72,72,72,72,72,72,72,72,72,72,72,72,77,77,77,77,77,77,77,77,77,77,77,77,77,77,77,77,77,77,77,82,82,82,82,82,82,82,82,82,82,82,82,82,82,82,82,82,82],"card_choices":[{"not_picked":["ReachHeaven","Halt"],"picked":"Consecrate","floor":1.0},{"not_picked":["InnerPeace","Wireheading","EmptyFist"],"picked":"SKIP","floor":4.0},{"not_picked":["Indignation","CutThroughFate"],"picked":"Adaptation","floor":5.0},{"not_picked":["Adaptation","CrushJoints"],"picked":"Judgement","floor":6.0},{"not_picked":["BowlingBash","CutThroughFate","Evaluate"],"picked":"SKIP","floor":7.0},{"not_picked":["CrushJoints","CarveReality","Pray"],"picked":"SKIP","floor":11.0},{"not_picked":["BattleHymn+1","Swivel"],"picked":"Study+1","floor":14.0},{"not_picked":["Blasphemy","Scrawl"],"picked":"Wish","floor":16.0},{"not_picked":["Sanctity+1","Protect"],"picked":"SandsOfTime","floor":18.0},{"not_picked":["ThirdEye","Halt"],"picked":"Prostrate","floor":20.0},{"not_picked":["Tantrum+1","SandsOfTime"],"picked":"Prostrate","floor":21.0},{"not_picked":["Pray","Protect"],"picked":"MasterReality+1","floor":22.0},{"not_picked":["ReachHeaven","CutThroughFate","Protect"],"picked":"SKIP","floor":24.0},{"not_picked":["Protect","CrushJoints","EmptyFist"],"picked":"SKIP","floor":28.0},{"not_picked":["FlyingSleeves","EmptyMind","WindmillStrike"],"picked":"SKIP","floor":30.0},{"not_picked":["MasterReality+1","CrushJoints","Vengeance"],"picked":"SKIP","floor":31.0},{"not_picked":["Indignation","SashWhip","Crescendo"],"picked":"SKIP","floor":35.0},{"not_picked":["BowlingBash","ReachHeaven+1"],"picked":"Prostrate","floor":38.0},{"not_picked":["JustLucky","EmptyFist+1","ThirdEye"],"picked":"SKIP","floor":41.0},{"not_picked":["JustLucky+1","WheelKick+1","Crescendo+1"],"picked":"SKIP","floor":45.0},{"not_picked":["WreathOfFlame","CutThroughFate","SignatureMove+1"],"picked":"SKIP","floor":46.0},{"not_picked":["Study+1","Meditate","CrushJoints"],"picked":"SKIP","floor":48.0},{"not_picked":["Halt+1","Judgement","Weave+1"],"picked":"SKIP","floor":54.0}],"player_experience":329374,"relics_obtained":[{"floor":6.0,"key":"Sundial"},{"floor":11.0,"key":"Smiling Mask"},{"floor":24.0,"key":"aspiration:ChemicalBlood"},{"floor":26.0,"key":"aspiration:StickyExplosives_weak"},{"floor":28.0,"key":"Tiny Chest"},{"floor":31.0,"key":"hubris:Teleporter"},{"floor":38.0,"key":"Calipers"},{"floor":41.0,"key":"Old Coin"},{"floor":43.0,"key":"MealTicket"},{"floor":46.0,"key":"Centennial Puzzle"},{"floor":47.0,"key":"Bronze Scales"},{"floor":54.0,"key":"Lantern"}],"event_choices":[{"damage_healed":72.0,"max_hp_gain":0.0,"max_hp_loss":72.0,"gold_gain":0.0,"event_name":"betterThird:BetterShining","player_choice":"Upgrade","floor":2.0,"gold_loss":0.0,"damage_taken":14.0,"cards_upgraded":["Vigilance","Strike_P"]},{"damage_healed":0.0,"max_hp_gain":0.0,"max_hp_loss":0.0,"gold_gain":0.0,"event_name":"Golden Idol","player_choice":"Take Damage","floor":12.0,"gold_loss":0.0,"damage_taken":18.0,"relics_obtained":["Golden Idol"]},{"damage_healed":0.0,"max_hp_gain":0.0,"max_hp_loss":0.0,"gold_gain":0.0,"event_name":"Tomb of Lord Red Mask","player_choice":"Ignored","floor":36.0,"gold_loss":0.0,"damage_taken":0.0},{"damage_healed":0.0,"max_hp_gain":0.0,"max_hp_loss":0.0,"gold_gain":0.0,"event_name":"Mysterious Sphere","player_choice":"Fight","floor":38.0,"gold_loss":0.0,"damage_taken":0.0}],"is_beta":false,"boss_relics":[{"not_picked":["aspiration:SecretTechniqueScroll","Fusion Hammer"],"picked":"hubris:RunicObelisk"},{"not_picked":["Astrolabe","Tiny House"],"picked":"Empty Cage"}],"items_purged_floors":[10,19,37,39,44,53],"is_endless":false,"potions_floor_spawned":[1,4,5,14,16,20,21,33,38,45],"killed_by":"The Heart","ascension_level":2}}