{"host":"kiauivt48syq9iz6","time":1610999952,"event":{"mods":["A Magickal Journey","BaseMod","Conspire","Downfall","Hermit","Minty Spire (QoL Compilation)","SIMod","Somnambulant","StSLib","The Animator","The Construct","The Cursed","The Disciple","The Forsaken","The Judge","The Marked","The Runesmith","The Servant 0.9.4","The Spell Scribe"],"gold_per_floor":[119,138,12,12,30,30,205,217,240,240,258,28,28,47,47,143,143,155,173,89,89,109,109,109,109,135,145,145,156,172,87,87,183,183,194,245,245,245,24,24,24,24,24,24,40,40,88,103,103,103,103],"floor_reached":50,"language":"ENG","playtime":1805,"items_purged":["Doubt"],"score":485,"play_id":"4303e542-aa1b-4ad1-adf7-aa768e28f8c3","local_time":"20210118125912","is_ascension_mode":false,"campfire_choices":[{"floor":6,"key":"REST"},{"data":"Noxious Fumes","floor":15,"key":"SMITH"},{"floor":23,"key":"REST"},{"data":"Footwork","floor":25,"key":"SMITH"},{"floor":28,"key":"RECALL"},{"floor":32,"key":"REST"},{"floor":40,"key":"REST"},{"data":"Discovery","floor":41,"key":"SMITH"},{"data":"After Image","floor":42,"key":"SMITH"},{"floor":49,"key":"REST"}],"circlet_count":0,"master_deck":["Strike_G","Strike_G","Strike_G","Strike_G","Strike_G","Defend_G","Defend_G","Defend_G","Defend_G","Defend_G","Survivor","Neutralize+1","Caltrops","Outmaneuver","Noxious Fumes+1","Dagger Spray","Flying Knee","Dagger Throw","Calculated Gamble","Flying Knee","After Image","Acrobatics","Dash+1","Deadly Poison","Footwork+1","Panacea","downfall:Malfunctioning","Deflect+1","Backflip+1","After Image+1","Well Laid Plans+1","Finisher+1","Discovery+1","Metamorphosis","Magnetism","Deadly Poison","Deflect","hermit:Strike_Hermit","Blur+1","Reflex+1","Sucker Punch+1"],"relics":["Ring of the Snake","PreservedInsect","Lee\u0027s Waffle","Pyrelight","Cursed Key","Pen Nib","SacredBark","WingedGreaves","Snake Skull","Calipers","Bag of Preparation"],"acts_visited":["Exordium","TheCity","TheBeyond"],"potions_floor_usage":[16,36,36,36,50],"damage_taken":[{"damage":0,"enemies":"Cultist","floor":1,"turns":4},{"damage":7,"enemies":"Small Slimes","floor":2,"turns":3},{"damage":4,"enemies":"2 Louse","floor":5,"turns":4},{"damage":13,"enemies":"Exordium Wildlife","floor":8,"turns":6},{"damage":12,"enemies":"Blue Slaver","floor":11,"turns":5},{"damage":7,"enemies":"Looter","floor":14,"turns":3},{"damage":8,"enemies":"Slime Boss","floor":16,"turns":8},{"damage":9,"enemies":"Shell Parasite","floor":18,"turns":6},{"damage":8,"enemies":"conspire:FuzzyDice","floor":19,"turns":7},{"damage":9,"enemies":"Snecko","floor":22,"turns":6},{"damage":28,"enemies":"Snake Plant","floor":27,"turns":4},{"damage":5,"enemies":"Centurion and Healer","floor":29,"turns":10},{"damage":14,"enemies":"Shelled Parasite and Fungi","floor":30,"turns":6},{"damage":38,"enemies":"conspire:MysteriousRune","floor":33,"turns":12},{"damage":0,"enemies":"3 Shapes","floor":35,"turns":6},{"damage":14,"enemies":"2 Orb Walkers","floor":36,"turns":4},{"damage":24,"enemies":"3 Darklings","floor":45,"turns":7},{"damage":5,"enemies":"Giant Head","floor":47,"turns":9},{"damage":18,"enemies":"4 Shapes","floor":48,"turns":6},{"damage":57,"enemies":"Donu and Deca","floor":50,"turns":12}],"seed_played":"8242826090207603697","potions_obtained":[{"floor":1,"key":"CunningPotion"},{"floor":2,"key":"Fire Potion"},{"floor":14,"key":"hexamod:SoulburnPotion"},{"floor":16,"key":"champ:CounterPotion"},{"floor":29,"key":"Fire Potion"},{"floor":45,"key":"GamblersBrew"}],"is_trial":false,"path_per_floor":["M","M","$","?","M","R","?","M","T","?","M","$","?","M","R","B",null,"M","M","$","?","M","R","?","R","T","M","R","M","M","?","R","B",null,"M","?","?","?","$","R","R","R","T","?","M","$","E","M","R","B"],"character_chosen":"THE_SILENT","items_purchased":["Noxious Fumes","Dagger Spray","Lee\u0027s Waffle","Deadly Poison","Footwork","Snake Skull","Deadly Poison","Deflect"],"campfire_rested":5,"item_purchase_floors":[3,3,12,20,20,39,39,39],"current_hp_per_floor":[70,63,63,63,59,70,70,57,57,57,45,77,77,70,70,62,77,68,60,60,60,51,74,74,74,74,46,46,41,27,27,50,12,77,77,63,63,53,53,76,76,76,76,76,52,52,47,29,52,0,0],"gold":103,"neow_bonus":"UPGRADE_CARD","is_daily":false,"chose_seed":false,"campfire_upgraded":4,"win_rate":0.0,"timestamp":1610999952,"path_taken":["M","M","$","?","M","R","?","M","T","?","?","$","?","M","R","BOSS","M","M","$","?","?","R","?","R","T","M","R","M","M","?","R","BOSS","M","?","?","?","$","R","R","R","T","?","?","$","E","M","R","BOSS"],"items_purchased_type":["Card","Card","Relic","Card","Card","Relic","Card","Card"],"build_version":"2020-12-22","purchased_purges":1,"victory":false,"max_hp_per_floor":[70,70,70,70,70,70,70,70,70,70,70,77,77,77,77,77,77,77,77,77,77,77,77,77,77,77,77,77,77,77,77,77,77,77,77,77,77,77,77,77,77,77,77,77,77,77,77,77,77,77,77],"card_choices":[{"not_picked":["Acrobatics","Distraction"],"picked":"Caltrops","floor":1},{"not_picked":["conspire:PoisonWeapons","Backflip"],"picked":"Outmaneuver","floor":2},{"not_picked":["Outmaneuver","Dagger Spray"],"picked":"Flying Knee","floor":5},{"not_picked":["Calculated Gamble","Reflex"],"picked":"Dagger Throw","floor":8},{"not_picked":["Underhanded Strike","Blade Dance"],"picked":"Calculated Gamble","floor":11},{"not_picked":["Die Die Die","Dagger Throw"],"picked":"Flying Knee","floor":14},{"not_picked":["Burst","Die Die Die"],"picked":"After Image","floor":16},{"not_picked":["Dodge and Roll","Underhanded Strike"],"picked":"Acrobatics","floor":18},{"not_picked":["Calculated Gamble","Noxious Fumes"],"picked":"Dash+1","floor":19},{"not_picked":["conspire:DoublingDagger","Outmaneuver","Sucker Punch"],"picked":"SKIP","floor":22},{"not_picked":["Predator","PiercingWail"],"picked":"Deflect+1","floor":27},{"not_picked":["Terror+1","Prepared"],"picked":"Backflip+1","floor":29},{"not_picked":["Deadly Poison","All Out Attack","Heel Hook+1"],"picked":"SKIP","floor":30},{"not_picked":["Doppelganger","Adrenaline"],"picked":"After Image","floor":33},{"not_picked":["Slice","Backflip+1"],"picked":"Well Laid Plans+1","floor":35},{"not_picked":["Underhanded Strike","Sucker Punch"],"picked":"Finisher+1","floor":36},{"not_picked":["Impatience","Finesse"],"picked":"Discovery","floor":38},{"not_picked":["Blind","PanicButton"],"picked":"Metamorphosis","floor":38},{"not_picked":["Purity","Swift Strike"],"picked":"Magnetism","floor":38},{"not_picked":["Catalyst","Bane"],"picked":"Blur+1","floor":45},{"not_picked":["Slice","Predator"],"picked":"Reflex+1","floor":47},{"not_picked":["Backflip","Slice"],"picked":"Sucker Punch+1","floor":48}],"player_experience":169565,"relics_obtained":[{"floor":9,"key":"PreservedInsect"},{"floor":36,"key":"WingedGreaves"},{"floor":43,"key":"Calipers"},{"floor":47,"key":"Bag of Preparation"}],"event_choices":[{"damage_healed":0,"gold_gain":0,"player_choice":"Leave","damage_taken":0,"max_hp_gain":0,"max_hp_loss":0,"event_name":"conspire:Investor","floor":4,"gold_loss":0},{"damage_healed":0,"gold_gain":175,"player_choice":"AGREE","damage_taken":0,"max_hp_gain":0,"max_hp_loss":0,"event_name":"Liars Game","floor":7,"gold_loss":0,"cards_obtained":["Doubt"]},{"damage_healed":0,"gold_gain":0,"player_choice":"Disagree","damage_taken":0,"max_hp_gain":0,"max_hp_loss":0,"event_name":"conspire:LoneGhost","floor":10,"gold_loss":0},{"damage_healed":0,"gold_gain":0,"player_choice":"1 cards matched","damage_taken":0,"max_hp_gain":0,"max_hp_loss":0,"event_name":"Match and Keep!","floor":21,"gold_loss":0,"cards_obtained":["Panacea"]},{"damage_healed":0,"gold_gain":0,"player_choice":"Ignored","damage_taken":0,"max_hp_gain":0,"max_hp_loss":0,"event_name":"Beggar","floor":24,"gold_loss":0},{"damage_healed":0,"gold_gain":0,"player_choice":"Obtained Relic","damage_taken":0,"relics_obtained":["Pen Nib"],"max_hp_gain":0,"max_hp_loss":0,"event_name":"Addict","floor":31,"gold_loss":85},{"damage_healed":0,"gold_gain":0,"player_choice":"Fight","damage_taken":0,"max_hp_gain":0,"max_hp_loss":0,"event_name":"Mysterious Sphere","floor":36,"gold_loss":0},{"damage_healed":0,"gold_gain":0,"player_choice":"Ignored","damage_taken":0,"max_hp_gain":0,"max_hp_loss":0,"event_name":"Tomb of Lord Red Mask","floor":37,"gold_loss":0},{"damage_healed":0,"gold_gain":0,"player_choice":"Memory 3","damage_taken":10,"max_hp_gain":0,"max_hp_loss":0,"event_name":"SensoryStone","floor":38,"gold_loss":0},{"cards_removed":["downfall:Malfunctioning"],"damage_healed":0,"gold_gain":0,"player_choice":"Took Card","damage_taken":0,"max_hp_gain":0,"max_hp_loss":0,"event_name":"NoteForYourself","floor":44,"gold_loss":0,"cards_obtained":["hermit:Strike_Hermit"]}],"is_beta":false,"boss_relics":[{"not_picked":["Coffee Dripper","Runesmith:UraniumAnvil"],"picked":"Cursed Key"},{"not_picked":["bronze:MakeshiftBattery","WristBlade"],"picked":"SacredBark"}],"items_purged_floors":[12],"is_endless":false,"potions_floor_spawned":[1,2,14,16,22,29,33,35,45],"killed_by":"Donu and Deca","ascension_level":0}}