{"host":"2n2g1vowfllvjtvi","time":1610983553,"event":{"mods":["AchievementEnabler","BaseMod","Custom Start","GifTheSpireLib","Keyboard Shortcuts","Minty Spire (QoL Compilation)","Quick Restart","Rare Cards Sparkle","StSLib","SuperFastMode"],"gold_per_floor":[369,369,380,399,399,399,399,399,480,480,516,537,537,570,570,690,690,709,709,808,833,298,298,332,345,398,398,323,323,347,372,372,496,496,509,509,409,430,274,308,308,329,329,372,395,458,458,458,458,458],"floor_reached":51,"language":"KOR","playtime":1010,"items_purged":["Strike_R","Defend_R"],"score":1050,"play_id":"28614e8f-2f62-41eb-a30b-1a1f2ef7ab3a","local_time":"20210119002553","is_ascension_mode":true,"campfire_choices":[{"data":"Searing Blow","floor":6.0,"key":"SMITH"},{"data":"Searing Blow+1","floor":8.0,"key":"SMITH"},{"data":"Searing Blow+2","floor":10.0,"key":"SMITH"},{"data":"Searing Blow+3","floor":13.0,"key":"SMITH"},{"data":"Searing Blow+4","floor":15,"key":"SMITH"},{"data":"Searing Blow+5","floor":23,"key":"SMITH"},{"data":"Searing Blow+6","floor":27,"key":"SMITH"},{"data":"Searing Blow+7","floor":29,"key":"SMITH"},{"data":"Searing Blow+8","floor":32,"key":"SMITH"},{"data":"Searing Blow+9","floor":47,"key":"SMITH"},{"data":"Searing Blow+10","floor":49,"key":"SMITH"}],"circlet_count":0,"master_deck":["Defend_R+1","Defend_R","Defend_R+1","Bash+1","Searing Blow+11","Power Through","Evolve","Pommel Strike+1","Uppercut+1","Offering","Feel No Pain+1","Sever Soul+1","Shrug It Off+1","Deep Breath"],"relics":["Burning Blood","Golden Idol","Sundial","Molten Egg 2","Ice Cream","War Paint","Snecko Eye","ClockworkSouvenir","CaptainsWheel","Mummified Hand","Red Skull","Empty Cage","Pen Nib","Centennial Puzzle","Champion Belt","Lizard Tail","Calipers"],"acts_visited":["Exordium","TheCity","TheBeyond"],"potions_floor_usage":[14,16,16,41],"damage_taken":[{"damage":3.0,"enemies":"Small Slimes","floor":1.0,"turns":3.0},{"damage":4.0,"enemies":"2 Louse","floor":3.0,"turns":3.0},{"damage":6.0,"enemies":"Jaw Worm","floor":4.0,"turns":3.0},{"damage":12.0,"enemies":"3 Sentries","floor":11.0,"turns":9.0},{"damage":3.0,"enemies":"2 Fungi Beasts","floor":12.0,"turns":3.0},{"damage":0,"enemies":"Gremlin Nob","floor":14,"turns":2},{"damage":9,"enemies":"Hexaghost","floor":16,"turns":8},{"damage":0,"enemies":"Shell Parasite","floor":18,"turns":2},{"damage":24,"enemies":"3 Byrds","floor":21,"turns":4},{"damage":13,"enemies":"Slavers","floor":24,"turns":3},{"damage":0,"enemies":"Snecko","floor":25,"turns":2},{"damage":0,"enemies":"Snake Plant","floor":30,"turns":1},{"damage":0,"enemies":"Cultist and Chosen","floor":31,"turns":4},{"damage":0,"enemies":"Collector","floor":33,"turns":2},{"damage":0,"enemies":"3 Shapes","floor":35,"turns":4},{"damage":6,"enemies":"Orb Walker","floor":38,"turns":1},{"damage":6,"enemies":"Giant Head","floor":40,"turns":3},{"damage":0,"enemies":"Writhing Mass","floor":41,"turns":1},{"damage":0,"enemies":"Transient","floor":42,"turns":5},{"damage":6,"enemies":"Nemesis","floor":44,"turns":3},{"damage":6,"enemies":"Sphere and 2 Shapes","floor":45,"turns":2},{"damage":0,"enemies":"Mind Bloom Boss Battle","floor":46,"turns":2},{"damage":43,"enemies":"Awakened One","floor":50,"turns":3}],"seed_played":"846062261514117334","potions_obtained":[{"floor":3.0,"key":"Dexterity Potion"},{"floor":4.0,"key":"LiquidBronze"},{"floor":11.0,"key":"Fire Potion"},{"floor":14,"key":"Regen Potion"},{"floor":21,"key":"SmokeBomb"},{"floor":25,"key":"SpeedPotion"},{"floor":40,"key":"LiquidBronze"},{"floor":42,"key":"Fire Potion"},{"floor":44,"key":"FearPotion"},{"floor":45,"key":"Swift Potion"}],"is_trial":false,"path_per_floor":["M","?","M","M","?","R","?","R","T","R","E","M","R","E","R","B",null,"M","?","?","M","$","R","E","M","T","R","?","R","M","M","R","B",null,"M","?","$","M","$","E","M","M","T","E","M","?","R","?","R","B",null],"character_chosen":"IRONCLAD","items_purchased":["ClockworkSouvenir","CaptainsWheel","Centennial Puzzle"],"campfire_rested":0,"item_purchase_floors":[22,22,39],"current_hp_per_floor":[59,43,45,45,45,45,38,38,38,38,32,35,35,41,41,53,74,74,74,74,56,56,56,49,55,55,55,55,55,61,67,67,73,74,74,74,74,74,74,74,74,74,74,74,74,74,74,64,64,27],"gold":458,"neow_bonus":"TWO_FIFTY_GOLD","is_daily":false,"chose_seed":false,"campfire_upgraded":11,"win_rate":0.0,"timestamp":1610983553,"path_taken":["M","?","M","M","?","R","?","R","T","R","E","?","R","E","R","BOSS","M","?","?","M","$","R","E","M","T","R","?","R","?","M","R","BOSS","M","?","$","M","$","E","?","M","T","E","M","?","R","?","R","BOSS"],"items_purchased_type":["Relic","Relic","Relic"],"build_version":"2020-12-22","purchased_purges":2,"victory":true,"max_hp_per_floor":[80,80,80,80,74,74,74,74,74,74,74,74,74,74,74,74,74,74,74,74,74,74,74,74,74,74,74,74,74,74,74,74,74,74,74,74,74,74,74,74,74,74,74,74,74,74,74,74,74,74],"card_choices":[{"not_picked":["Thunderclap","True Grit","Searing Blow"],"picked":"SKIP","floor":1.0},{"not_picked":["Thunderclap","True Grit"],"picked":"Searing Blow","floor":1.0},{"not_picked":["Perfected Strike","Pommel Strike"],"picked":"Power Through","floor":3.0},{"not_picked":["Wild Strike","Havoc","Perfected Strike"],"picked":"SKIP","floor":4.0},{"not_picked":["Sword Boomerang+1","Corruption"],"picked":"Evolve","floor":11.0},{"not_picked":["Heavy Blade+1","Havoc","Infernal Blade"],"picked":"SKIP","floor":12.0},{"not_picked":["Wild Strike+1","Intimidate"],"picked":"Pommel Strike+1","floor":14},{"not_picked":["Battle Trance","Heavy Blade+1"],"picked":"Uppercut+1","floor":18},{"not_picked":["Pommel Strike+1","Wild Strike+1","Rampage+1"],"picked":"SKIP","floor":21},{"not_picked":["Body Slam+1","Searing Blow+1","Shockwave"],"picked":"SKIP","floor":24},{"not_picked":["Spot Weakness+1","Heavy Blade+1","Armaments"],"picked":"SKIP","floor":25},{"not_picked":["Flex","Twin Strike+1","Feel No Pain"],"picked":"SKIP","floor":30},{"not_picked":["Sword Boomerang+1","Whirlwind+1","Armaments"],"picked":"SKIP","floor":31},{"not_picked":["Corruption","Limit Break"],"picked":"Offering","floor":33},{"not_picked":["Shrug It Off","Thunderclap+1"],"picked":"Feel No Pain+1","floor":35},{"not_picked":["Seeing Red","Evolve+1"],"picked":"Sever Soul+1","floor":38},{"not_picked":["Iron Wave+1","Evolve"],"picked":"Shrug It Off+1","floor":40},{"not_picked":["Headbutt+1","Flex+1","Bloodletting+1"],"picked":"SKIP","floor":42},{"not_picked":["Shrug It Off","Flame Barrier","Headbutt+1"],"picked":"SKIP","floor":44},{"not_picked":["Battle Trance","Burning Pact","Searing Blow+1"],"picked":"SKIP","floor":45},{"not_picked":["Secret Technique","Apotheosis"],"picked":"Deep Breath","floor":48}],"player_experience":218211,"relics_obtained":[{"floor":9.0,"key":"Molten Egg 2"},{"floor":11.0,"key":"Ice Cream"},{"floor":14,"key":"War Paint"},{"floor":24,"key":"Mummified Hand"},{"floor":26,"key":"Red Skull"},{"floor":40,"key":"Champion Belt"},{"floor":44,"key":"Lizard Tail"},{"floor":46,"key":"Calipers"}],"event_choices":[{"damage_healed":0.0,"max_hp_gain":0.0,"max_hp_loss":0.0,"gold_gain":0.0,"event_name":"Shining Light","player_choice":"Entered Light","floor":2.0,"gold_loss":0.0,"damage_taken":16.0,"cards_upgraded":["Bash","Strike_R"]},{"damage_healed":0.0,"max_hp_gain":0.0,"max_hp_loss":6.0,"gold_gain":0.0,"event_name":"Golden Idol","player_choice":"Lose Max HP","floor":5.0,"gold_loss":0.0,"damage_taken":0.0,"relics_obtained":["Golden Idol"]},{"damage_healed":0.0,"max_hp_gain":0.0,"max_hp_loss":0.0,"gold_gain":0.0,"event_name":"Scrap Ooze","player_choice":"Success","floor":7.0,"gold_loss":0.0,"damage_taken":7.0,"relics_obtained":["Sundial"]},{"cards_removed":["Strike_R"],"damage_healed":0,"gold_gain":0,"player_choice":"Elegance","damage_taken":0,"max_hp_gain":0,"max_hp_loss":0,"event_name":"Back to Basics","floor":19,"gold_loss":0},{"damage_healed":0,"gold_gain":99,"player_choice":"Stole From Cult","damage_taken":0,"max_hp_gain":0,"max_hp_loss":0,"event_name":"Nest","floor":20,"gold_loss":0},{"cards_removed":["Strike_R"],"damage_healed":0,"gold_gain":0,"player_choice":"Gave Gold","damage_taken":0,"max_hp_gain":0,"max_hp_loss":0,"event_name":"Beggar","floor":28,"gold_loss":75},{"damage_healed":0,"gold_gain":0,"player_choice":"Gave Potion","damage_taken":0,"relics_obtained":["Pen Nib"],"max_hp_gain":0,"max_hp_loss":0,"event_name":"WeMeetAgain","floor":36,"gold_loss":0},{"damage_healed":0,"gold_gain":0,"player_choice":"Fight","damage_taken":0,"max_hp_gain":0,"max_hp_loss":0,"event_name":"MindBloom","floor":46,"gold_loss":0},{"damage_healed":0,"gold_gain":0,"player_choice":"Memory 3","damage_taken":10,"max_hp_gain":0,"max_hp_loss":0,"event_name":"SensoryStone","floor":48,"gold_loss":0}],"is_beta":false,"boss_relics":[{"not_picked":["Ectoplasm","Philosopher\u0027s Stone"],"picked":"Snecko Eye"},{"not_picked":["Black Star","Tiny House"],"picked":"Empty Cage"}],"items_purged_floors":[22,37],"is_endless":false,"potions_floor_spawned":[3,4,11,14,21,25,30,40,42,44,45,46],"ascension_level":1}}