{"host":"9kesdg97wkrx2bva","time":1610935690,"event":{"mods":["AchievementEnabler","BaseMod","Colored Map","GifTheSpireLib","Infinite Spire","Minty Spire (QoL Compilation)","Replay The Spire","StSLib"],"gold_per_floor":[111,36,36,49,65,65,65,65,65,65,96,107,107,122,122,194,194,212,212,212],"floor_reached":19,"language":"ENG","playtime":493,"items_purged":["Strike_B"],"score":309,"play_id":"1ca679db-14ea-4c43-8426-041aa6cb96b5","local_time":"20210117200810","is_ascension_mode":true,"campfire_choices":[{"data":"Zap","floor":6,"key":"SMITH"},{"data":"Dualcast","floor":8,"key":"SMITH"},{"data":"Panacea","floor":10,"key":"SMITH"},{"floor":15,"key":"REST"}],"circlet_count":0,"master_deck":["AscendersBane","Strike_B","Defend_B","Defend_B","Defend_B","Defend_B","Zap+1","Dualcast+1","Panacea+1","Streamline","Rebound","Beam Cell","Static Discharge","Biased Cognition","Ball Lightning"],"relics":["Cracked Core","MealTicket","Torii","Empty Cage"],"acts_visited":["Exordium","TheCity"],"potions_floor_usage":[11,16,18],"damage_taken":[{"damage":14,"enemies":"Jaw Worm","floor":1,"turns":4},{"damage":7,"enemies":"Small Slimes","floor":4,"turns":3},{"damage":1,"enemies":"Cultist","floor":5,"turns":3},{"damage":15,"enemies":"3 Sentries","floor":11,"turns":5},{"damage":14,"enemies":"Exordium Wildlife","floor":12,"turns":4},{"damage":1,"enemies":"Blue Slaver","floor":14,"turns":3},{"damage":22,"enemies":"Hexaghost","floor":16,"turns":8},{"damage":34,"enemies":"Shell Parasite","floor":18,"turns":4},{"damage":23,"enemies":"Spheric Guardian","floor":19,"turns":3}],"seed_played":"-350005952793894129","potions_obtained":[{"floor":1,"key":"infinitespire:BlackPotion"},{"floor":12,"key":"Ancient Potion"},{"floor":13,"key":"CultistPotion"},{"floor":18,"key":"Languid Potion"}],"is_trial":false,"path_per_floor":["M","$","?","M","M","R","?","R","T","R","E","M","?","M","R","B",null,"M","M"],"character_chosen":"DEFECT","items_purchased":[],"campfire_rested":1,"item_purchase_floors":[],"current_hp_per_floor":[50,50,50,43,42,42,42,42,42,42,27,13,13,12,33,11,56,22,0,0],"gold":212,"neow_bonus":"RANDOM_COLORLESS","is_daily":false,"chose_seed":false,"campfire_upgraded":3,"win_rate":0.0,"timestamp":1610935690,"path_taken":["M","$","?","M","M","R","?","R","T","R","E","M","?","M","R","BOSS","M","?"],"items_purchased_type":[],"build_version":"2020-12-22","purchased_purges":1,"victory":false,"max_hp_per_floor":[71,71,71,71,71,71,71,71,71,71,71,71,71,71,71,71,71,71,71,71],"card_choices":[{"not_picked":["ReplayTheSpireMod:Uncanny Aura","Jack Of All Trades"],"picked":"Panacea","floor":0},{"not_picked":["Coolheaded","Cold Snap"],"picked":"Streamline","floor":1},{"not_picked":["Go for the Eyes","BasicCrystalCard"],"picked":"Rebound","floor":4},{"not_picked":["Panic Button","Turbo"],"picked":"Beam Cell","floor":5},{"not_picked":["Chaos","Barrage","Heatsinks"],"picked":"SKIP","floor":11},{"not_picked":["Sweeping Beam","Stack"],"picked":"Static Discharge","floor":12},{"not_picked":["Sweeping Beam","Redo","Coolheaded"],"picked":"SKIP","floor":14},{"not_picked":["Hyperbeam","ReplayTheSpireMod:Omega Cannon"],"picked":"Biased Cognition","floor":16},{"not_picked":["Time Bomb+1","BasicCrystalCard"],"picked":"Ball Lightning","floor":18}],"player_experience":938105,"relics_obtained":[{"floor":9,"key":"MealTicket"},{"floor":11,"key":"Torii"}],"event_choices":[{"damage_healed":0,"gold_gain":0,"player_choice":"Ignored","damage_taken":0,"max_hp_gain":0,"max_hp_loss":0,"event_name":"Liars Game","floor":3,"gold_loss":0},{"damage_healed":0,"gold_gain":0,"player_choice":"Got Potions","damage_taken":0,"max_hp_gain":0,"max_hp_loss":0,"event_name":"Lab","floor":13,"gold_loss":0}],"is_beta":false,"boss_relics":[{"not_picked":["Nuclear Battery","Kintsugi"],"picked":"Empty Cage"}],"items_purged_floors":[2],"is_endless":false,"potions_floor_spawned":[1,12,14,18],"killed_by":"Spheric Guardian","ascension_level":17}}