{"host":"0z6l31g9ps0v9zzp","time":1610968661,"event":{"mods":["100% Spire Juice","Act Like it!","BaseMod","CapriCore","Minty Spire (QoL Compilation)","StSLib"],"gold_per_floor":[116,62,76,76,92,92,42,77,104,115,24,36,36,67,67,165,95,106,106,106,124,141,167,167,167,167,197,217,97,131,146,146,4,4,16,36,0,0,0,29,29,60,60,60,60,60,70,89,89,89,89,89,14,45,45],"floor_reached":56,"language":"ZHS","playtime":2929,"items_purged":["Moonworks:RocketCannon"],"score":1308,"play_id":"ebc7e106-1495-4ebe-99bb-ac24f4aad73b","local_time":"20210118191741","daily_mods":["Heirloom"],"is_ascension_mode":false,"campfire_choices":[{"data":"Moonworks:Ambush","floor":6.0,"key":"SMITH"},{"data":"Moonworks:BigBangBell","floor":13.0,"key":"SMITH"},{"data":"Moonworks:SakisCookie","floor":15.0,"key":"SMITH"},{"data":"Moonworks:LuckyCharm","floor":25.0,"key":"SMITH"},{"data":"Moonworks:GoAway","floor":29.0,"key":"SMITH"},{"floor":32.0,"key":"REST"},{"data":"Moonworks:CloudOfSeagulls","floor":41.0,"key":"SMITH"},{"floor":44.0,"key":"RECALL"},{"data":"Moonworks:LongDistanceShot","floor":49,"key":"SMITH"},{"data":"Moonworks:EvilSpyWorkPreparation","floor":52,"key":"SMITH"}],"circlet_count":0,"master_deck":["Moonworks:Strike+1","Moonworks:Strike","Moonworks:Defend","Moonworks:Defend","Moonworks:Defend","Moonworks:Defend","Moonworks:Ambush+1","Moonworks:LongDistanceShot+1","Moonworks:BigBangBell+1","Moonworks:NicePresent","Moonworks:NicePresent","Moonworks:SakisCookie+1","Moonworks:LuckyCharm+1","Moonworks:EvilSpyWorkPreparation+1","Moonworks:BackdoorTrade+1","Moonworks:GoAway+1","Moonworks:TreasureThief+1","Moonworks:Accelerator+1","Moonworks:CloudOfSeagulls+1","Madness","Madness","Moonworks:Encore+1","Moonworks:EvilSpyWorkPreparation+1","Moonworks:CloudOfSeagulls","Moonworks:SweetBattle"],"relics":["Moonworks:BrokenBomb","Moonworks:Homemark","Torii","Akabeko","Happy Flower","Potion Belt","Prayer Wheel","Art of War","Tiny House","Bag of Preparation","FaceOfCleric","Frozen Egg 2","Orichalcum","Lizard Tail","Sozu","Red Mask","InkBottle","MealTicket","StrikeDummy","Bottled Flame"],"acts_visited":["Exordium","TheCity","TheBeyond","TheEnding"],"potions_floor_usage":[50],"damage_taken":[{"damage":1.0,"enemies":"Cultist","floor":1.0,"turns":3.0},{"damage":1.0,"enemies":"2 Louse","floor":3.0,"turns":2.0},{"damage":0.0,"enemies":"Small Slimes","floor":5.0,"turns":2.0},{"damage":30.0,"enemies":"Lagavulin","floor":8.0,"turns":7.0},{"damage":0.0,"enemies":"2 Fungi Beasts","floor":10.0,"turns":2.0},{"damage":2.0,"enemies":"3 Sentries","floor":11.0,"turns":6.0},{"damage":0.0,"enemies":"Looter","floor":12.0,"turns":3.0},{"damage":1.0,"enemies":"Gremlin Nob","floor":14.0,"turns":3.0},{"damage":15.0,"enemies":"The Guardian","floor":16.0,"turns":11.0},{"damage":1.0,"enemies":"2 Thieves","floor":18.0,"turns":4.0},{"damage":0.0,"enemies":"3 Byrds","floor":21.0,"turns":3.0},{"damage":1.0,"enemies":"3 Cultists","floor":22.0,"turns":3.0},{"damage":35.0,"enemies":"Book of Stabbing","floor":23.0,"turns":6.0},{"damage":0.0,"enemies":"Gremlin Leader","floor":27.0,"turns":4.0},{"damage":2.0,"enemies":"Shelled Parasite and Fungi","floor":28.0,"turns":3.0},{"damage":13.0,"enemies":"Slavers","floor":30.0,"turns":4.0},{"damage":0.0,"enemies":"Sentry and Sphere","floor":31.0,"turns":3.0},{"damage":34.0,"enemies":"Collector","floor":33.0,"turns":7.0},{"damage":0.0,"enemies":"Orb Walker","floor":35.0,"turns":2.0},{"damage":1.0,"enemies":"3 Shapes","floor":36.0,"turns":2.0},{"damage":9.0,"enemies":"Giant Head","floor":40.0,"turns":5.0},{"damage":22.0,"enemies":"Reptomancer","floor":42.0,"turns":4.0},{"damage":0,"enemies":"Maw","floor":47,"turns":5},{"damage":12,"enemies":"3 Darklings","floor":48,"turns":3},{"damage":50,"enemies":"Awakened One","floor":50,"turns":6},{"damage":2,"enemies":"Shield and Spear","floor":54,"turns":2},{"damage":174,"enemies":"The Heart","floor":55,"turns":8}],"seed_played":"-6836211139085771678","potions_obtained":[{"floor":3.0,"key":"Block Potion"},{"floor":10.0,"key":"Explosive Potion"},{"floor":16.0,"key":"Energy Potion"},{"floor":17.0,"key":"Fruit Juice"},{"floor":22.0,"key":"Energy Potion"},{"floor":27.0,"key":"Dexterity Potion"},{"floor":30.0,"key":"GamblersBrew"},{"floor":33.0,"key":"Weak Potion"}],"is_trial":true,"path_per_floor":["M","$","M","?","M","R","?","E","T","M","E","M","R","E","R","B",null,"M","?","?","M","M","E","?","R","T","E","M","R","E","M","R","B",null,"M","M","?","?","?","E","R","E","T","R","$","T","M","M","R","B",null,"R","$","E","B",null],"character_chosen":"THE_STARBREAKER","items_purchased":["Moonworks:NicePresent"],"campfire_rested":1,"item_purchase_floors":[2],"current_hp_per_floor":[59,59,58,51,51,51,51,21,21,21,19,19,19,18,18,6,70,69,56,56,59,61,29,29,29,29,33,35,35,26,30,53,23,80,81,82,82,82,72,67,67,49,49,49,64,64,68,60,60,14,87,87,87,88,21],"gold":45,"neow_bonus":"","is_daily":false,"chose_seed":false,"campfire_upgraded":8,"win_rate":0.0,"timestamp":1610968661,"path_taken":["M","?","M","?","M","R","?","E","T","M","E","M","R","E","R","BOSS","M","?","?","?","M","E","?","R","T","E","M","R","E","M","R","BOSS","M","M","?","?","?","E","R","E","T","R","?","?","M","M","R","BOSS","R","$","E","BOSS"],"items_purchased_type":["Card"],"build_version":"2020-12-22","purchased_purges":1,"victory":true,"max_hp_per_floor":[60,60,60,60,60,60,60,60,60,60,60,60,60,60,60,60,70,70,75,75,75,75,75,75,75,75,76,77,77,78,79,79,80,80,81,82,82,82,82,83,83,84,84,84,84,84,85,86,86,87,87,87,87,88,89],"card_choices":[{"not_picked":["Moonworks:LulusLuckyEgg","Moonworks:CloudOfSeagulls"],"picked":"Moonworks:BigBangBell","floor":1.0},{"not_picked":["Moonworks:CloudOfSeagulls","Moonworks:IndiscriminateFireSupport","Moonworks:JonathanRush"],"picked":"SKIP","floor":3.0},{"not_picked":["Moonworks:IndiscriminateFireSupport","Moonworks:NicePresent","Moonworks:BindingChains"],"picked":"SKIP","floor":5.0},{"not_picked":["Moonworks:IndiscriminateFireSupport","Moonworks:BindingChains"],"picked":"Moonworks:NicePresent","floor":5.0},{"not_picked":["Moonworks:SakisCookie","Moonworks:BeyondHell","Moonworks:ImOnFire"],"picked":"SKIP","floor":8.0},{"not_picked":["Moonworks:CookingTime","Moonworks:BigBangBell","Moonworks:JonathanRush"],"picked":"SKIP","floor":10.0},{"not_picked":["Moonworks:x16BigRocket","Moonworks:RedAndBlue","Moonworks:StiffCrystal"],"picked":"SKIP","floor":11.0},{"not_picked":["Moonworks:ForcedRevival","Moonworks:Assault","Moonworks:SakisCookie"],"picked":"SKIP","floor":12.0},{"not_picked":["Moonworks:SakisCookie","Moonworks:Dinner","Moonworks:BigMagnum"],"picked":"SKIP","floor":12.0},{"not_picked":["Moonworks:ForcedRevival","Moonworks:Assault"],"picked":"Moonworks:SakisCookie","floor":12.0},{"not_picked":["Moonworks:SakisCookie","Moonworks:Dinner","Moonworks:BigMagnum"],"picked":"SKIP","floor":12.0},{"not_picked":["Moonworks:CastOff","Moonworks:Assault"],"picked":"Moonworks:LuckyCharm","floor":14.0},{"not_picked":["Moonworks:IndiscriminateFireSupport+1","Moonworks:LulusLuckyEgg+1","Moonworks:Assault"],"picked":"SKIP","floor":18.0},{"not_picked":["Moonworks:Assault","Moonworks:SakisCookie","Moonworks:EvilSpyWorkPreparation"],"picked":"SKIP","floor":18.0},{"not_picked":["Moonworks:Assault","Moonworks:SakisCookie"],"picked":"Moonworks:EvilSpyWorkPreparation","floor":18.0},{"not_picked":["Moonworks:IndiscriminateFireSupport+1","Moonworks:LulusLuckyEgg+1","Moonworks:Assault"],"picked":"SKIP","floor":18.0},{"not_picked":["Moonworks:CompletionReward","Moonworks:MiracleRedBeanIceCream"],"picked":"Moonworks:BackdoorTrade+1","floor":21.0},{"not_picked":["Moonworks:LulusLuckyEgg","Moonworks:FinalSurgery","Moonworks:JonathanRush+1"],"picked":"SKIP","floor":21.0},{"not_picked":["Moonworks:SinkOrSwim","Moonworks:ImOnFire","Moonworks:JonathanRush+1"],"picked":"SKIP","floor":22.0},{"not_picked":["Moonworks:SakisCookie","Moonworks:CastOff","Moonworks:NicePresent"],"picked":"SKIP","floor":22.0},{"not_picked":["Moonworks:DeployBits","Moonworks:JonathanRush+1","Moonworks:SakisCookie"],"picked":"SKIP","floor":23.0},{"not_picked":["Moonworks:Assault","Moonworks:LulusLuckyEgg","Moonworks:BigMagnum"],"picked":"SKIP","floor":27.0},{"not_picked":["Moonworks:NicePresent","Moonworks:Dinner"],"picked":"Moonworks:GoAway","floor":28.0},{"not_picked":["Moonworks:JonathanRush","Moonworks:Poppoformation","Moonworks:CloudOfSeagulls"],"picked":"SKIP","floor":28.0},{"not_picked":["Moonworks:Bloodlust","Moonworks:LuckyCharm","Moonworks:AngelHand"],"picked":"SKIP","floor":30.0},{"not_picked":["Moonworks:EvilSpyWorkPreparation","Moonworks:IndiscriminateFireSupport"],"picked":"Moonworks:TreasureThief+1","floor":31.0},{"not_picked":["Moonworks:TacticalRetreat","Moonworks:EvilSpyWorkPreparation","Moonworks:Assault"],"picked":"SKIP","floor":31.0},{"not_picked":["Moonworks:ShieldCounter","Moonworks:CrystalBarrier+1"],"picked":"Moonworks:Accelerator+1","floor":33.0},{"not_picked":["Moonworks:EvilSpyWorkPreparation+1","Moonworks:AwakeningOfTalent+1","Moonworks:NicePresent"],"picked":"SKIP","floor":35.0},{"not_picked":["Moonworks:Dinner","Moonworks:DeployBits","Moonworks:MixPhenomenon"],"picked":"SKIP","floor":35.0},{"not_picked":["Moonworks:RedAndBlue+1","Moonworks:CookingTime"],"picked":"Moonworks:CloudOfSeagulls","floor":36.0},{"not_picked":["Moonworks:TacticalRetreat","Moonworks:ImOnFire+1","Moonworks:IndiscriminateFireSupport+1"],"picked":"SKIP","floor":36.0},{"not_picked":["Moonworks:EvilSpyWorkPreparation+1","Moonworks:BigMagnum+1"],"picked":"Moonworks:Encore+1","floor":40.0},{"not_picked":["Moonworks:ImOnFire","Moonworks:JonathanRush+1","Moonworks:TacticalRetreat+1"],"picked":"SKIP","floor":42.0},{"not_picked":["Moonworks:ScrambledEve","Moonworks:ExtendedPhotonRifle","Moonworks:IndiscriminateFireSupport"],"picked":"SKIP","floor":47},{"not_picked":["Moonworks:EvilSpyWorkPreparation","Moonworks:WindyEnchantment+1","Moonworks:TacticalRetreat"],"picked":"SKIP","floor":47},{"not_picked":["Moonworks:SakisCookie+1","Moonworks:NicePresent"],"picked":"Moonworks:EvilSpyWorkPreparation+1","floor":48},{"not_picked":["Moonworks:EvilSpyWorkPreparation+1","Moonworks:IndiscriminateFireSupport+1"],"picked":"Moonworks:CloudOfSeagulls","floor":48},{"not_picked":["Moonworks:SubspaceTunnel","Moonworks:AwakeningOfTalent+1"],"picked":"Moonworks:SweetBattle","floor":54}],"player_experience":279404,"relics_obtained":[{"floor":8.0,"key":"Happy Flower"},{"floor":9.0,"key":"Potion Belt"},{"floor":11.0,"key":"Prayer Wheel"},{"floor":14.0,"key":"Art of War"},{"floor":23.0,"key":"Bag of Preparation"},{"floor":26.0,"key":"Frozen Egg 2"},{"floor":27.0,"key":"Orichalcum"},{"floor":30.0,"key":"Lizard Tail"},{"floor":40.0,"key":"InkBottle"},{"floor":42.0,"key":"MealTicket"},{"floor":46.0,"key":"StrikeDummy"},{"floor":54,"key":"Bottled Flame"}],"event_choices":[{"damage_healed":0.0,"max_hp_gain":0.0,"max_hp_loss":0.0,"gold_gain":0.0,"event_name":"Scrap Ooze","player_choice":"Success","floor":4.0,"gold_loss":0.0,"damage_taken":7.0,"relics_obtained":["Akabeko"]},{"cards_removed":["Moonworks:Strike"],"damage_healed":0.0,"max_hp_gain":0.0,"max_hp_loss":0.0,"gold_gain":0.0,"event_name":"The Cleric","player_choice":"Card Removal","floor":7.0,"gold_loss":50.0,"damage_taken":0.0},{"damage_healed":0.0,"max_hp_gain":5.0,"max_hp_loss":0.0,"gold_gain":0.0,"event_name":"Forgotten Altar","player_choice":"Shed Blood","floor":19.0,"gold_loss":0.0,"damage_taken":18.0},{"damage_healed":0.0,"max_hp_gain":0.0,"max_hp_loss":0.0,"gold_gain":0.0,"event_name":"Match and Keep!","player_choice":"1 cards matched","floor":20.0,"gold_loss":0.0,"damage_taken":0.0,"cards_obtained":["Moonworks:RocketCannon"]},{"damage_healed":0.0,"max_hp_gain":0.0,"max_hp_loss":0.0,"gold_gain":0.0,"event_name":"FaceTrader","player_choice":"Trade","floor":24.0,"gold_loss":0.0,"damage_taken":0.0,"relics_obtained":["FaceOfCleric"]},{"damage_healed":0.0,"max_hp_gain":0.0,"max_hp_loss":0.0,"gold_gain":0.0,"event_name":"Tomb of Lord Red Mask","player_choice":"Paid","floor":37.0,"gold_loss":36.0,"damage_taken":0.0,"relics_obtained":["Red Mask"]},{"cards_removed":["Moonworks:Strike"],"damage_healed":0.0,"max_hp_gain":0.0,"max_hp_loss":0.0,"gold_gain":0.0,"event_name":"Falling","player_choice":"Removed Attack","floor":38.0,"gold_loss":0.0,"damage_taken":0.0},{"damage_healed":0.0,"max_hp_gain":0.0,"max_hp_loss":0.0,"gold_gain":0.0,"event_name":"Winding Halls","player_choice":"Embrace Madness","floor":39.0,"gold_loss":0.0,"damage_taken":10.0,"cards_obtained":["Madness","Madness"]}],"is_beta":false,"boss_relics":[{"not_picked":["Pandora\u0027s Box","Ectoplasm"],"picked":"Tiny House"},{"not_picked":["Velvet Choker","SlaversCollar"],"picked":"Sozu"}],"items_purged_floors":[53],"is_endless":false,"potions_floor_spawned":[3,10,16,22,27,30,33,35,48],"ascension_level":0}}