{"host":"u1dfzl6o6mfmauc3","time":1610950519,"event":{"mods":["2.2 Compatiblity","AchievementEnabler","BaseMod","Block Reminder","Challenge The Spire","Dark Map","Hermit","Minty Spire (QoL Compilation)","Relic Stats","Robot Space Explorer","StSLib","The Disciple"],"gold_per_floor":[111,128,128,138,93,93,120,136,136,153,163,163,163,188,188,292,292,312,329,25,25,45,71,71,71,71],"floor_reached":25,"language":"ENG","playtime":1062,"items_purged":["Strike_B"],"score":291,"play_id":"cb27547c-038a-4694-b0b4-dbfa3f9aa420","local_time":"20210118011519","is_ascension_mode":true,"campfire_choices":[{"data":"Zap","floor":6,"key":"SMITH"},{"data":"Beam Cell","floor":13,"key":"SMITH"},{"data":"Ball Lightning","floor":15,"key":"SMITH"}],"circlet_count":0,"master_deck":["Defend_B","Defend_B+1","Defend_B","Zap+1","Dualcast","Lockon+1","Stack+1","Hologram+1","Beam Cell+1","Coolheaded","Leap","Cold Snap+1","Ball Lightning+1","Melter+1","Seek","Doom and Gloom+1","Fusion","Coolheaded+1","Glacier","Glacier"],"relics":["Astrolabe","Ornamental Fan","Calipers","Unceasing Top","Nuclear Battery","Whetstone","CultistMask","War Paint"],"acts_visited":["Exordium","TheCity"],"potions_floor_usage":[22],"damage_taken":[{"damage":2,"enemies":"Jaw Worm","floor":1,"turns":3},{"damage":0,"enemies":"Cultist","floor":2,"turns":3},{"damage":0,"enemies":"Small Slimes","floor":4,"turns":5},{"damage":0,"enemies":"Looter","floor":5,"turns":5},{"damage":17,"enemies":"Gremlin Nob","floor":7,"turns":4},{"damage":1,"enemies":"3 Louse","floor":8,"turns":4},{"damage":3,"enemies":"Exordium Wildlife","floor":10,"turns":3},{"damage":1,"enemies":"Looter","floor":11,"turns":3},{"damage":1,"enemies":"3 Sentries","floor":14,"turns":8},{"damage":8,"enemies":"The Guardian","floor":16,"turns":12},{"damage":0,"enemies":"Spheric Guardian","floor":18,"turns":2},{"damage":3,"enemies":"Chosen","floor":19,"turns":3},{"damage":0,"enemies":"Shelled Parasite and Fungi","floor":22,"turns":3},{"damage":30,"enemies":"Book of Stabbing","floor":23,"turns":6},{"damage":48,"enemies":"3 Cultists","floor":25,"turns":6}],"seed_played":"5786784460550367104","potions_obtained":[{"floor":1,"key":"FearPotion"},{"floor":2,"key":"DistilledChaos"},{"floor":7,"key":"EssenceOfDarkness"}],"is_trial":false,"path_per_floor":["M","M","?","M","M","R","E","M","T","M","M","?","R","E","R","B",null,"M","M","$","?","M","E","?","M"],"character_chosen":"DEFECT","items_purchased":["Whetstone","Fusion"],"campfire_rested":0,"item_purchase_floors":[20,20],"current_hp_per_floor":[73,73,66,66,66,66,49,48,48,45,44,44,44,43,43,35,65,65,62,62,62,62,32,32,0,0],"gold":71,"neow_bonus":"BOSS_RELIC","is_daily":false,"chose_seed":false,"campfire_upgraded":3,"win_rate":0.0,"timestamp":1610950519,"path_taken":["M","M","?","M","M","R","E","?","T","M","M","?","R","E","R","BOSS","M","M","$","?","?","E","?","M"],"items_purchased_type":["Relic","Card"],"build_version":"2020-12-22","purchased_purges":1,"victory":false,"max_hp_per_floor":[75,75,75,75,75,75,75,75,75,75,75,75,75,75,75,75,75,75,75,75,75,75,75,75,75,75],"relic_stats":{"counters":[15,70],"Ornamental Fan":[32],"Astrolabe":["Lockon","Stack","Hologram"],"Whetstone":["Cold Snap","Melter"],"War Paint":["Coolheaded","Defend_B"],"obtain_stats":[{"Calipers":9,"Ornamental Fan":7,"Astrolabe":0,"CultistMask":21,"Whetstone":20,"War Paint":23,"Cracked Core":0,"Unceasing Top":14,"Nuclear Battery":17},{"Calipers":6,"Ornamental Fan":5,"Astrolabe":0,"CultistMask":12,"Whetstone":12,"War Paint":14,"Cracked Core":0,"Unceasing Top":9,"Nuclear Battery":10},{"Calipers":24,"Ornamental Fan":20,"Astrolabe":0,"CultistMask":55,"Whetstone":55,"War Paint":64,"Cracked Core":0,"Unceasing Top":38,"Nuclear Battery":50}],"Unceasing Top":[9]},"card_choices":[{"not_picked":["Recycle","Turbo"],"picked":"Beam Cell","floor":1},{"not_picked":["Steam","Gash"],"picked":"Coolheaded","floor":2},{"not_picked":["Rebound","Darkness"],"picked":"Leap","floor":4},{"not_picked":["Hello World","Capacitor"],"picked":"Cold Snap","floor":5},{"not_picked":["Hologram","Compile Driver"],"picked":"Ball Lightning","floor":7},{"not_picked":["Tempest","Auto Shields","Go for the Eyes"],"picked":"SKIP","floor":8},{"not_picked":["Sweeping Beam","Static Discharge","Reinforced Body"],"picked":"SKIP","floor":10},{"not_picked":["Rebound","Compile Driver","Hello World"],"picked":"SKIP","floor":11},{"not_picked":["Force Field","Storm"],"picked":"Melter","floor":14},{"not_picked":["Machine Learning","Hyperbeam"],"picked":"Seek","floor":16},{"not_picked":["Darkness","Cold Snap"],"picked":"Doom and Gloom+1","floor":18},{"not_picked":["Double Energy","Doom and Gloom","Hologram+1"],"picked":"SKIP","floor":19},{"not_picked":["Steam Power+1","Beam Cell+1"],"picked":"Coolheaded","floor":22},{"not_picked":["Leap","Streamline"],"picked":"Glacier","floor":23}],"player_experience":112091,"relics_obtained":[{"floor":7,"key":"Ornamental Fan"},{"floor":9,"key":"Calipers"},{"floor":14,"key":"Unceasing Top"},{"floor":23,"key":"War Paint"}],"event_choices":[{"damage_healed":0,"gold_gain":0,"player_choice":"Damaged","damage_taken":7,"max_hp_gain":0,"max_hp_loss":0,"event_name":"Wheel of Change","floor":3,"gold_loss":0},{"cards_removed":["Defend_B"],"damage_healed":0,"gold_gain":0,"player_choice":"Offered Basic","damage_taken":0,"max_hp_gain":0,"max_hp_loss":0,"event_name":"Bonfire Elementals","floor":12,"gold_loss":0},{"damage_healed":0,"gold_gain":0,"player_choice":"Trade","damage_taken":0,"relics_obtained":["CultistMask"],"max_hp_gain":0,"max_hp_loss":0,"event_name":"FaceTrader","floor":21,"gold_loss":0},{"damage_healed":0,"gold_gain":0,"player_choice":"Copied","damage_taken":0,"max_hp_gain":0,"max_hp_loss":0,"event_name":"Duplicator","floor":24,"gold_loss":0,"cards_obtained":["Glacier"]}],"is_beta":false,"boss_relics":[{"not_picked":["Philosopher\u0027s Stone","SlaversCollar"],"picked":"Nuclear Battery"}],"items_purged_floors":[20],"is_endless":false,"potions_floor_spawned":[1,2,7,18],"killed_by":"3 Cultists","ascension_level":5}}