{"host":"nsu382cuivk29rjh","time":1610983703,"event":{"mods":["BaseMod","Downfall","Minty Spire (QoL Compilation)","StSLib"],"gold_per_floor":[99,117,117,117,131,131,158,68,84,84,109,121,153,164,181,279,279,179,189,222,234,119,144,144,144,144,164,164,164,193,242,256,361,361,361,377,387,442,461,495,495,513,313,324,324,83,96,112,129,129,129,159,159,159,159,159],"floor_reached":57,"language":"ZHS","playtime":3235,"items_purged":["Slimebound:Strike_Slimebound","Slimebound:Strike_Slimebound","Slimebound:Defend_Slimebound","Slimebound:RollThrough"],"score":1382,"play_id":"24b7d371-e6eb-418b-9fa5-5e2079e8e8f8","local_time":"20210118232823","is_ascension_mode":true,"campfire_choices":[{"floor":1.0,"key":"RECALL"},{"data":"Slimebound:Equalize","floor":6.0,"key":"SMITH"},{"data":"Slimebound:BestDefense","floor":10.0,"key":"SMITH"},{"data":"Slimebound:CheckThePlaybook","floor":18.0,"key":"SMITH"},{"data":"Slimebound:Split","floor":25,"key":"SMITH"},{"data":"Slimebound:FlameTackle","floor":29,"key":"SMITH"},{"data":"Slimebound:TagTeam","floor":35,"key":"SMITH"},{"data":"Slimebound:ComboTackle","floor":43,"key":"SMITH"},{"data":"Slimebound:ComboTackle","floor":45,"key":"SMITH"},{"data":"Slimebound:Teamwork","floor":54,"key":"SMITH"}],"circlet_count":0,"master_deck":["Slimebound:Tackle","Slimebound:Defend_Slimebound","Slimebound:Split+1","Slimebound:CorrosiveSpit","Slimebound:Equalize+1","Slimebound:ForwardTackle","Slimebound:BestDefense+1","Slimebound:SlimeSpikes","Slimebound:ComboTackle+1","Slimebound:Dissolve","Slimebound:SlimeTap","Slimebound:Teamwork+1","Slimebound:CheckThePlaybook+1","Slimebound:RainOfGoop","Slimebound:FormOfPuddle+1","Ghostly","Ghostly","Ghostly","Ghostly","Ghostly","Slimebound:FlameTackle+1","Slimebound:ComboTackle+1","Slimebound:TagTeam+1","Slimebound:FlameTackle+1","Slimebound:SpikyOuterGoop+1","Slimebound:ServeAndProtect+1","Slimebound:Prepare","Slimebound:LeadByExample+1","Slimebound:Prepare","Madness","Slimebound:Prepare+1","Slimebound:SamplingLick+1","Slimebound:SlimeTap+1"],"relics":["Coffee Dripper","Ancient Tea Set","Frozen Egg 2","Art of War","Runic Dome","downfall:HeartBlessingRed","Red Mask","Gremlin Horn","Ornamental Fan","PreservedInsect","Slimebound:SelfDamagePreventRelic","Astrolabe","Unceasing Top","Ginger","downfall:HeartBlessingGreen","downfall:HeartBlessingBlue","Pen Nib"],"acts_visited":["TheCity","TheBeyond","TheEnding"],"potions_floor_usage":[21,56,56,56,56,56],"damage_taken":[{"damage":0.0,"enemies":"Jaw Worm","floor":2.0,"turns":3.0},{"damage":3.0,"enemies":"2 Louse","floor":5.0,"turns":3.0},{"damage":4.0,"enemies":"downfall:FleeingMerchant","floor":8.0,"turns":4.0},{"damage":6.0,"enemies":"Small Slimes","floor":9.0,"turns":3.0},{"damage":21.0,"enemies":"3 Sentries","floor":11.0,"turns":9.0},{"damage":6.0,"enemies":"3 Louse","floor":12.0,"turns":4.0},{"damage":22.0,"enemies":"Lagavulin","floor":13.0,"turns":6.0},{"damage":0.0,"enemies":"Blue Slaver","floor":14.0,"turns":4.0},{"damage":0.0,"enemies":"2 Fungi Beasts","floor":15.0,"turns":3.0},{"damage":50.0,"enemies":"SI_SHIV_ARCHETYPE","floor":16.0,"turns":6.0},{"damage":15.0,"enemies":"Chosen","floor":19.0,"turns":3.0},{"damage":0,"enemies":"Masked Bandits","floor":20,"turns":2},{"damage":17,"enemies":"3 Byrds","floor":21,"turns":2},{"damage":9,"enemies":"downfall:FleeingMerchant","floor":22,"turns":4},{"damage":19,"enemies":"Book of Stabbing","floor":23,"turns":3},{"damage":0,"enemies":"Snake Plant","floor":27,"turns":3},{"damage":0,"enemies":"Gremlin Leader","floor":30,"turns":4},{"damage":2,"enemies":"downfall:FleeingMerchant","floor":31,"turns":3},{"damage":1,"enemies":"Centurion and Healer","floor":32,"turns":5},{"damage":3,"enemies":"IC_MUSHROOM_ARCHETYPE","floor":33,"turns":5},{"damage":0,"enemies":"Orb Walker","floor":36,"turns":3},{"damage":1,"enemies":"3 Darklings","floor":37,"turns":4},{"damage":0,"enemies":"2 Orb Walkers","floor":38,"turns":3},{"damage":5,"enemies":"Sphere and 2 Shapes","floor":39,"turns":3},{"damage":0,"enemies":"Nemesis","floor":40,"turns":5},{"damage":4,"enemies":"Spire Growth","floor":42,"turns":4},{"damage":4,"enemies":"Maw","floor":44,"turns":5},{"damage":14,"enemies":"4 Shapes","floor":47,"turns":4},{"damage":3,"enemies":"Spire Growth","floor":48,"turns":4},{"damage":13,"enemies":"Jaw Worm Horde","floor":49,"turns":2},{"damage":5,"enemies":"WA_ARCHETYPE_DIVINITY","floor":50,"turns":7},{"damage":3,"enemies":"downfall:CharBossMerchant","floor":52,"turns":7},{"damage":14,"enemies":"downfall:NeowBoss","floor":55,"turns":10},{"damage":13,"enemies":"downfall:NeowBossFinal","floor":56,"turns":7}],"seed_played":"2597203042222768342","potions_obtained":[{"floor":2.0,"key":"LiquidBronze"},{"floor":5.0,"key":"Slimebound:ThreeZeroPotion"},{"floor":15.0,"key":"LiquidMemories"},{"floor":23,"key":"FearPotion"},{"floor":27,"key":"EntropicBrew"},{"floor":47,"key":"DuplicationPotion"},{"floor":52,"key":"Energy Potion"}],"is_trial":false,"path_per_floor":["R","M","?","?","M","R","T","$","M","R","E","M","E","M","M","B",null,"R","M","?","M","$","E","T","R","?","M","?","R","E","$","M","B",null,"R","M","M","?","M","E","T","M","R","M","R","$","M","M","M","B",null,"E","$","R","B","B",null],"character_chosen":"SLIMEBOUND","items_purchased":["Slimebound:SelfDamagePreventRelic","Madness"],"campfire_rested":0,"item_purchase_floors":[31,46],"current_hp_per_floor":[65,65,65,65,64,64,64,62,64,64,43,41,27,35,43,1,65,65,50,58,45,44,33,33,33,32,32,32,32,32,30,31,29,32,32,32,31,32,29,32,32,28,38,41,41,41,28,33,32,31,42,39,39,39,29,16],"gold":159,"neow_bonus":"BOSS_RELIC","is_daily":false,"chose_seed":false,"campfire_upgraded":9,"win_rate":0.0,"timestamp":1610983703,"path_taken":["R","M","?","?","M","R","T","$","M","R","E","M","E","M","M","BOSS","R","M","?","M","$","E","T","R","?","M","?","R","E","$","M","BOSS","R","M","M","?","M","E","T","M","R","M","R","$","M","M","M","BOSS","E","$","R","BOSS","BOSS"],"items_purchased_type":["Relic","Card"],"build_version":"2020-12-22","purchased_purges":4,"victory":true,"max_hp_per_floor":[65,65,65,65,65,65,65,65,65,65,65,65,65,65,65,65,65,65,65,65,65,65,65,65,65,32,32,32,32,32,32,32,32,32,32,32,32,32,32,32,32,32,42,42,42,42,42,42,42,42,42,42,42,42,42,42],"card_choices":[{"not_picked":["Slimebound:Gluttony","Slimebound:ServeAndProtect"],"picked":"Slimebound:Equalize","floor":2.0},{"not_picked":["Slimebound:ComboTackle","Slimebound:SlimeBrawl"],"picked":"Slimebound:ForwardTackle","floor":5.0},{"not_picked":["Slimebound:Schlurp","Slimebound:RejuvenatingLick"],"picked":"Slimebound:BestDefense","floor":8.0},{"not_picked":["Slimebound:SamplingLick","Slimebound:SplitAcid"],"picked":"Slimebound:SlimeSpikes","floor":9.0},{"not_picked":["Slimebound:Recycling+1","Slimebound:Dissolve"],"picked":"Slimebound:ComboTackle","floor":11.0},{"not_picked":["Slimebound:LeechingTouch","Slimebound:ComboTackle"],"picked":"Slimebound:Dissolve","floor":12.0},{"not_picked":["Slimebound:LeechingTouch","Slimebound:SamplingLick"],"picked":"Slimebound:SlimeTap","floor":13.0},{"not_picked":["Slimebound:SplitBruiser","Slimebound:ItLooksTasty"],"picked":"Slimebound:Teamwork","floor":14.0},{"not_picked":["Slimebound:FormOfPuddle","Slimebound:MegaLick"],"picked":"Slimebound:LivingWall","floor":15.0},{"not_picked":["Slimebound:MassFeed","Slimebound:SlimeSlap"],"picked":"Slimebound:CheckThePlaybook","floor":16.0},{"not_picked":["Slimebound:SlimeSpikes","Slimebound:LeechingTouch","Slimebound:ItLooksTasty+1"],"picked":"SKIP","floor":19.0},{"not_picked":["Slimebound:RainOfGoop","Slimebound:SplitBruiser","Slimebound:SplitAcid"],"picked":"SKIP","floor":21},{"not_picked":["Slimebound:SplitBruiser","Slimebound:SplitAcid"],"picked":"Slimebound:RainOfGoop","floor":21},{"not_picked":["Slimebound:TongueLash","Slimebound:ItLooksTasty"],"picked":"Slimebound:RollThrough","floor":22},{"not_picked":["Slimebound:LevelUp+1","Slimebound:GoopSpray"],"picked":"Slimebound:FormOfPuddle+1","floor":23},{"not_picked":["Slimebound:GoopSpray","Slimebound:RollThrough"],"picked":"Slimebound:FlameTackle","floor":27},{"not_picked":["Slimebound:GoopTackle+1","Slimebound:RainOfGoop"],"picked":"Slimebound:ComboTackle","floor":30},{"not_picked":["Slimebound:ServeAndProtect","Slimebound:TongueLash","Slimebound:SpikyOuterGoop+1"],"picked":"SKIP","floor":31},{"not_picked":["Slimebound:GoopSpray+1","Slimebound:DivideAndConquer","Slimebound:Overexert+1"],"picked":"SKIP","floor":32},{"not_picked":["Slimebound:DuplicatedForm+1","Slimebound:Overexert+1"],"picked":"Slimebound:TagTeam","floor":33},{"not_picked":["Slimebound:Chomp","Slimebound:SamplingLick","Slimebound:PressTheAttack"],"picked":"SKIP","floor":36},{"not_picked":["Slimebound:SplitLeeching","Slimebound:Schlurp"],"picked":"Slimebound:Prepare","floor":37},{"not_picked":["Slimebound:TongueLash+1","Slimebound:DivideAndConquer+1"],"picked":"Slimebound:LeadByExample+1","floor":38},{"not_picked":["Slimebound:GoopSpray","Slimebound:ProtectTheBoss+1","Slimebound:RollThrough+1"],"picked":"SKIP","floor":39},{"not_picked":["Slimebound:MegaLick","Slimebound:LeechingTouch","Slimebound:OneTwoCombo"],"picked":"SKIP","floor":40},{"not_picked":["Slimebound:LeadByExample+1","Slimebound:SplitBruiser+1","Slimebound:SpikyOuterGoop+1"],"picked":"SKIP","floor":42},{"not_picked":["Slimebound:DisruptingSlam+1","Slimebound:SplitBruiser"],"picked":"Slimebound:Prepare","floor":44},{"not_picked":["Slimebound:RollThrough","Slimebound:DivideAndConquer"],"picked":"Slimebound:Prepare+1","floor":47},{"not_picked":["Slimebound:MinionMaster+1","Slimebound:SplitBruiser+1"],"picked":"Slimebound:SamplingLick+1","floor":48},{"not_picked":["Slimebound:FinishingTackle","Slimebound:LeadByExample+1","Slimebound:SamplingLick+1"],"picked":"SKIP","floor":49},{"not_picked":["Slimebound:ComboTackle+1","Slimebound:Equalize+1"],"picked":"Slimebound:SlimeTap+1","floor":52}],"player_experience":1159141,"relics_obtained":[{"floor":7.0,"key":"Ancient Tea Set"},{"floor":11.0,"key":"Frozen Egg 2"},{"floor":13.0,"key":"Art of War"},{"floor":20,"key":"Red Mask"},{"floor":23,"key":"Gremlin Horn"},{"floor":24,"key":"Ornamental Fan"},{"floor":30,"key":"PreservedInsect"},{"floor":38,"key":"Unceasing Top"},{"floor":40,"key":"Ginger"},{"floor":52,"key":"Pen Nib"}],"event_choices":[{"damage_healed":0,"gold_gain":0,"player_choice":"Fought Bandits","damage_taken":0,"max_hp_gain":0,"max_hp_loss":0,"event_name":"Masked Bandits","floor":20,"gold_loss":0},{"damage_healed":0,"gold_gain":0,"player_choice":"Became a Ghost","damage_taken":0,"max_hp_gain":0,"max_hp_loss":33,"event_name":"Ghosts","floor":26,"gold_loss":0,"cards_obtained":["Ghostly","Ghostly","Ghostly","Ghostly","Ghostly"]},{"damage_healed":0,"gold_gain":0,"player_choice":"Ignored","damage_taken":0,"max_hp_gain":0,"max_hp_loss":0,"event_name":"Vampires","floor":28,"gold_loss":0},{"damage_healed":0,"gold_gain":0,"player_choice":"Fight","damage_taken":0,"max_hp_gain":0,"max_hp_loss":0,"event_name":"Mysterious Sphere","floor":38,"gold_loss":0}],"is_beta":false,"boss_relics":[{"not_picked":["Sozu","Runic Pyramid"],"picked":"Runic Dome"},{"not_picked":["SlaversCollar","Black Star"],"picked":"Astrolabe"}],"items_purged_floors":[8,22,31,46],"is_endless":false,"potions_floor_spawned":[2,5,15,16,19,23,27,30,32,33,37,42,44,47,49,52],"ascension_level":2}}