{"host":"x7xd4wkamhrqrrvw","time":1610998070,"event":{"mods":["BaseMod","Minty Spire (QoL Compilation)","StSLib"],"gold_per_floor":[109,109,109,121,141,141,141,141,141,161,175,208,208,221,221,321,321,331,110,120,146,172,172,172,172,172,190,190,220,240,275,275,374,374,389,611,611,611,623,656,656,667,744,551,585,535,551,577,577,577,577,577,7,41,41],"floor_reached":56,"language":"ENG","playtime":2393,"items_purged":["Strike_G","Strike_G","Defend_G","Defend_G"],"score":1827,"play_id":"5df321c4-acdd-4703-9d3c-124a7998a0e8","local_time":"20210118172750","is_ascension_mode":true,"campfire_choices":[{"data":"Bouncing Flask","floor":6,"key":"SMITH"},{"data":"Noxious Fumes","floor":8,"key":"SMITH"},{"data":"Crippling Poison","floor":15,"key":"SMITH"},{"data":"Wraith Form v2","floor":23,"key":"SMITH"},{"data":"Backflip","floor":25,"key":"SMITH"},{"data":"Survivor","floor":28,"key":"SMITH"},{"data":"Catalyst","floor":32,"key":"SMITH"},{"data":"Wraith Form v2","floor":41,"key":"SMITH"},{"floor":49,"key":"RECALL"},{"data":"Adrenaline","floor":52,"key":"SMITH"}],"circlet_count":0,"master_deck":["AscendersBane","Defend_G+1","Defend_G","Defend_G+1","Survivor+1","Neutralize+1","Noxious Fumes+1","Poisoned Stab+1","Crippling Poison+1","Bouncing Flask+1","Wraith Form v2+1","Acrobatics+1","Acrobatics+1","Backflip+1","Adrenaline+1","Catalyst+1","Wraith Form v2+1","Catalyst+1"],"relics":["Ring of the Serpent","Akabeko","Mercury Hourglass","Vajra","Snecko Eye","War Paint","Red Mask","Bag of Preparation","Prayer Wheel","Eternal Feather","Centennial Puzzle","Smiling Mask","Art of War","Bottled Tornado","Happy Flower","Shuriken","Dream Catcher","Strawberry","Bronze Scales","PrismaticShard","Whetstone"],"acts_visited":["Exordium","TheCity","TheBeyond","TheEnding"],"potions_floor_usage":[12,12,16,31,31,55],"damage_taken":[{"damage":0,"enemies":"2 Louse","floor":1,"turns":3},{"damage":0,"enemies":"Jaw Worm","floor":4,"turns":3},{"damage":0,"enemies":"Small Slimes","floor":5,"turns":3},{"damage":0,"enemies":"Gremlin Gang","floor":10,"turns":3},{"damage":0,"enemies":"2 Fungi Beasts","floor":11,"turns":2},{"damage":10,"enemies":"Lagavulin","floor":12,"turns":6},{"damage":4,"enemies":"Exordium Wildlife","floor":14,"turns":3},{"damage":2,"enemies":"The Guardian","floor":16,"turns":8},{"damage":1,"enemies":"3 Byrds","floor":18,"turns":3},{"damage":0,"enemies":"Spheric Guardian","floor":20,"turns":3},{"damage":0,"enemies":"Masked Bandits","floor":21,"turns":3},{"damage":1,"enemies":"Snecko","floor":27,"turns":5},{"damage":1,"enemies":"Gremlin Leader","floor":29,"turns":5},{"damage":0,"enemies":"Centurion and Healer","floor":30,"turns":5},{"damage":13,"enemies":"Slavers","floor":31,"turns":4},{"damage":11,"enemies":"Champ","floor":33,"turns":8},{"damage":1,"enemies":"Orb Walker","floor":35,"turns":5},{"damage":0,"enemies":"3 Shapes","floor":39,"turns":5},{"damage":0,"enemies":"Giant Head","floor":40,"turns":4},{"damage":0,"enemies":"Writhing Mass","floor":42,"turns":4},{"damage":0,"enemies":"Nemesis","floor":45,"turns":5},{"damage":0,"enemies":"Transient","floor":47,"turns":5},{"damage":14,"enemies":"Time Eater","floor":50,"turns":6},{"damage":0,"enemies":"Shield and Spear","floor":54,"turns":4},{"damage":49,"enemies":"The Heart","floor":55,"turns":7}],"seed_played":"7895970805680369695","potions_obtained":[{"floor":1,"key":"SkillPotion"},{"floor":10,"key":"PowerPotion"},{"floor":11,"key":"ColorlessPotion"},{"floor":12,"key":"EntropicBrew"},{"floor":14,"key":"LiquidBronze"},{"floor":18,"key":"SkillPotion"},{"floor":30,"key":"SkillPotion"},{"floor":35,"key":"FairyPotion"},{"floor":39,"key":"Regen Potion"},{"floor":47,"key":"Weak Potion"}],"is_trial":false,"path_per_floor":["M","?","T","M","M","R","?","R","T","M","M","E","?","M","R","B",null,"M","$","M","?","T","R","T","R","T","M","R","E","M","E","R","B",null,"M","?","?","?","M","E","R","M","T","$","E","$","M","T","R","B",null,"R","$","E","B",null],"character_chosen":"THE_SILENT","items_purchased":["War Paint","Happy Flower","Strawberry","Bronze Scales","DistilledChaos","PrismaticShard"],"campfire_rested":0,"item_purchase_floors":[19,44,53,53,53,53],"current_hp_per_floor":[45,31,31,31,31,31,24,24,24,24,24,14,70,66,66,64,69,68,68,68,68,68,68,68,68,68,67,70,69,69,56,68,57,67,66,66,66,66,66,66,70,70,70,70,70,70,70,70,70,56,67,70,77,77,28],"gold":41,"neow_bonus":"TRANSFORM_TWO_CARDS","is_daily":false,"chose_seed":false,"campfire_upgraded":9,"win_rate":0.0,"timestamp":1610998070,"path_taken":["M","?","?","M","M","R","?","R","T","M","M","E","?","M","R","BOSS","M","$","?","?","?","R","?","R","T","M","R","E","?","E","R","BOSS","M","?","?","?","M","E","R","M","T","$","E","$","M","?","R","BOSS","R","$","E","BOSS"],"items_purchased_type":["Relic","Relic","Relic","Relic","Potion","Relic"],"build_version":"2020-12-22","purchased_purges":4,"victory":true,"max_hp_per_floor":[70,70,70,70,70,70,70,70,70,70,70,70,70,70,70,70,70,70,70,70,70,70,70,70,70,70,70,70,70,70,70,70,70,70,70,70,70,70,70,70,70,70,70,70,70,70,70,70,70,70,70,70,77,77,77],"card_choices":[{"not_picked":["Flechettes","Flying Knee"],"picked":"Poisoned Stab","floor":1},{"not_picked":["Finisher","Well Laid Plans"],"picked":"Crippling Poison","floor":4},{"not_picked":["Sucker Punch","Eviscerate"],"picked":"Bouncing Flask","floor":5},{"not_picked":["Dagger Spray","Finisher","Outmaneuver"],"picked":"SKIP","floor":10},{"not_picked":["Outmaneuver","Setup","Prepared"],"picked":"SKIP","floor":11},{"not_picked":["Choke","Reflex","Poisoned Stab"],"picked":"SKIP","floor":12},{"not_picked":["Acrobatics","Deadly Poison","Tactician"],"picked":"SKIP","floor":14},{"not_picked":["After Image","Envenom"],"picked":"Wraith Form v2","floor":16},{"not_picked":["Dodge and Roll","Bane"],"picked":"Acrobatics","floor":18},{"not_picked":["Masterful Stab+1","Dodge and Roll+1"],"picked":"Acrobatics+1","floor":20},{"not_picked":["Deadly Poison+1","Poisoned Stab+1"],"picked":"Backflip","floor":21},{"not_picked":["Deflect","Dodge and Roll","Backflip"],"picked":"SKIP","floor":27},{"not_picked":["Deadly Poison","Caltrops","Underhanded Strike+1"],"picked":"SKIP","floor":27},{"not_picked":["Footwork","PiercingWail"],"picked":"Adrenaline","floor":29},{"not_picked":["Quick Slash+1","Underhanded Strike"],"picked":"Catalyst","floor":30},{"not_picked":["Finisher","Terror","Dagger Spray"],"picked":"SKIP","floor":30},{"not_picked":["Concentrate","Prepared","Underhanded Strike"],"picked":"SKIP","floor":31},{"not_picked":["Adrenaline","Phantasmal Killer"],"picked":"Wraith Form v2","floor":33},{"not_picked":["Backstab+1","Slice"],"picked":"Catalyst+1","floor":35},{"not_picked":["Underhanded Strike","Dodge and Roll+1","Sucker Punch"],"picked":"SKIP","floor":35},{"not_picked":["Reflex","All Out Attack","Distraction"],"picked":"SKIP","floor":39},{"not_picked":["Slice","Blade Dance+1","Unload"],"picked":"SKIP","floor":39},{"not_picked":["Dagger Throw","Acrobatics","Prepared+1"],"picked":"SKIP","floor":40},{"not_picked":["Blur+1","Outmaneuver","Dodge and Roll+1"],"picked":"SKIP","floor":42},{"not_picked":["Bane","Acrobatics","Dodge and Roll"],"picked":"SKIP","floor":42},{"not_picked":["Deflect+1","Acrobatics","Quick Slash+1"],"picked":"SKIP","floor":45},{"not_picked":["PiercingWail+1","Acrobatics+1","Prepared"],"picked":"SKIP","floor":47},{"not_picked":["Calculated Gamble","Poisoned Stab","Riddle With Holes+1"],"picked":"SKIP","floor":47},{"not_picked":["Deadly Poison","Sanctity","Jack Of All Trades+1"],"picked":"SKIP","floor":54}],"player_experience":330982,"relics_obtained":[{"floor":3,"key":"Akabeko"},{"floor":12,"key":"Vajra"},{"floor":21,"key":"Red Mask"},{"floor":22,"key":"Bag of Preparation"},{"floor":24,"key":"Prayer Wheel"},{"floor":26,"key":"Eternal Feather"},{"floor":29,"key":"Centennial Puzzle"},{"floor":31,"key":"Smiling Mask"},{"floor":40,"key":"Art of War"},{"floor":43,"key":"Bottled Tornado"},{"floor":45,"key":"Shuriken"},{"floor":48,"key":"Dream Catcher"},{"floor":54,"key":"Whetstone"}],"event_choices":[{"damage_healed":0,"gold_gain":0,"player_choice":"Entered Light","damage_taken":14,"max_hp_gain":0,"max_hp_loss":0,"event_name":"Shining Light","floor":2,"gold_loss":0,"cards_upgraded":["Defend_G","Strike_G"]},{"damage_healed":0,"gold_gain":0,"player_choice":"Success","damage_taken":7,"relics_obtained":["Mercury Hourglass"],"max_hp_gain":0,"max_hp_loss":0,"event_name":"Scrap Ooze","floor":7,"gold_loss":0},{"cards_removed":["Finisher"],"damage_healed":56,"gold_gain":0,"player_choice":"Offered Uncommon","damage_taken":0,"max_hp_gain":0,"max_hp_loss":0,"event_name":"Bonfire Elementals","floor":13,"gold_loss":0},{"damage_healed":0,"gold_gain":0,"player_choice":"Fought Bandits","damage_taken":0,"max_hp_gain":0,"max_hp_loss":0,"event_name":"Masked Bandits","floor":21,"gold_loss":0},{"damage_healed":0,"gold_gain":222,"player_choice":"Wore Mask","damage_taken":0,"max_hp_gain":0,"max_hp_loss":0,"event_name":"Tomb of Lord Red Mask","floor":36,"gold_loss":0},{"cards_removed":["Strike_G"],"damage_healed":0,"gold_gain":0,"player_choice":"Removed Attack","damage_taken":0,"max_hp_gain":0,"max_hp_loss":0,"event_name":"Falling","floor":37,"gold_loss":0},{"damage_healed":0,"gold_gain":0,"player_choice":"Memory 1","damage_taken":0,"max_hp_gain":0,"max_hp_loss":0,"event_name":"SensoryStone","floor":38,"gold_loss":0}],"is_beta":false,"boss_relics":[{"not_picked":["Empty Cage","WristBlade"],"picked":"Snecko Eye"},{"not_picked":["SacredBark","Black Star"],"picked":"Ring of the Serpent"}],"items_purged_floors":[19,44,46,53],"is_endless":false,"potions_floor_spawned":[1,10,11,12,14,18,21,30,35,39,47],"ascension_level":10}}