{"host":"cyiefo55v5hz1ih5","time":1610949738,"event":{"mods":["2.2 Compatiblity","AchievementEnabler","BaseMod","Downfall","GifTheSpireLib","Hubris","Minty Spire (QoL Compilation)","Spicy Shops","StSLib"],"gold_per_floor":[99,111,122,32,32,43,43,54,86,106,6,26,39,39,55,55,55],"floor_reached":16,"language":"ENG","playtime":1993,"items_purged":["bronze:Strike","bronze:Strike"],"score":106,"play_id":"9f8513a7-a936-4fca-9722-73fdeba604d4","local_time":"20210118010218","is_ascension_mode":false,"campfire_choices":[{"data":"bronze:Replicate","floor":1.0,"key":"SMITH"},{"floor":11.0,"key":"REST"}],"circlet_count":0,"master_deck":["bronze:Defend","bronze:Defend","bronze:Defend","bronze:Defend","bronze:Replicate+1","bronze:Goto","bronze:Constructor","bronze:Turbo","bronze:DarkDash","bronze:Separator","bronze:Flail","bronze:Repulsor","bronze:Assembly+1","bronze:DigitalCarnage"],"relics":["bronze:BronzeCore","Toxic Egg 2","downfall:HeartBlessingBlue","Smiling Mask"],"acts_visited":["Exordium"],"potions_floor_usage":[16,16,16],"damage_taken":[{"damage":0.0,"enemies":"2 Louse","floor":2.0,"turns":2.0},{"damage":0.0,"enemies":"Cultist","floor":3.0,"turns":3.0},{"damage":0.0,"enemies":"downfall:FleeingMerchant","floor":4.0,"turns":4.0},{"damage":7.0,"enemies":"Jaw Worm","floor":6.0,"turns":5.0},{"damage":4.0,"enemies":"2 Fungi Beasts","floor":8.0,"turns":3.0},{"damage":21.0,"enemies":"Lagavulin","floor":9.0,"turns":6.0},{"damage":0.0,"enemies":"3 Louse","floor":10.0,"turns":2.0},{"damage":0.0,"enemies":"Blue Slaver","floor":12.0,"turns":4.0},{"damage":16.0,"enemies":"Large Slime","floor":13.0,"turns":7.0},{"damage":6.0,"enemies":"Exordium Thugs","floor":15.0,"turns":3.0},{"damage":42,"enemies":"DF_ARCHETYPE_STREAMLINE","floor":16,"turns":6}],"seed_played":"632717138512926256","potions_obtained":[{"floor":3.0,"key":"Swift Potion"},{"floor":6.0,"key":"PowerPotion"},{"floor":9.0,"key":"Explosive Potion"},{"floor":10.0,"key":"ColorlessPotion"},{"floor":15.0,"key":"Strength Potion"}],"is_trial":false,"path_per_floor":["R","M","M","$","?","M","T","M","E","M","R","M","M","$","M","B"],"character_chosen":"THE_AUTOMATON","items_purchased":["Smiling Mask"],"campfire_rested":1,"item_purchase_floors":[14],"current_hp_per_floor":[70,70,70,70,70,63,63,59,38,38,72,72,56,41,35,0,0],"gold":55,"neow_bonus":"REMOVE_CARD","is_daily":false,"chose_seed":false,"campfire_upgraded":1,"win_rate":0.0,"timestamp":1610949738,"path_taken":["R","M","M","$","?","?","T","M","E","M","R","M","M","?","M","BOSS"],"items_purchased_type":["Relic"],"build_version":"2020-12-22","purchased_purges":2,"victory":false,"max_hp_per_floor":[70,70,70,70,70,70,70,70,70,70,80,80,80,80,80,80,80],"card_choices":[{"not_picked":["bronze:BitShift","bronze:Overheat"],"picked":"bronze:Constructor","floor":2.0},{"not_picked":["bronze:Shield","bronze:Constructor"],"picked":"bronze:Turbo","floor":3.0},{"not_picked":["bronze:BugBarrage","bronze:Constructor","bronze:BuggyMess"],"picked":"SKIP","floor":4.0},{"not_picked":["bronze:Invalidate","bronze:OilSpill"],"picked":"bronze:Separator","floor":6.0},{"not_picked":["bronze:OilSpill","bronze:Iterate"],"picked":"bronze:Flail","floor":8.0},{"not_picked":["bronze:Return+1","bronze:FollowUp"],"picked":"bronze:Repulsor","floor":9.0},{"not_picked":["bronze:Branch","bronze:DelayedGuard+1"],"picked":"bronze:Assembly+1","floor":10.0},{"not_picked":["bronze:ForceShield+1","bronze:FollowUp","bronze:Turbo+1"],"picked":"SKIP","floor":12.0},{"not_picked":["bronze:Separator","bronze:DelayedGuard+1","bronze:NullPointer"],"picked":"SKIP","floor":13.0},{"not_picked":["bronze:Shell+1","bronze:Backtrace"],"picked":"bronze:DigitalCarnage","floor":15.0}],"player_experience":783831,"relics_obtained":[{"floor":9.0,"key":"Toxic Egg 2"}],"event_choices":[],"is_beta":false,"boss_relics":[],"items_purged_floors":[4,14],"is_endless":false,"potions_floor_spawned":[3,6,9,10,15],"killed_by":"DF_ARCHETYPE_STREAMLINE","ascension_level":0}}