{"host":"ojme7g6xlqwffsso","time":1610947222,"event":{"mods":["BaseMod","Downfall","Lobotomy","Minty Spire (QoL Compilation)","StSLib"],"gold_per_floor":[118,118,118,129,9,9,34,45,45,45,120,120,120],"floor_reached":12,"language":"ENG","playtime":264,"items_purged":["Regret"],"score":114,"play_id":"192d0669-2753-427f-9872-180c16289612","local_time":"20210118142022","is_ascension_mode":true,"campfire_choices":[{"data":"True Grit","floor":6,"key":"SMITH"},{"data":"Bash","floor":10,"key":"SMITH"}],"circlet_count":0,"master_deck":["AscendersBane","Strike_R","Strike_R","Strike_R","Strike_R","Strike_R","Defend_R+1","Defend_R","Defend_R+1","Bash+1","Inflame","OldLady","UniverseFragment","Cleave","True Grit+1","Pummel","OSAHOGD","Headbutt","Funeral"],"relics":["Burning Blood","CogitoBucket","Juzu Bracelet","War Paint","InkBottle"],"acts_visited":["Exordium"],"potions_floor_usage":[],"damage_taken":[{"damage":8,"enemies":"Jaw Worm","floor":1,"turns":4},{"damage":5,"enemies":"2 Louse","floor":4,"turns":4},{"damage":56,"enemies":"Gremlin Nob","floor":7,"turns":7},{"damage":0,"enemies":"Cultist","floor":8,"turns":2},{"damage":23,"enemies":"Lagavulin","floor":12,"turns":5}],"seed_played":"-6650490562808530014","potions_obtained":[{"floor":8,"key":"Ancient Potion"}],"is_trial":false,"path_per_floor":["M","?","?","M","$","R","E","M","T","R","?","E"],"character_chosen":"IRONCLAD","items_purchased":["True Grit"],"campfire_rested":0,"item_purchase_floors":[5],"current_hp_per_floor":[70,63,63,64,64,64,14,20,20,20,9,0,0],"gold":120,"neow_bonus":"","is_daily":false,"chose_seed":false,"campfire_upgraded":2,"win_rate":0.0,"timestamp":1610947222,"path_taken":["M","?","?","M","?","R","E","M","T","R","?","E"],"items_purchased_type":["Card"],"build_version":"2020-12-22","purchased_purges":1,"victory":false,"max_hp_per_floor":[80,80,80,80,80,80,80,80,80,80,80,80,80],"card_choices":[{"not_picked":["Wild Strike","Rupture"],"picked":"Inflame","floor":1},{"not_picked":["Bloodbath","FairyFestival"],"picked":"OldLady","floor":1},{"not_picked":["Bloodbath","FairyFestival"],"picked":"UniverseFragment","floor":4},{"not_picked":["Headbutt","Havoc"],"picked":"Cleave","floor":4},{"not_picked":["Burning Pact","Seeing Red"],"picked":"Pummel","floor":7},{"not_picked":["MeatLantern","LittleHelper"],"picked":"OSAHOGD","floor":7},{"not_picked":["Hemokinesis","Warcry"],"picked":"Headbutt","floor":8},{"not_picked":["Scorched","Murderer"],"picked":"Funeral","floor":8}],"player_experience":880975,"relics_obtained":[{"floor":7,"key":"War Paint"},{"floor":9,"key":"InkBottle"}],"event_choices":[{"cards_removed":["Defend_R"],"damage_healed":0,"gold_gain":0,"player_choice":"Card Removal","damage_taken":7,"max_hp_gain":0,"max_hp_loss":0,"event_name":"Golden Wing","floor":2,"gold_loss":0},{"damage_healed":0,"gold_gain":0,"player_choice":"Box","damage_taken":0,"relics_obtained":["Juzu Bracelet"],"max_hp_gain":0,"max_hp_loss":0,"event_name":"Big Fish","floor":3,"gold_loss":0,"cards_obtained":["Regret"]},{"damage_healed":0,"gold_gain":75,"player_choice":"Gather Gold","damage_taken":11,"max_hp_gain":0,"max_hp_loss":0,"event_name":"World of Goop","floor":11,"gold_loss":0}],"is_beta":false,"boss_relics":[],"items_purged_floors":[5],"is_endless":false,"potions_floor_spawned":[8],"killed_by":"Lagavulin","ascension_level":10}}