{"host":"a5lz0e76zb3fcwkm","time":1610968844,"event":{"mods":["AchievementEnabler","BaseMod","Colored Map","Colored Powertips","Minty Spire (QoL Compilation)","StSLib","SuperFastMode"],"gold_per_floor":[116,132,151,151,76,120,120,120,144,144,165,184,184,199,199,297,297,317,242,257,46,96,96,121,121,121,140,265,19,34,34,34,133,133,151,220,251,251,276,307,307,347,396,430,355,376,396,154,154,154,154,154,154,41,72,72,72],"floor_reached":56,"language":"KOR","playtime":2057,"items_purged":["Strike_G","Strike_G"],"score":2120,"play_id":"f27045d1-3358-43b3-be84-fef9c8ce0f71","local_time":"20210118202044","is_ascension_mode":true,"campfire_choices":[{"data":"Deadly Poison","floor":8.0,"key":"SMITH"},{"data":"Catalyst","floor":15.0,"key":"SMITH"},{"data":"Apotheosis","floor":23.0,"key":"SMITH"},{"floor":25.0,"key":"RECALL"},{"floor":32.0,"key":"REST"},{"floor":41.0,"key":"REST"},{"data":"Concentrate","floor":49.0,"key":"PURGE"},{"data":"Defend_G","floor":53.0,"key":"PURGE"}],"circlet_count":0,"master_deck":["AscendersBane","Defend_G","Defend_G","Defend_G","Defend_G","Survivor","Neutralize","Escape Plan","Deadly Poison+1","PiercingWail","Noxious Fumes","Catalyst+1","Wraith Form v2","Crippling Poison","Apotheosis+1","Blur","Footwork","Setup","Burst","Prepared","Blur","Prepared","Tactician"],"relics":["Ring of the Snake","Golden Idol","Tingsha","Ice Cream","Bronze Scales","Runic Pyramid","Eternal Feather","Peace Pipe","Ornamental Fan","Lantern","Fusion Hammer","Ginger","Calipers","Strawberry","Blood Vial","Tough Bandages","Membership Card","Toy Ornithopter"],"acts_visited":["Exordium","TheCity","TheBeyond","TheEnding"],"potions_floor_usage":[],"damage_taken":[{"damage":0.0,"enemies":"2 Louse","floor":1.0,"turns":2.0},{"damage":3.0,"enemies":"Small Slimes","floor":2.0,"turns":4.0},{"damage":1.0,"enemies":"Jaw Worm","floor":3.0,"turns":4.0},{"damage":35.0,"enemies":"Lagavulin","floor":6.0,"turns":11.0},{"damage":0.0,"enemies":"3 Louse","floor":11.0,"turns":3.0},{"damage":3.0,"enemies":"2 Fungi Beasts","floor":12.0,"turns":4.0},{"damage":0.0,"enemies":"Blue Slaver","floor":14.0,"turns":4.0},{"damage":0.0,"enemies":"Hexaghost","floor":16.0,"turns":7.0},{"damage":1.0,"enemies":"Spheric Guardian","floor":18.0,"turns":3.0},{"damage":1.0,"enemies":"3 Byrds","floor":20.0,"turns":2.0},{"damage":2.0,"enemies":"Snecko","floor":24.0,"turns":6.0},{"damage":16.0,"enemies":"Snake Plant","floor":27.0,"turns":4.0},{"damage":23.0,"enemies":"Colosseum Slavers","floor":28.0,"turns":4.0},{"damage":4.0,"enemies":"Colosseum Nobs","floor":28.0,"turns":5.0},{"damage":4.0,"enemies":"3 Cultists","floor":30.0,"turns":6.0},{"damage":13.0,"enemies":"Champ","floor":33.0,"turns":15.0},{"damage":5.0,"enemies":"3 Shapes","floor":35.0,"turns":3.0},{"damage":26.0,"enemies":"2 Orb Walkers","floor":36.0,"turns":7.0},{"damage":0.0,"enemies":"Mind Bloom Boss Battle","floor":37.0,"turns":4.0},{"damage":1.0,"enemies":"3 Darklings","floor":39.0,"turns":5.0},{"damage":0.0,"enemies":"Nemesis","floor":40.0,"turns":3.0},{"damage":0.0,"enemies":"Giant Head","floor":42.0,"turns":5.0},{"damage":8.0,"enemies":"Reptomancer","floor":44.0,"turns":5.0},{"damage":0.0,"enemies":"Maw","floor":46.0,"turns":7.0},{"damage":3.0,"enemies":"4 Shapes","floor":47.0,"turns":5.0},{"damage":47.0,"enemies":"Awakened One","floor":50.0,"turns":27.0},{"damage":15.0,"enemies":"Donu and Deca","floor":51.0,"turns":16.0},{"damage":19.0,"enemies":"Shield and Spear","floor":55.0,"turns":12.0},{"damage":72,"enemies":"The Heart","floor":56,"turns":5}],"seed_played":"7196418127810445959","potions_obtained":[{"floor":0.0,"key":"Explosive Potion"},{"floor":0.0,"key":"Ancient Potion"},{"floor":6.0,"key":"Energy Potion"},{"floor":12.0,"key":"LiquidBronze"},{"floor":14.0,"key":"GhostInAJar"},{"floor":16.0,"key":"Fire Potion"},{"floor":20.0,"key":"Regen Potion"},{"floor":24.0,"key":"PowerPotion"},{"floor":30.0,"key":"LiquidMemories"},{"floor":40.0,"key":"Strength Potion"},{"floor":47.0,"key":"CunningPotion"},{"floor":55.0,"key":"Energy Potion"}],"is_trial":false,"path_per_floor":["M","M","M","?","?","E","T","R","T","?","M","M","?","M","R","B",null,"M","?","M","$","?","R","M","R","T","M","?","$","M","?","R","B",null,"M","?","?","?","M","E","R","E","T","E","$","M","M","$","R","B","B",null,"R","$","E","B"],"character_chosen":"THE_SILENT","items_purchased":["Apotheosis","Lantern","Footwork","Membership Card","PowerPotion","GhostInAJar","FairyPotion"],"campfire_rested":2,"item_purchase_floors":[21,29,29,48,48,54,54],"current_hp_per_floor":[59,56,55,55,55,20,20,20,20,20,20,17,17,17,17,17,49,48,48,47,47,41,41,54,54,54,38,11,11,7,7,37,24,51,46,20,20,20,19,26,58,58,58,52,52,54,53,53,65,20,7,52,64,64,47,0,0],"gold":72,"neow_bonus":"THREE_SMALL_POTIONS","is_daily":false,"chose_seed":false,"campfire_upgraded":3,"win_rate":0.0,"timestamp":1610968844,"path_taken":["M","M","M","?","?","E","?","R","T","?","M","M","?","?","R","BOSS","M","?","M","$","?","R","?","R","T","M","?","?","M","?","R","BOSS","M","?","?","?","M","E","R","E","T","E","$","M","M","?","R","BOSS","BOSS","R","$","E","BOSS"],"items_purchased_type":["Card","Relic","Card","Relic","Potion","Potion","Potion"],"build_version":"2020-12-22","purchased_purges":2,"victory":false,"max_hp_per_floor":[66,66,66,60,60,60,60,60,60,60,60,60,60,60,60,60,60,60,60,60,60,60,60,60,60,60,60,60,60,60,60,60,60,60,60,60,60,60,60,67,67,67,67,67,67,67,67,67,67,67,67,67,67,67,67,67,67],"card_choices":[{"not_picked":["Dagger Spray","Riddle With Holes"],"picked":"Escape Plan","floor":1.0},{"not_picked":["Eviscerate","Blur"],"picked":"Deadly Poison","floor":2.0},{"not_picked":["Flying Knee","Calculated Gamble"],"picked":"PiercingWail","floor":3.0},{"not_picked":["Glass Knife","Predator","Masterful Stab"],"picked":"SKIP","floor":6.0},{"not_picked":["Blade Dance","Underhanded Strike","Outmaneuver"],"picked":"SKIP","floor":11.0},{"not_picked":["All Out Attack","Dagger Throw"],"picked":"Noxious Fumes","floor":12.0},{"not_picked":["All Out Attack","Deadly Poison"],"picked":"Catalyst","floor":14.0},{"not_picked":["Grand Finale","Doppelganger"],"picked":"Wraith Form v2","floor":16.0},{"not_picked":["Sucker Punch","Dagger Spray","Reflex"],"picked":"SKIP","floor":18.0},{"not_picked":["Dagger Spray","Poisoned Stab"],"picked":"Crippling Poison","floor":20.0},{"not_picked":["Well Laid Plans","Dagger Spray+1","Poisoned Stab"],"picked":"SKIP","floor":24.0},{"not_picked":["Blade Dance","Backflip","Sucker Punch"],"picked":"SKIP","floor":27.0},{"not_picked":["Crippling Poison","Caltrops"],"picked":"Blur","floor":28.0},{"not_picked":["Blade Dance","Accuracy","Setup"],"picked":"SKIP","floor":30.0},{"not_picked":["Blade Dance","Accuracy"],"picked":"Setup","floor":30.0},{"not_picked":["Glass Knife","Die Die Die"],"picked":"Burst","floor":33.0},{"not_picked":["Terror+1","Poisoned Stab","Predator"],"picked":"SKIP","floor":35.0},{"not_picked":["Finisher","Quick Slash+1"],"picked":"Prepared","floor":37.0},{"not_picked":["Deflect","Slice"],"picked":"Concentrate","floor":39.0},{"not_picked":["Underhanded Strike","Masterful Stab","Predator+1"],"picked":"SKIP","floor":40.0},{"not_picked":["Blade Dance+1","Reflex","Tools of the Trade"],"picked":"SKIP","floor":42.0},{"not_picked":["Slice+1","Quick Slash+1"],"picked":"Blur","floor":44.0},{"not_picked":["Dash","Deflect"],"picked":"Prepared","floor":46.0},{"not_picked":["Cloak And Dagger","Riddle With Holes","Backstab"],"picked":"SKIP","floor":47.0},{"not_picked":["Dagger Throw","Blade Dance"],"picked":"Tactician","floor":55.0}],"player_experience":1763025,"relics_obtained":[{"floor":6.0,"key":"Tingsha"},{"floor":7.0,"key":"Ice Cream"},{"floor":9.0,"key":"Bronze Scales"},{"floor":26.0,"key":"Eternal Feather"},{"floor":28.0,"key":"Peace Pipe"},{"floor":28.0,"key":"Ornamental Fan"},{"floor":36.0,"key":"Ginger"},{"floor":37.0,"key":"Calipers"},{"floor":40.0,"key":"Strawberry"},{"floor":42.0,"key":"Blood Vial"},{"floor":44.0,"key":"Tough Bandages"},{"floor":55.0,"key":"Toy Ornithopter"}],"event_choices":[{"damage_healed":0.0,"max_hp_gain":0.0,"max_hp_loss":6.0,"gold_gain":0.0,"event_name":"Golden Idol","player_choice":"Lose Max HP","floor":4.0,"gold_loss":0.0,"damage_taken":0.0,"relics_obtained":["Golden Idol"]},{"cards_removed":["Strike_G"],"damage_healed":0.0,"max_hp_gain":0.0,"max_hp_loss":0.0,"gold_gain":0.0,"event_name":"The Cleric","player_choice":"Card Removal","floor":5.0,"gold_loss":75.0,"damage_taken":0.0},{"damage_healed":0.0,"max_hp_gain":0.0,"max_hp_loss":0.0,"gold_gain":0.0,"event_name":"Shining Light","player_choice":"Ignored","floor":10.0,"gold_loss":0.0,"damage_taken":0.0},{"damage_healed":0.0,"max_hp_gain":0.0,"max_hp_loss":0.0,"gold_gain":0.0,"event_name":"Dead Adventurer","player_choice":"Searched \u00270\u0027 times","floor":13.0,"gold_loss":0.0,"damage_taken":0.0},{"cards_removed":["Strike_G"],"damage_healed":0.0,"max_hp_gain":0.0,"max_hp_loss":0.0,"gold_gain":0.0,"event_name":"Beggar","player_choice":"Gave Gold","floor":19.0,"gold_loss":75.0,"damage_taken":0.0},{"damage_healed":0.0,"max_hp_gain":0.0,"max_hp_loss":0.0,"gold_gain":50.0,"event_name":"FaceTrader","player_choice":"Touch","floor":22.0,"gold_loss":0.0,"damage_taken":6.0},{"damage_healed":0.0,"max_hp_gain":0.0,"max_hp_loss":0.0,"gold_gain":0.0,"event_name":"Colosseum","player_choice":"Fight","floor":28.0,"gold_loss":0.0,"damage_taken":0.0},{"damage_healed":0.0,"max_hp_gain":0.0,"max_hp_loss":0.0,"gold_gain":0.0,"event_name":"Colosseum","player_choice":"Fought Nobs","floor":28.0,"gold_loss":0.0,"damage_taken":0.0},{"damage_healed":0.0,"max_hp_gain":0.0,"max_hp_loss":0.0,"gold_gain":0.0,"event_name":"Cursed Tome","player_choice":"Ignored","floor":31.0,"gold_loss":0.0,"damage_taken":0.0},{"damage_healed":0.0,"max_hp_gain":0.0,"max_hp_loss":0.0,"gold_gain":0.0,"event_name":"Mysterious Sphere","player_choice":"Fight","floor":36.0,"gold_loss":0.0,"damage_taken":0.0},{"damage_healed":0.0,"max_hp_gain":0.0,"max_hp_loss":0.0,"gold_gain":0.0,"event_name":"MindBloom","player_choice":"Fight","floor":37.0,"gold_loss":0.0,"damage_taken":0.0},{"cards_removed":["Strike_G"],"damage_healed":0.0,"max_hp_gain":0.0,"max_hp_loss":0.0,"gold_gain":0.0,"event_name":"Falling","player_choice":"Removed Attack","floor":38.0,"gold_loss":0.0,"damage_taken":0.0}],"is_beta":false,"boss_relics":[{"not_picked":["Snecko Eye","Sozu"],"picked":"Runic Pyramid"},{"not_picked":["Coffee Dripper","SacredBark"],"picked":"Fusion Hammer"}],"items_purged_floors":[45,48],"is_endless":false,"potions_floor_spawned":[6,12,14,16,20,24,30,33,36,39,40,47,55],"killed_by":"The Heart","ascension_level":20}}