{"host":"kg61lsvem4dxoat8","time":1610946279,"event":{"mods":["BaseMod","Colored Powertips","Minty Spire (QoL Compilation)","Quick Restart","Rare Cards Sparkle","Relic Stats","slay the spire mod where everything is the same but ironclad has a cowboy hat"],"gold_per_floor":[114,38,38,38,52,83,103,123,123,123,9,9,9,42,42,120,120,133,133,23,35,35,35,35,54,54,54,54,54,70,70,70,70,70],"floor_reached":33,"language":"ENG","playtime":698,"items_purged":[],"score":500,"play_id":"4085353f-4a4f-43a3-9cca-e4612b013971","local_time":"20210118130439","is_ascension_mode":true,"campfire_choices":[{"data":"Cloak And Dagger","floor":10,"key":"SMITH"},{"floor":12,"key":"REST"},{"data":"Blade Dance","floor":15,"key":"SMITH"},{"data":"Accuracy","floor":23,"key":"SMITH"},{"data":"Blade Dance","floor":29,"key":"SMITH"},{"data":"Escape Plan","floor":32,"key":"SMITH"}],"circlet_count":0,"master_deck":["AscendersBane","Strike_G","Strike_G","Strike_G+1","Strike_G","Defend_G","Defend_G+1","Defend_G","Defend_G","Defend_G+1","Survivor","Neutralize","Cloak And Dagger+1","Infinite Blades","Infinite Blades+1","Calculated Gamble","Cloak And Dagger+1","Blade Dance+1","Flash of Steel","Accuracy+1","Blade Dance+1","Escape Plan+1","Finisher"],"relics":["Ring of the Snake","NeowsBlessing","Question Card","Lantern","The Courier","War Paint","WristBlade","Potion Belt","MutagenicStrength"],"acts_visited":["Exordium","TheCity"],"potions_floor_usage":[14,27,33],"damage_taken":[{"damage":0,"enemies":"Jaw Worm","floor":1,"turns":1},{"damage":0,"enemies":"Small Slimes","floor":5,"turns":1},{"damage":0,"enemies":"3 Sentries","floor":6,"turns":1},{"damage":1,"enemies":"Cultist","floor":7,"turns":4},{"damage":9,"enemies":"Lots of Slimes","floor":8,"turns":6},{"damage":10,"enemies":"Gremlin Nob","floor":14,"turns":3},{"damage":17,"enemies":"Slime Boss","floor":16,"turns":8},{"damage":0,"enemies":"Spheric Guardian","floor":18,"turns":3},{"damage":4,"enemies":"Shell Parasite","floor":21,"turns":3},{"damage":4,"enemies":"Snecko","floor":25,"turns":4},{"damage":0,"enemies":"Snake Plant","floor":27,"turns":1},{"damage":0,"enemies":"Chosen and Byrds","floor":30,"turns":3},{"damage":63,"enemies":"Automaton","floor":33,"turns":6}],"seed_played":"-2355970260908995927","potions_obtained":[{"floor":1,"key":"EntropicBrew"},{"floor":6,"key":"FearPotion"},{"floor":18,"key":"SmokeBomb"},{"floor":25,"key":"EssenceOfSteel"}],"is_trial":false,"path_per_floor":["M","$","?","?","M","E","M","M","T","R","$","R","$","E","R","B",null,"M","?","?","M","?","R","$","M","T","M","$","R","M","?","R","B"],"character_chosen":"THE_SILENT","items_purchased":["Infinite Blades","Blade Dance","Flash of Steel"],"campfire_rested":1,"item_purchase_floors":[2,11,11],"current_hp_per_floor":[59,59,39,39,39,39,38,29,29,29,29,48,48,38,38,21,55,55,55,55,51,51,51,51,47,47,47,47,47,47,47,47,0,0],"gold":70,"neow_bonus":"THREE_ENEMY_KILL","is_daily":false,"chose_seed":false,"campfire_upgraded":5,"win_rate":0.0,"timestamp":1610946279,"path_taken":["M","$","?","?","M","E","?","?","T","R","?","R","$","E","R","BOSS","M","?","?","?","?","R","$","M","T","M","$","R","M","?","R","BOSS"],"items_purchased_type":["Card","Card","Card"],"build_version":"2020-12-22","purchased_purges":0,"victory":false,"max_hp_per_floor":[66,66,66,66,66,66,66,66,66,66,66,66,66,66,66,66,66,66,66,66,66,66,66,66,66,66,66,66,66,66,66,66,66,66],"relic_stats":{"counters":[13,44],"War Paint":["Defend_G","Cloak And Dagger"],"Question Card":10,"obtain_stats":[{"Potion Belt":26,"Lantern":6,"NeowsBlessing":0,"WristBlade":17,"MutagenicStrength":31,"The Courier":9,"War Paint":14,"Question Card":4,"Ring of the Snake":0},{"Potion Belt":10,"Lantern":3,"NeowsBlessing":0,"WristBlade":7,"MutagenicStrength":12,"The Courier":5,"War Paint":6,"Question Card":1,"Ring of the Snake":0},{"Potion Belt":34,"Lantern":3,"NeowsBlessing":0,"WristBlade":24,"MutagenicStrength":38,"The Courier":13,"War Paint":16,"Question Card":1,"Ring of the Snake":0}],"Ring of the Snake":[26]},"card_choices":[{"not_picked":["Expertise","Underhanded Strike"],"picked":"Cloak And Dagger","floor":1},{"not_picked":["Deflect","Dagger Throw","Dagger Spray"],"picked":"Infinite Blades","floor":5},{"not_picked":["Noxious Fumes","Well Laid Plans","Slice"],"picked":"Calculated Gamble","floor":6},{"not_picked":["Choke","Deadly Poison","PiercingWail"],"picked":"Cloak And Dagger","floor":7},{"not_picked":["Dash","Tools of the Trade","Dagger Spray","Distraction"],"picked":"SKIP","floor":8},{"not_picked":["Poisoned Stab","Cloak And Dagger","Blade Dance"],"picked":"Accuracy","floor":14},{"not_picked":["Heel Hook","Poisoned Stab+1","Setup"],"picked":"Blade Dance","floor":18},{"not_picked":["Expertise","Dagger Throw","Well Laid Plans","Cloak And Dagger"],"picked":"SKIP","floor":21},{"not_picked":["Dagger Spray","Outmaneuver","Flying Knee","Riddle With Holes"],"picked":"SKIP","floor":25},{"not_picked":["Underhanded Strike","PiercingWail","Prepared"],"picked":"Finisher","floor":30}],"player_experience":1383175,"relics_obtained":[{"floor":6,"key":"Lantern"},{"floor":9,"key":"The Courier"},{"floor":14,"key":"War Paint"},{"floor":26,"key":"Potion Belt"}],"event_choices":[{"damage_healed":0,"gold_gain":0,"player_choice":"Entered Light","damage_taken":20,"max_hp_gain":0,"max_hp_loss":0,"event_name":"Shining Light","floor":3,"gold_loss":0,"cards_upgraded":["Defend_G","Strike_G"]},{"damage_healed":0,"gold_gain":0,"player_choice":"Gave Potion","damage_taken":0,"relics_obtained":["Question Card"],"max_hp_gain":0,"max_hp_loss":0,"event_name":"WeMeetAgain","floor":4,"gold_loss":0},{"damage_healed":0,"gold_gain":0,"player_choice":"Ignored","damage_taken":0,"max_hp_gain":0,"max_hp_loss":0,"event_name":"Ghosts","floor":19,"gold_loss":0},{"cards_removed":["Strike_G"],"damage_healed":0,"gold_gain":0,"player_choice":"Upgrade and Remove","damage_taken":0,"max_hp_gain":0,"max_hp_loss":0,"event_name":"Designer","floor":20,"gold_loss":110,"cards_upgraded":["Infinite Blades"]},{"damage_healed":0,"gold_gain":0,"player_choice":"Read","damage_taken":0,"max_hp_gain":0,"max_hp_loss":0,"event_name":"The Library","floor":22,"gold_loss":0,"cards_obtained":["Escape Plan"]},{"damage_healed":0,"gold_gain":0,"player_choice":"Inject Mutagens","damage_taken":0,"relics_obtained":["MutagenicStrength"],"max_hp_gain":0,"max_hp_loss":0,"event_name":"Drug Dealer","floor":31,"gold_loss":0}],"is_beta":false,"boss_relics":[{"not_picked":["Philosopher\u0027s Stone","Runic Pyramid"],"picked":"WristBlade"}],"items_purged_floors":[],"is_endless":false,"potions_floor_spawned":[1,6,18,25],"killed_by":"Automaton","ascension_level":16}}