{"host":"cgaibh95wzkurumv","time":1610997803,"event":{"mods":["BaseMod","Minty Spire (QoL Compilation)","Replay The Spire","StSLib","The Runesmith"],"gold_per_floor":[114,129,129,129,53,83,83,108,133,133,53,68,68,83,83,183,183,198,213,228,78,178,193,208,223,223,223,73,73,88,88,88,188,188,203,53,53,53,53,53,68,68,68,68,83,83,113,128,128,128],"floor_reached":51,"language":"SPA","playtime":1612,"items_purged":[],"score":900,"play_id":"d292af96-c1c8-41ad-9c77-820d9a48e077","local_time":"20210118162323","daily_mods":["Draft","Green Cards","Lethality"],"is_ascension_mode":false,"campfire_choices":[{"data":"Runesmith:MetallurgicalResearch","floor":13,"key":"SMITH"},{"data":"Runesmith:Permafrost","floor":27,"key":"SMITH"},{"floor":32,"key":"REST"},{"data":"Runesmith:LightningRod","floor":40,"key":"SMITH"},{"data":"Dramatic Entrance","floor":46,"key":"SMITH"},{"data":"Runesmith:HammerAndChisel","floor":49,"key":"SMITH"}],"circlet_count":0,"master_deck":["Runesmith:PerfectChisel+1","Runesmith:Firestorm","Runesmith:HammerThrow+1","Runesmith:Grindstone","Runesmith:HeatExchange","Runesmith:Electrocute","Runesmith:UnstableHammer","Runesmith:ChiselStab","Runesmith:EarthShield","Runesmith:Firewall","Runesmith:CraftIncendium","Runesmith:CraftObretio+1","Runesmith:HammerThrow","Runesmith:CraftMagma","Runesmith:EarthShield+1","Runesmith:HeatedChisel","Runesmith:Permafrost+1","Runesmith:ChaoticBlast","Runesmith:HammerAndChisel+1","Runesmith:MetallurgicalResearch+1","Runesmith:Fortify","CurseOfTheBell","Runesmith:EnergizedChisel","Dramatic Entrance+1","Runesmith:LightningRod+1","Madness","Madness","Runesmith:RuneHurl"],"relics":["m_RuneBlood","War Paint","Bronze Scales","Orichalcum","ReplayTheSpireMod:TigerMarble","Calling Bell","Gremlin Food","HornCleat","TungstenRod","Akabeko","ReplayTheSpireMod:Shallot","HandDrill","SacredBark","Lee\u0027s Waffle","Divine Protection","Turnip"],"acts_visited":["Exordium","TheCity","TheBeyond"],"potions_floor_usage":[30,45,47,48,50],"damage_taken":[{"damage":3,"enemies":"Cultist","floor":1,"turns":3},{"damage":4,"enemies":"2 Louse","floor":2,"turns":3},{"damage":7,"enemies":"Gremlin Nob","floor":6,"turns":4},{"damage":2,"enemies":"Small Slimes","floor":12,"turns":3},{"damage":9,"enemies":"Blue Slaver","floor":14,"turns":3},{"damage":60,"enemies":"Hexaghost","floor":16,"turns":7},{"damage":9,"enemies":"Shell Parasite","floor":18,"turns":4},{"damage":14,"enemies":"2 Thieves","floor":19,"turns":3},{"damage":20,"enemies":"Shelled Parasite and Fungi","floor":20,"turns":4},{"damage":20,"enemies":"Sentry and Sphere","floor":23,"turns":3},{"damage":3,"enemies":"Centurion and Healer","floor":24,"turns":5},{"damage":0,"enemies":"Snecko","floor":25,"turns":4},{"damage":11,"enemies":"Snake Plant","floor":30,"turns":1},{"damage":9,"enemies":"Pondfish","floor":33,"turns":10},{"damage":13,"enemies":"3 Darklings","floor":35,"turns":3},{"damage":2,"enemies":"Orb Walker","floor":41,"turns":3},{"damage":0,"enemies":"3 Darklings","floor":45,"turns":4},{"damage":6,"enemies":"Giant Head","floor":47,"turns":11},{"damage":0,"enemies":"Writhing Mass","floor":48,"turns":3},{"damage":16,"enemies":"Donu and Deca","floor":50,"turns":7}],"seed_played":"-1283480827410872575","potions_obtained":[{"floor":1,"key":"SpeedPotion"},{"floor":16,"key":"Dexterity Potion"},{"floor":25,"key":"Death Potion"},{"floor":30,"key":"Doom Potion"},{"floor":33,"key":"Adrenaline Potion"},{"floor":35,"key":"Toxic Potion"},{"floor":41,"key":"Energy Potion"},{"floor":45,"key":"Toxic Potion"}],"is_trial":false,"path_per_floor":["M","M","?","?","$","E","T","T","T","?","$","M","R","M","R","B",null,"M","M","M","$","?","M","M","M","T","R","$","?","M","$","R","B",null,"M","$","?","?","?","R","M","$","T","?","M","R","E","M","R","B",null],"character_chosen":"RUNESMITH_CLASS","items_purchased":["Runesmith:ChaoticBlast","Runesmith:HammerAndChisel","Akabeko","HandDrill","Lee\u0027s Waffle"],"campfire_rested":1,"item_purchase_floors":[5,11,21,28,36],"current_hp_per_floor":[67,63,68,68,68,64,64,64,64,57,57,58,58,52,74,18,75,69,58,41,41,41,24,24,27,27,27,27,27,19,19,41,35,75,65,82,73,73,73,73,74,74,74,74,77,77,74,77,77,64],"gold":128,"neow_bonus":"","is_daily":true,"chose_seed":false,"campfire_upgraded":5,"win_rate":0.0,"timestamp":1610997803,"path_taken":["M","?","?","?","?","E","?","?","T","?","$","M","R","M","R","BOSS","M","?","M","$","?","M","M","M","T","R","?","?","M","$","R","BOSS","M","$","?","?","?","R","M","$","T","?","?","R","E","M","R","BOSS"],"items_purchased_type":["Card","Card","Relic","Relic","Relic"],"build_version":"2020-12-22","purchased_purges":0,"victory":true,"max_hp_per_floor":[70,70,75,75,75,75,75,75,75,75,75,75,75,75,75,75,75,75,75,75,75,75,75,75,75,75,75,75,75,75,75,75,75,75,75,82,82,82,82,82,82,82,82,82,82,82,82,82,82,82],"card_choices":[{"not_picked":["Runesmith:Augment","Runesmith:Overpower"],"picked":"Runesmith:PerfectChisel","floor":0},{"not_picked":["Runesmith:Grindstone","Runesmith:DoubleUp"],"picked":"Runesmith:Firestorm","floor":0},{"not_picked":["Runesmith:BackupBattery","Runesmith:CraftObretio"],"picked":"Runesmith:HammerThrow","floor":0},{"not_picked":["Runesmith:MakeshiftArmor","Runesmith:StaticCage"],"picked":"Runesmith:Grindstone","floor":0},{"not_picked":["Runesmith:ShiftingStrike","Runesmith:CraftReservo"],"picked":"Runesmith:HeatExchange","floor":0},{"not_picked":["Runesmith:HeatExchange","Runesmith:Terraform"],"picked":"Runesmith:Electrocute","floor":0},{"not_picked":["Runesmith:RuneHurl","Runesmith:WhiteBalance"],"picked":"Runesmith:UnstableHammer","floor":0},{"not_picked":["Runesmith:StaticCage","Runesmith:BackupBattery"],"picked":"Runesmith:ChiselStab","floor":0},{"not_picked":["Runesmith:OneForEveryone","Runesmith:Grindstone"],"picked":"Runesmith:EarthShield","floor":0},{"not_picked":["Runesmith:UnstableHammer","Runesmith:HammerThrow"],"picked":"Runesmith:Firewall","floor":0},{"not_picked":["Runesmith:UnstableHammer","Runesmith:HeatExchange"],"picked":"Runesmith:CraftIncendium","floor":0},{"not_picked":["Runesmith:Grindstone","Runesmith:EarthShield"],"picked":"Runesmith:CraftObretio","floor":0},{"not_picked":["Runesmith:UnstableHammer","Runesmith:ChiselStab"],"picked":"Runesmith:HammerThrow","floor":0},{"not_picked":["Runesmith:Repurpose","Runesmith:UnstableHammer"],"picked":"Runesmith:CraftMagma","floor":0},{"not_picked":["Runesmith:MakeshiftArmor","Runesmith:NanitesCloud"],"picked":"Runesmith:EarthShield","floor":0},{"not_picked":["Runesmith:HammerThrow","Runesmith:ChiselStab"],"picked":"Runesmith:HeatedChisel","floor":1},{"not_picked":["Runesmith:RuneHurl","Runesmith:Superposition"],"picked":"Runesmith:Permafrost","floor":2},{"not_picked":["Headbutt","Runesmith:Repurpose","Runesmith:ChiselStab"],"picked":"SKIP","floor":6},{"not_picked":["Runesmith:RuneHurl","Runesmith:Terraform"],"picked":"Runesmith:MetallurgicalResearch","floor":12},{"not_picked":["Runesmith:HammerAndChisel","Armaments"],"picked":"Runesmith:Fortify","floor":14},{"not_picked":["Runesmith:CraftVitae","Runesmith:StaticCage"],"picked":"Runesmith:EnergizedChisel","floor":18},{"not_picked":["Runesmith:RuneHurl","Runesmith:Accelerate","Runesmith:EnergizedChisel+1"],"picked":"SKIP","floor":19},{"not_picked":["Runesmith:Grindstone","Runesmith:Superposition","Runesmith:ShiftingStrike+1"],"picked":"SKIP","floor":20},{"not_picked":["Runesmith:HeatExchange","Runesmith:CraftProtectio+1","Runesmith:Repurpose"],"picked":"SKIP","floor":23},{"not_picked":["Runesmith:HammerAndChisel+1","Runesmith:CraftMagma","Runesmith:HeatedChisel"],"picked":"SKIP","floor":24},{"not_picked":["Runesmith:EnergizedChisel","Runesmith:ChargedHammer","Runesmith:Electrocute+1"],"picked":"SKIP","floor":25},{"not_picked":["Runesmith:CraftObretio","Runesmith:BackupBattery","Runesmith:HammerThrow"],"picked":"SKIP","floor":30},{"not_picked":["Runesmith:Duplicate","Runesmith:DuctTape"],"picked":"Runesmith:LightningRod","floor":33},{"not_picked":["Runesmith:ChiselStab","Runesmith:Overpower+1","Runesmith:RuneHurl+1"],"picked":"SKIP","floor":35},{"not_picked":["Runesmith:WhiteBalance+1","Runesmith:Grindstone","Runesmith:HeatExchange+1"],"picked":"SKIP","floor":41},{"not_picked":["Runesmith:ShiftingStrike","Runesmith:ChiselStab+1","Runesmith:HeatExchange"],"picked":"SKIP","floor":45},{"not_picked":["Runesmith:FrozenChisel+1","Runesmith:HeatedChisel+1"],"picked":"Runesmith:RuneHurl","floor":47},{"not_picked":["Runesmith:Retool","Runesmith:Prism+1","Runesmith:HeatExchange+1"],"picked":"SKIP","floor":48}],"player_experience":275586,"relics_obtained":[{"floor":6,"key":"War Paint"},{"floor":7,"key":"Bronze Scales"},{"floor":8,"key":"Orichalcum"},{"floor":9,"key":"ReplayTheSpireMod:TigerMarble"},{"floor":17,"key":"Gremlin Food"},{"floor":17,"key":"HornCleat"},{"floor":17,"key":"TungstenRod"},{"floor":26,"key":"ReplayTheSpireMod:Shallot"},{"floor":43,"key":"Divine Protection"},{"floor":47,"key":"Turnip"}],"event_choices":[{"damage_healed":0,"gold_gain":0,"player_choice":"Donut","damage_taken":0,"max_hp_gain":5,"max_hp_loss":0,"event_name":"Big Fish","floor":3,"gold_loss":0},{"damage_healed":0,"gold_gain":0,"player_choice":"Damaged","damage_taken":7,"max_hp_gain":0,"max_hp_loss":0,"event_name":"Wheel of Change","floor":10,"gold_loss":0},{"damage_healed":0,"gold_gain":100,"player_choice":"Pray","damage_taken":0,"max_hp_gain":0,"max_hp_loss":0,"event_name":"Golden Shrine","floor":22,"gold_loss":0},{"damage_healed":0,"gold_gain":0,"player_choice":"1 cards matched","damage_taken":0,"max_hp_gain":0,"max_hp_loss":0,"event_name":"Match and Keep!","floor":29,"gold_loss":0,"cards_obtained":["Dramatic Entrance"]},{"damage_healed":0,"gold_gain":0,"player_choice":"Embrace Madness","damage_taken":10,"max_hp_gain":0,"max_hp_loss":0,"event_name":"Winding Halls","floor":37,"gold_loss":0,"cards_obtained":["Madness","Madness"]},{"damage_healed":0,"gold_gain":0,"player_choice":"Ignored","damage_taken":0,"max_hp_gain":0,"max_hp_loss":0,"event_name":"Mysterious Sphere","floor":38,"gold_loss":0},{"damage_healed":0,"gold_gain":0,"player_choice":"Memory 1","damage_taken":0,"max_hp_gain":0,"max_hp_loss":0,"event_name":"SensoryStone","floor":39,"gold_loss":0},{"damage_healed":0,"gold_gain":0,"player_choice":"Ignored","damage_taken":0,"max_hp_gain":0,"max_hp_loss":0,"event_name":"SecretPortal","floor":44,"gold_loss":0}],"is_beta":false,"boss_relics":[{"not_picked":["Kintsugi","Ring of Chaos"],"picked":"Calling Bell"},{"not_picked":["Runesmith:PocketReactor","Sozu"],"picked":"SacredBark"}],"items_purged_floors":[],"is_endless":false,"potions_floor_spawned":[1,16,25,30,33,35,41,45],"ascension_level":0}}