{"host":"7zdktqb5xjtif29d","time":1610980043,"event":{"mods":["AchievementEnabler","BaseMod","Colored Map","Colored Powertips","Dark Map","Highlight Path","Minty Spire (QoL Compilation)","Rare Cards Sparkle","SuperFastMode","Waifu the Spire","everything is the same but u backflip on backflip"],"gold_per_floor":[119,119,119,137,156,182,182,193,193,224,96,96,113,139,139,234,234,248,267,277,296,296,296],"floor_reached":22,"language":"ENG","playtime":848,"items_purged":["Strike_B"],"score":229,"play_id":"445d75b9-b1d6-4069-aa88-e6242b563651","local_time":"20210118142723","is_ascension_mode":true,"campfire_choices":[{"data":"Capacitor","floor":7.0,"key":"SMITH"},{"floor":12.0,"key":"REST"},{"floor":15.0,"key":"REST"}],"circlet_count":0,"master_deck":["Strike_B","Strike_B","Strike_B","Defend_B","Defend_B","Defend_B","Defend_B","Zap","Dualcast","Capacitor+1","Ball Lightning","Consume","Conserve Battery","Thunder Strike","Leap","Leap","Barrage+1"],"relics":["Cracked Core","Matryoshka","Anchor","Tiny Chest","Pantograph","Darkstone Periapt","Shuriken","Velvet Choker"],"acts_visited":["Exordium","TheCity"],"potions_floor_usage":[],"damage_taken":[{"damage":1.0,"enemies":"Cultist","floor":1.0,"turns":3.0},{"damage":2.0,"enemies":"Jaw Worm","floor":4.0,"turns":4.0},{"damage":0.0,"enemies":"Small Slimes","floor":5.0,"turns":3.0},{"damage":34.0,"enemies":"Gremlin Nob","floor":6.0,"turns":4.0},{"damage":6.0,"enemies":"Blue Slaver","floor":8.0,"turns":6.0},{"damage":32.0,"enemies":"3 Sentries","floor":10.0,"turns":8.0},{"damage":4.0,"enemies":"Red Slaver","floor":13.0,"turns":4.0},{"damage":22.0,"enemies":"Lagavulin","floor":14.0,"turns":7.0},{"damage":25.0,"enemies":"Hexaghost","floor":16.0,"turns":8.0},{"damage":0.0,"enemies":"Chosen","floor":18.0,"turns":4.0},{"damage":15.0,"enemies":"Shell Parasite","floor":19.0,"turns":7.0},{"damage":36,"enemies":"Snake Plant","floor":20,"turns":6},{"damage":46,"enemies":"Cultist and Chosen","floor":21,"turns":7},{"damage":24,"enemies":"Masked Bandits","floor":22,"turns":2}],"seed_played":"1583372794544099733","potions_obtained":[{"floor":3.0,"key":"FairyPotion"},{"floor":3.0,"key":"EssenceOfSteel"},{"floor":3.0,"key":"CultistPotion"},{"floor":14.0,"key":"Energy Potion"},{"floor":20,"key":"SneckoOil"},{"floor":21,"key":"SmokeBomb"}],"is_trial":false,"path_per_floor":["M","T","?","M","M","E","R","M","T","E","$","R","M","E","R","B",null,"M","M","M","M","?"],"character_chosen":"DEFECT","items_purchased":["Conserve Battery"],"campfire_rested":2,"item_purchase_floors":[11],"current_hp_per_floor":[81,81,81,79,79,45,45,39,39,7,7,31,27,5,29,29,82,82,67,31,15,0,0],"gold":296,"neow_bonus":"TEN_PERCENT_HP_BONUS","is_daily":false,"chose_seed":false,"campfire_upgraded":1,"win_rate":0.0,"timestamp":1610980043,"path_taken":["M","?","?","M","M","E","R","M","T","E","$","R","M","E","R","BOSS","M","?","M","M","?"],"items_purchased_type":["Card"],"build_version":"2020-12-22","purchased_purges":1,"victory":false,"max_hp_per_floor":[82,82,82,82,82,82,82,82,82,82,82,82,82,82,82,82,82,82,82,82,82,82,82],"card_choices":[{"not_picked":["Stack","Redo","Fusion"],"picked":"SKIP","floor":1.0},{"not_picked":["Gash","Go for the Eyes"],"picked":"Capacitor","floor":4.0},{"not_picked":["Doom and Gloom","Stack","Reprogram"],"picked":"SKIP","floor":5.0},{"not_picked":["Barrage","Hologram","Lockon"],"picked":"SKIP","floor":6.0},{"not_picked":["Leap","Turbo"],"picked":"Ball Lightning","floor":8.0},{"not_picked":["Tempest","Coolheaded"],"picked":"Consume","floor":10.0},{"not_picked":["Gash","Cold Snap","Turbo"],"picked":"SKIP","floor":13.0},{"not_picked":["Amplify","BootSequence","Go for the Eyes"],"picked":"SKIP","floor":14.0},{"not_picked":["Echo Form","Multi-Cast"],"picked":"Thunder Strike","floor":16.0},{"not_picked":["Barrage","Compile Driver+1","Aggregate+1"],"picked":"SKIP","floor":18.0},{"not_picked":["Streamline","Undo"],"picked":"Leap","floor":19.0},{"not_picked":["Rebound","Storm"],"picked":"Leap","floor":20},{"not_picked":["Streamline","Compile Driver"],"picked":"Barrage+1","floor":21}],"player_experience":241179,"relics_obtained":[{"floor":2.0,"key":"Matryoshka"},{"floor":6.0,"key":"Anchor"},{"floor":9.0,"key":"Tiny Chest"},{"floor":9.0,"key":"Pantograph"},{"floor":10.0,"key":"Darkstone Periapt"},{"floor":14.0,"key":"Shuriken"}],"event_choices":[{"damage_healed":0.0,"max_hp_gain":0.0,"max_hp_loss":0.0,"gold_gain":0.0,"event_name":"Lab","player_choice":"Got Potions","floor":3.0,"gold_loss":0.0,"damage_taken":0.0},{"damage_healed":0,"gold_gain":0,"player_choice":"Fought Bandits","damage_taken":0,"max_hp_gain":0,"max_hp_loss":0,"event_name":"Masked Bandits","floor":22,"gold_loss":0}],"is_beta":false,"boss_relics":[{"not_picked":["FrozenCore","Black Star"],"picked":"Velvet Choker"}],"items_purged_floors":[11],"is_endless":false,"potions_floor_spawned":[4,8,13,14,20,21],"killed_by":"Masked Bandits","ascension_level":2}}