{"host":"qhhcmep1unj6mpf7","time":1610988631,"event":{"mods":["2.2 Compatiblity","AchievementEnabler","BaseMod","Colored Map","DeckTracker","Highlight Path","Keyboard Shortcuts","Minty Spire (QoL Compilation)","Permanent Neow","Quick Restart","Random Character Button","StSLib","SuperFastMode","everything is the same but u backflip on backflip"],"gold_per_floor":[119,7,24,42,42,74,74,85,85,85,85],"floor_reached":10,"language":"KOR","playtime":385,"items_purged":["Strike_B"],"score":68,"play_id":"403aa17d-60ed-45e2-a659-ae382f59f429","local_time":"20210119015031","is_ascension_mode":false,"campfire_choices":[{"data":"Consume","floor":7.0,"key":"SMITH"}],"circlet_count":0,"master_deck":["Strike_B","Strike_B","Strike_B","Defend_B","Defend_B","Defend_B","Defend_B","Zap","Dualcast","Coolheaded","Blizzard","Consume+1","Hologram"],"relics":["Inserter","Smiling Mask"],"acts_visited":["Exordium"],"potions_floor_usage":[],"damage_taken":[{"damage":7.0,"enemies":"2 Louse","floor":1.0,"turns":3.0},{"damage":8.0,"enemies":"Cultist","floor":3.0,"turns":7.0},{"damage":6.0,"enemies":"Jaw Worm","floor":4.0,"turns":7.0},{"damage":28.0,"enemies":"3 Sentries","floor":6.0,"turns":10.0},{"damage":8.0,"enemies":"Looter","floor":8.0,"turns":5.0},{"damage":26,"enemies":"Gremlin Nob","floor":10,"turns":4}],"seed_played":"-9183167820543582494","potions_obtained":[{"floor":3.0,"key":"SneckoOil"},{"floor":4.0,"key":"SkillPotion"}],"is_trial":false,"path_per_floor":["M","$","M","M","?","E","R","M","T","E"],"character_chosen":"DEFECT","items_purchased":["Blizzard"],"campfire_rested":0,"item_purchase_floors":[2],"current_hp_per_floor":[68,68,60,54,54,26,26,18,18,0,0],"gold":85,"neow_bonus":"BOSS_RELIC","is_daily":false,"chose_seed":false,"campfire_upgraded":1,"win_rate":0.0,"timestamp":1610988631,"path_taken":["M","$","M","M","?","E","R","?","T","E"],"items_purchased_type":["Card"],"build_version":"2020-12-22","purchased_purges":1,"victory":false,"max_hp_per_floor":[75,75,75,75,75,75,75,75,75,75,75],"card_choices":[{"not_picked":["Streamline","Static Discharge"],"picked":"Coolheaded","floor":1.0},{"not_picked":["Defragment","Coolheaded"],"picked":"Consume","floor":3.0},{"not_picked":["Leap","Sweeping Beam","Rebound"],"picked":"SKIP","floor":4.0},{"not_picked":["Machine Learning","Beam Cell"],"picked":"Hologram","floor":6.0},{"not_picked":["Reprogram","Stack","Compile Driver"],"picked":"SKIP","floor":8.0}],"player_experience":315502,"relics_obtained":[{"floor":6.0,"key":"Smiling Mask"}],"event_choices":[{"damage_healed":0.0,"max_hp_gain":0.0,"max_hp_loss":0.0,"gold_gain":0.0,"event_name":"NoteForYourself","player_choice":"Ignored","floor":5.0,"gold_loss":0.0,"damage_taken":0.0}],"is_beta":false,"boss_relics":[],"items_purged_floors":[2],"is_endless":false,"potions_floor_spawned":[3,4],"killed_by":"Gremlin Nob","ascension_level":0}}