{"host":"684z1xpuwaoqmmh1","time":1610990205,"event":{"mods":["Bard","BaseMod","Downfall","Hermit","Jorbs\u0027s Wanderer Trilogy","Marisa????????","Minty Spire (QoL Compilation)","Robot Space Explorer","Shade Mod","StSLib","The Bug Knight","The Cursed","The Hayseed","The Hierophant","The Marked","The Mystic","The Runesmith","The Senshi","The Spell Scribe"],"gold_per_floor":[113,131,142,155,155,190,207,234,234,268,283,283,295,309,309,411,411,428,445,445,465,478,478,513,533,533,533,533],"floor_reached":27,"language":"ENG","playtime":16030,"items_purged":[],"score":329,"play_id":"d421af8e-f337-4a2e-9190-772c1d012355","local_time":"20210118191645","is_ascension_mode":true,"campfire_choices":[{"data":"Shade:AnimateDead","floor":12,"key":"SMITH"},{"data":"Shade:SkeletonHug","floor":15,"key":"SMITH"},{"data":"Shade:LichForm","floor":23,"key":"SMITH"}],"circlet_count":0,"master_deck":["Shade:Strike_Shade","Shade:Strike_Shade","Shade:Defend_Shade","Shade:Defend_Shade","Shade:Defend_Shade","Shade:AnimateDead+1","Shade:CarefulCut","Shade:AncientSpear","Shade:RavenousHorde","Shade:SkeletonHug+1","Shade:FeralStrike","Shade:Asphyxiate","Shade:Excise","Shade:ScuttlingHand+1","Shade:ClawBack+1","Shade:Bonestorm+1","Shade:Haruspicy","Shade:FleshOffering","Shade:LichForm+1","Shade:GreyBargain","Shade:RitualOffering+1","Shade:Carnophage","Shade:ExtraLimbs+1","Shade:FuneraryArmor+1"],"relics":["Shade:YorickSkull","FossilizedHelix","Molten Egg 2","Thread and Needle","theSenshi:SpiralHeartMoonRodRelic","Sozu","Ornamental Fan","Runesmith:AutoHammer"],"acts_visited":["Exordium","TheCity"],"potions_floor_usage":[27],"damage_taken":[{"damage":7.0,"enemies":"Jaw Worm","floor":1.0,"turns":4.0},{"damage":0.0,"enemies":"Cultist","floor":2.0,"turns":3.0},{"damage":0.0,"enemies":"2 Louse","floor":3.0,"turns":2.0},{"damage":0.0,"enemies":"Lots of Slimes","floor":4.0,"turns":2.0},{"damage":2.0,"enemies":"Gremlin Nob","floor":6.0,"turns":3.0},{"damage":11.0,"enemies":"Exordium Thugs","floor":7.0,"turns":5.0},{"damage":15.0,"enemies":"Lagavulin","floor":8.0,"turns":9.0},{"damage":2,"enemies":"3 Sentries","floor":10,"turns":6},{"damage":0,"enemies":"2 Fungi Beasts","floor":11,"turns":2},{"damage":0,"enemies":"Gremlin Gang","floor":13,"turns":3},{"damage":0,"enemies":"3 Louse","floor":14,"turns":2},{"damage":32,"enemies":"Hexaghost","floor":16,"turns":11},{"damage":18,"enemies":"2 Thieves","floor":18,"turns":5},{"damage":0,"enemies":"3 Byrds","floor":19,"turns":3},{"damage":2,"enemies":"Shelled Parasite and Fungi","floor":21,"turns":4},{"damage":7,"enemies":"Cultist and Chosen","floor":22,"turns":6},{"damage":44,"enemies":"Slavers","floor":24,"turns":5},{"damage":9,"enemies":"Centurion and Healer","floor":25,"turns":6},{"damage":20,"enemies":"Gremlin Leader","floor":27,"turns":3}],"seed_played":"6668505826119901936","potions_obtained":[{"floor":1.0,"key":"Explosive Potion"},{"floor":2.0,"key":"Fire Potion"},{"floor":7.0,"key":"LiquidBronze"},{"floor":8.0,"key":"hexamod:SoulburnPotion"},{"floor":16,"key":"champ:CounterPotion"}],"is_trial":false,"path_per_floor":["M","M","M","M","?","E","M","E","T","E","M","R","M","M","R","B",null,"M","M","?","M","M","R","E","M","T","E"],"character_chosen":"SHADE","items_purchased":[],"campfire_rested":0,"item_purchase_floors":[],"current_hp_per_floor":[58,58,58,58,58,56,45,30,30,28,32,32,40,46,46,16,65,51,57,57,59,56,56,18,13,13,0,0],"gold":533,"neow_bonus":"REMOVE_CARD","is_daily":false,"chose_seed":false,"campfire_upgraded":3,"win_rate":0.0,"timestamp":1610990205,"path_taken":["M","M","M","M","?","E","M","E","T","E","M","R","M","?","R","BOSS","M","M","?","M","M","R","E","M","T","E"],"items_purchased_type":[],"build_version":"2020-12-22","purchased_purges":0,"victory":false,"max_hp_per_floor":[65,65,65,65,65,65,65,65,65,65,65,65,65,65,65,65,65,65,65,65,65,65,65,65,65,65,65,65],"card_choices":[{"not_picked":["Shade:CallWraith","Shade:SpontaneousRitual"],"picked":"Shade:AncientSpear","floor":1.0},{"not_picked":["Shade:SoulToxin","Shade:AncientSpear"],"picked":"Shade:RavenousHorde","floor":2.0},{"not_picked":["Shade:BoneShards","Shade:GoDigging"],"picked":"Shade:SkeletonHug","floor":3.0},{"not_picked":["Shade:ExtraLimbs","Shade:FreshBones"],"picked":"Shade:FeralStrike","floor":4.0},{"not_picked":["Shade:Premonition","Shade:AncientSpear"],"picked":"Shade:Asphyxiate","floor":6.0},{"not_picked":["Shade:CallWraith","Shade:FreshBones"],"picked":"Shade:Excise","floor":7.0},{"not_picked":["Shade:Tombstone+1","Shade:Patience"],"picked":"Shade:ScuttlingHand+1","floor":8.0},{"not_picked":["Shade:LyeBath","Shade:SensePrey"],"picked":"Shade:ClawBack+1","floor":10},{"not_picked":["Shade:Frenzy","Shade:Trample+1"],"picked":"Shade:Bonestorm+1","floor":11},{"not_picked":["Shade:Frenzy","Shade:CallWraith"],"picked":"Shade:Haruspicy","floor":13},{"not_picked":["Shade:Frenzy","Shade:SkeletonArmy"],"picked":"Shade:FleshOffering","floor":14},{"not_picked":["Shade:OminousRitual+1","Shade:GreaterAnimation"],"picked":"Shade:LichForm","floor":16},{"not_picked":["Shade:Patience+1","Shade:Bonestorm+1"],"picked":"Shade:GreyBargain","floor":18},{"not_picked":["Shade:FeralStrike+1","Shade:SanguineRitual","Shade:FleshOffering+1"],"picked":"SKIP","floor":19},{"not_picked":["Shade:Trample+1","Shade:Bonestorm+1"],"picked":"Shade:RitualOffering+1","floor":21},{"not_picked":["Shade:SensePrey","Shade:ScuttlingHand+1"],"picked":"Shade:Carnophage","floor":22},{"not_picked":["Shade:LastGasp","Shade:FreshBones"],"picked":"Shade:ExtraLimbs+1","floor":24},{"not_picked":["Shade:AblativeArmor","Shade:CallWraith"],"picked":"Shade:FuneraryArmor+1","floor":25}],"player_experience":2881341,"relics_obtained":[{"floor":6.0,"key":"FossilizedHelix"},{"floor":8.0,"key":"Molten Egg 2"},{"floor":9.0,"key":"Thread and Needle"},{"floor":10,"key":"theSenshi:SpiralHeartMoonRodRelic"},{"floor":24,"key":"Ornamental Fan"},{"floor":26,"key":"Runesmith:AutoHammer"}],"event_choices":[{"cards_removed":["Shade:Strike_Shade"],"damage_healed":0.0,"max_hp_gain":0.0,"max_hp_loss":0.0,"gold_gain":0.0,"event_name":"Purifier","player_choice":"Purged","floor":5.0,"gold_loss":0.0,"damage_taken":0.0},{"cards_removed":["Shade:Strike_Shade"],"damage_healed":0,"gold_gain":0,"player_choice":"Offered Basic","damage_taken":0,"max_hp_gain":0,"max_hp_loss":0,"event_name":"Bonfire Elementals","floor":20,"gold_loss":0}],"is_beta":false,"boss_relics":[{"not_picked":["Snecko Eye","Empty Cage"],"picked":"Sozu"}],"items_purged_floors":[],"is_endless":false,"potions_floor_spawned":[1,2,7,8,16,18,22],"killed_by":"Gremlin Leader","ascension_level":3}}