{"host":"g2yp6paluzgljz05","time":1610943064,"event":{"mods":["BaseMod","Bestiary","Colored Powertips","DeckTracker","Highlight Path","Minty Spire (QoL Compilation)","Quick Restart"],"gold_per_floor":[111,60,60,60,60,60,85,85,108,118,118,133,157,55,55,175,175,188,183,13,13,13,13,13],"floor_reached":23,"language":"ENG","playtime":1119,"items_purged":["Injury"],"score":271,"play_id":"c2c9a373-62e9-4c23-af4e-a33fda27611a","local_time":"20210118151104","is_ascension_mode":true,"campfire_choices":[{"data":"Gash","floor":6,"key":"SMITH"},{"data":"Auto Shields","floor":8,"key":"SMITH"},{"data":"Beam Cell","floor":15,"key":"SMITH"}],"circlet_count":0,"master_deck":["Defend_B","Defend_B+1","Defend_B","Defend_B","Zap","Dualcast","Auto Shields+1","Gash+1","Glacier+1","Beam Cell+1","Consume+1","Hologram+1","All For One","Chill+1","Apotheosis+1","Bite","Bite","Bite","Bite","Bite","Gash+1"],"relics":["Cracked Core","NeowsBlessing","Toxic Egg 2","Centennial Puzzle","MealTicket","Golden Idol","Sozu"],"acts_visited":["Exordium","TheCity"],"potions_floor_usage":[],"damage_taken":[{"damage":0,"enemies":"2 Louse","floor":1,"turns":1},{"damage":0,"enemies":"Jaw Worm","floor":5,"turns":1},{"damage":0,"enemies":"Gremlin Nob","floor":7,"turns":1},{"damage":3,"enemies":"Small Slimes","floor":10,"turns":4},{"damage":6,"enemies":"2 Fungi Beasts","floor":12,"turns":3},{"damage":7,"enemies":"3 Louse","floor":13,"turns":3},{"damage":33,"enemies":"Hexaghost","floor":16,"turns":11},{"damage":14,"enemies":"Chosen","floor":18,"turns":4},{"damage":7,"enemies":"2 Thieves","floor":19,"turns":4},{"damage":68,"enemies":"Slavers","floor":23,"turns":4}],"seed_played":"8283721416236475824","potions_obtained":[{"floor":7,"key":"FearPotion"},{"floor":12,"key":"SteroidPotion"},{"floor":13,"key":"FearPotion"}],"is_trial":false,"path_per_floor":["M","$","?","?","M","R","E","R","T","M","?","M","M","$","R","B",null,"M","M","$","?","?","E"],"character_chosen":"DEFECT","items_purchased":["Gash","Hologram+1","Apotheosis+1"],"campfire_rested":0,"item_purchase_floors":[2,14,20],"current_hp_per_floor":[75,75,72,57,57,57,57,57,57,54,54,48,41,56,56,23,75,61,54,69,52,52,0,0],"gold":13,"neow_bonus":"THREE_ENEMY_KILL","is_daily":false,"chose_seed":false,"campfire_upgraded":3,"win_rate":0.0,"timestamp":1610943064,"path_taken":["M","$","?","?","M","R","E","R","T","M","?","M","M","$","R","BOSS","M","M","$","?","?","E"],"items_purchased_type":["Card","Card","Card"],"build_version":"2020-12-22","purchased_purges":1,"victory":false,"max_hp_per_floor":[75,75,75,75,75,75,75,75,75,75,75,75,75,75,75,75,75,75,75,75,52,52,52,52],"card_choices":[{"not_picked":["Turbo","Doom and Gloom"],"picked":"Auto Shields","floor":1},{"not_picked":["Conserve Battery+1","Leap+1"],"picked":"Glacier+1","floor":5},{"not_picked":["Leap+1","Barrage","Conserve Battery+1"],"picked":"SKIP","floor":7},{"not_picked":["Cold Snap","Heatsinks","Tempest+1"],"picked":"SKIP","floor":10},{"not_picked":["Stack+1","Compile Driver"],"picked":"Beam Cell","floor":12},{"not_picked":["Redo+1","Compile Driver"],"picked":"Consume+1","floor":13},{"not_picked":["Meteor Strike","Thunder Strike"],"picked":"All For One","floor":16},{"not_picked":["Turbo+1","Conserve Battery+1"],"picked":"Chill+1","floor":18},{"not_picked":["Turbo+1","Storm","Conserve Battery+1"],"picked":"SKIP","floor":19}],"player_experience":213378,"relics_obtained":[{"floor":7,"key":"Centennial Puzzle"},{"floor":9,"key":"MealTicket"}],"event_choices":[{"damage_healed":0,"gold_gain":0,"player_choice":"Success","damage_taken":3,"relics_obtained":["Toxic Egg 2"],"max_hp_gain":0,"max_hp_loss":0,"event_name":"Scrap Ooze","floor":3,"gold_loss":0},{"damage_healed":0,"gold_gain":0,"player_choice":"Entered Light","damage_taken":15,"max_hp_gain":0,"max_hp_loss":0,"event_name":"Shining Light","floor":4,"gold_loss":0,"cards_upgraded":["Defend_B","Strike_B"]},{"damage_healed":0,"gold_gain":0,"player_choice":"Take Wound","damage_taken":0,"relics_obtained":["Golden Idol"],"max_hp_gain":0,"max_hp_loss":0,"event_name":"Golden Idol","floor":11,"gold_loss":0,"cards_obtained":["Injury"]},{"damage_healed":0,"gold_gain":0,"player_choice":"Became a vampire","damage_taken":0,"max_hp_gain":0,"max_hp_loss":23,"event_name":"Vampires","floor":21,"gold_loss":0,"cards_obtained":["Bite","Bite","Bite","Bite","Bite"]},{"damage_healed":0,"gold_gain":0,"player_choice":"Copied","damage_taken":0,"max_hp_gain":0,"max_hp_loss":0,"event_name":"Duplicator","floor":22,"gold_loss":0,"cards_obtained":["Gash"]}],"is_beta":false,"boss_relics":[{"not_picked":["Black Star","Coffee Dripper"],"picked":"Sozu"}],"items_purged_floors":[14],"is_endless":false,"potions_floor_spawned":[7,12,13,18],"killed_by":"Slavers","ascension_level":3}}