{"host":"om7owl42mqyth0gn","time":1610937875,"event":{"mods":["2.2 Compatiblity","BaseMod","Block Reminder","Colored Map","Colored Powertips","Dark Map","Highlight Path","Minty Spire (QoL Compilation)","StSLib","UnlockEverythingMod"],"gold_per_floor":[112,89,107,107,122,122,132,132,200,200,200,235,235,267,267,368,368,380,380,396,412,412,412,446,446,446,6,25,25,41,51,51,148,148,162,162,176,188,188,188,218,218,218,234,252,252,100,110,110,110],"floor_reached":51,"language":"ENG","playtime":8193,"items_purged":[],"score":657,"play_id":"a26db605-24a3-461a-bd78-2ef64059ce06","local_time":"20210118024435","is_ascension_mode":false,"campfire_choices":[{"data":"Eruption","floor":6.0,"key":"SMITH"},{"data":"PathToVictory","floor":8.0,"key":"SMITH"},{"floor":11.0,"key":"REST"},{"data":"Defend_P","floor":13.0,"key":"SMITH"},{"floor":15.0,"key":"DIG"},{"floor":23,"key":"DIG"},{"floor":25,"key":"REST"},{"floor":29,"key":"DIG"},{"floor":32,"key":"REST"},{"floor":40,"key":"REST"},{"floor":42,"key":"REST"},{"floor":46,"key":"REST"},{"floor":49,"key":"REST"}],"circlet_count":0,"master_deck":["Eruption+1","Vigilance","PathToVictory+1","Halt+1","DeceiveReality","ThirdEye","CutThroughFate","ReachHeaven","DevaForm","BattleHymn+1","TalkToTheHand+1","EmptyFist","PathToVictory+1","EmptyBody","WaveOfTheHand","CutThroughFate","FlurryOfBlows+1","SandsOfTime","Pray+1","Establishment","Collect","FearNoEvil","Perseverance","Omniscience","FollowUp","Pray","SashWhip","MentalFortress+1","Indignation+1","WheelKick+1","Parasite","Prostrate+1"],"relics":["PureWater","War Paint","Gremlin Horn","Bag of Preparation","Shovel","Calipers","Sozu","Blood Vial","Peace Pipe","Shuriken","FossilizedHelix","Bottled Tornado","Pandora\u0027s Box","Frozen Egg 2","Ornamental Fan","Lee\u0027s Waffle"],"acts_visited":["TheCity","TheBeyond"],"potions_floor_usage":[33,45],"damage_taken":[{"damage":0.0,"enemies":"Small Slimes","floor":1.0,"turns":2.0},{"damage":0.0,"enemies":"2 Louse","floor":3.0,"turns":2.0},{"damage":0.0,"enemies":"Jaw Worm","floor":5.0,"turns":3.0},{"damage":0.0,"enemies":"3 Louse","floor":7.0,"turns":2.0},{"damage":1.0,"enemies":"3 Sentries","floor":12.0,"turns":4.0},{"damage":2.0,"enemies":"Lagavulin","floor":14.0,"turns":4.0},{"damage":11,"enemies":"The Guardian","floor":16,"turns":10},{"damage":0,"enemies":"Spheric Guardian","floor":18,"turns":5},{"damage":4,"enemies":"Shell Parasite","floor":20,"turns":5},{"damage":5,"enemies":"Centurion and Healer","floor":21,"turns":4},{"damage":36,"enemies":"Book of Stabbing","floor":24,"turns":7},{"damage":1,"enemies":"Shelled Parasite and Fungi","floor":28,"turns":6},{"damage":0,"enemies":"Cultist and Chosen","floor":30,"turns":4},{"damage":12,"enemies":"Centurion and Healer","floor":31,"turns":6},{"damage":60,"enemies":"Champ","floor":33,"turns":10},{"damage":6,"enemies":"Orb Walker","floor":35,"turns":3},{"damage":0,"enemies":"3 Shapes","floor":37,"turns":4},{"damage":12,"enemies":"Sphere and 2 Shapes","floor":38,"turns":6},{"damage":36,"enemies":"Nemesis","floor":41,"turns":7},{"damage":18,"enemies":"Spire Growth","floor":44,"turns":5},{"damage":14,"enemies":"Writhing Mass","floor":45,"turns":3},{"damage":28,"enemies":"Sphere and 2 Shapes","floor":48,"turns":4},{"damage":22,"enemies":"Awakened One","floor":50,"turns":7}],"seed_played":"2800441266922276851","potions_obtained":[{"floor":7.0,"key":"EntropicBrew"},{"floor":12.0,"key":"DuplicationPotion"}],"is_trial":false,"path_per_floor":["M","?","M","?","M","R","M","R","T","?","R","E","R","E","R","B",null,"M","?","M","M","?","R","E","R","T","$","M","R","M","M","R","B",null,"M","?","M","M","?","R","E","R","T","M","M","R","$","M","R","B",null],"character_chosen":"WATCHER","items_purchased":["FossilizedHelix","WaveOfTheHand","CutThroughFate","Lee\u0027s Waffle"],"campfire_rested":7,"item_purchase_floors":[27,27,27,47],"current_hp_per_floor":[79,79,79,72,72,72,72,72,72,56,79,78,78,76,76,65,79,79,79,75,70,70,70,36,59,59,59,60,60,62,52,75,17,79,73,73,75,65,65,79,43,66,66,50,38,61,86,58,83,63],"gold":110,"neow_bonus":"TEN_PERCENT_HP_BONUS","is_daily":false,"chose_seed":false,"campfire_upgraded":3,"win_rate":0.0,"timestamp":1610937875,"path_taken":["M","?","M","?","M","R","M","R","T","?","R","E","R","E","R","BOSS","M","?","M","M","?","R","E","R","T","$","?","R","M","?","R","BOSS","M","?","?","M","?","R","E","R","T","M","?","R","$","M","R","BOSS"],"items_purchased_type":["Relic","Card","Card","Relic"],"build_version":"2020-12-22","purchased_purges":0,"victory":true,"max_hp_per_floor":[79,79,79,79,79,79,79,79,79,79,79,79,79,79,79,79,79,79,79,79,79,79,79,79,79,79,79,79,79,79,79,79,79,79,79,79,79,79,79,79,79,79,79,79,79,79,86,86,86,86],"card_choices":[{"not_picked":["Evaluate","FlyingSleeves"],"picked":"PathToVictory","floor":1.0},{"not_picked":["Perseverance","Evaluate"],"picked":"Halt","floor":3.0},{"not_picked":["ClearTheMind","JustLucky"],"picked":"DeceiveReality","floor":5.0},{"not_picked":["PathToVictory","Evaluate"],"picked":"ThirdEye","floor":7.0},{"not_picked":["FlyingSleeves","Sanctity"],"picked":"CutThroughFate","floor":12.0},{"not_picked":["WheelKick","Pray"],"picked":"ReachHeaven","floor":14.0},{"not_picked":["Brilliance","Ragnarok"],"picked":"DevaForm","floor":16},{"not_picked":["SashWhip+1","FollowUp+1"],"picked":"BattleHymn+1","floor":18},{"not_picked":["FlurryOfBlows","InnerPeace"],"picked":"TalkToTheHand+1","floor":20},{"not_picked":["Consecrate+1","FlyingSleeves"],"picked":"EmptyFist","floor":21},{"not_picked":["Brilliance","FearNoEvil"],"picked":"EmptyBody","floor":24},{"not_picked":["CarveReality","FollowUp"],"picked":"FlurryOfBlows+1","floor":28},{"not_picked":["WreathOfFlame","MentalFortress"],"picked":"SandsOfTime","floor":30},{"not_picked":["WaveOfTheHand","Perseverance"],"picked":"Pray+1","floor":31},{"not_picked":["Ragnarok","Judgement"],"picked":"Establishment","floor":33},{"not_picked":["EmptyMind","FlyingSleeves"],"picked":"MentalFortress+1","floor":35},{"not_picked":["Collect","CrushJoints","SashWhip+1"],"picked":"SKIP","floor":37},{"not_picked":["SashWhip+1","CarveReality","WheelKick+1"],"picked":"SKIP","floor":38},{"not_picked":["CutThroughFate","Adaptation+1"],"picked":"Indignation+1","floor":41},{"not_picked":["Conclude+1","ThirdEye+1"],"picked":"WheelKick+1","floor":44},{"not_picked":["Meditate+1","CutThroughFate+1"],"picked":"Prostrate+1","floor":45},{"not_picked":["SashWhip+1","ThirdEye","Fasting2+1"],"picked":"SKIP","floor":48}],"player_experience":0,"relics_obtained":[{"floor":9.0,"key":"Gremlin Horn"},{"floor":12.0,"key":"Bag of Preparation"},{"floor":14.0,"key":"Shovel"},{"floor":15.0,"key":"Calipers"},{"floor":23,"key":"Blood Vial"},{"floor":24,"key":"Peace Pipe"},{"floor":26,"key":"Shuriken"},{"floor":29,"key":"Bottled Tornado"},{"floor":41,"key":"Frozen Egg 2"},{"floor":43,"key":"Ornamental Fan"}],"event_choices":[{"damage_healed":0.0,"max_hp_gain":0.0,"max_hp_loss":0.0,"gold_gain":0.0,"event_name":"World of Goop","player_choice":"Left Gold","floor":2.0,"gold_loss":23.0,"damage_taken":0.0},{"damage_healed":0.0,"max_hp_gain":0.0,"max_hp_loss":0.0,"gold_gain":0.0,"event_name":"Scrap Ooze","player_choice":"Success","floor":4.0,"gold_loss":0.0,"damage_taken":7.0,"relics_obtained":["War Paint"]},{"damage_healed":0.0,"max_hp_gain":0.0,"max_hp_loss":0.0,"gold_gain":0.0,"event_name":"Shining Light","player_choice":"Entered Light","floor":10.0,"gold_loss":0.0,"damage_taken":16.0,"cards_upgraded":["Halt","Defend_P"]},{"damage_healed":0,"gold_gain":0,"player_choice":"Ignored","damage_taken":0,"max_hp_gain":0,"max_hp_loss":0,"event_name":"Vampires","floor":19,"gold_loss":0},{"damage_healed":0,"gold_gain":0,"player_choice":"Copied","damage_taken":0,"max_hp_gain":0,"max_hp_loss":0,"event_name":"Duplicator","floor":22,"gold_loss":0,"cards_obtained":["PathToVictory"]},{"cards_removed":["Blasphemy"],"damage_healed":0,"gold_gain":0,"player_choice":"Purged","damage_taken":0,"max_hp_gain":0,"max_hp_loss":0,"event_name":"Purifier","floor":36,"gold_loss":0},{"damage_healed":0,"gold_gain":0,"player_choice":"Ignored","damage_taken":0,"max_hp_gain":0,"max_hp_loss":0,"event_name":"SecretPortal","floor":39,"gold_loss":0}],"is_beta":false,"boss_relics":[{"not_picked":["Cursed Key","Busted Crown"],"picked":"Sozu"},{"not_picked":["Velvet Choker","VioletLotus"],"picked":"Pandora\u0027s Box"}],"items_purged_floors":[],"is_endless":false,"potions_floor_spawned":[7,12,21,30,31,37,44,45],"ascension_level":0}}