{"host":"lh9qfzqeqctr28d2","time":1610981472,"event":{"mods":["BaseMod","CapriCore","Luminous","Minty Spire (QoL Compilation)","Quick Restart","Relic Stats","Remilia£®¿Ÿ√◊¿Ú—«£©","StSLib","Yakumo Yukari mod"],"gold_per_floor":[113,113,131,81,81,81,106,281,281,301,148,148,148],"floor_reached":12,"language":"ZHS","playtime":348,"items_purged":["Doubt"],"score":152,"play_id":"8bb6d51a-51fe-451f-8a83-82ad6e88970d","local_time":"20210118225112","is_ascension_mode":true,"campfire_choices":[{"data":"UnderTheZenith","floor":6,"key":"SMITH"}],"circlet_count":0,"master_deck":["AscendersBane","Strike_RM","Strike_RM","Strike_RM","Defend_RM","Defend_RM","Defend_RM","RedMoon","ScarletShoot","NightDance","RedMagic","UnderTheZenith+1","RedNightlessCastle","MiserableFate","ScarletNetherworld"],"relics":["ScarletHat","NeowsBlessing","HornCleat","Pear","Blue Candle"],"acts_visited":["Exordium"],"potions_floor_usage":[],"damage_taken":[{"damage":0,"enemies":"2 Louse","floor":1,"turns":1},{"damage":0,"enemies":"Cultist","floor":3,"turns":1},{"damage":0,"enemies":"3 Sentries","floor":7,"turns":1},{"damage":2,"enemies":"Small Slimes","floor":10,"turns":2},{"damage":0,"enemies":"Gremlin Nob","floor":12,"turns":3}],"seed_played":"-6521837313326652825","potions_obtained":[{"floor":1,"key":"GamblersBrew"}],"is_trial":false,"path_per_floor":["M","?","M","?","?","R","E","?","T","M","$","E"],"character_chosen":"REMILIA","items_purchased":["ScarletNetherworld"],"campfire_rested":0,"item_purchase_floors":[11],"current_hp_per_floor":[68,68,68,68,56,56,66,66,66,64,64,64,64],"gold":148,"neow_bonus":"THREE_ENEMY_KILL","is_daily":false,"chose_seed":false,"campfire_upgraded":1,"win_rate":0.0,"timestamp":1610981472,"path_taken":["M","?","?","?","?","R","E","?","T","M","$","E"],"items_purchased_type":["Card"],"build_version":"2020-12-22","purchased_purges":1,"victory":false,"max_hp_per_floor":[75,75,75,75,75,75,85,85,85,85,85,85,85],"relic_stats":{"counters":[5,8],"Blue Candle":[0],"obtain_stats":[{"HornCleat":5,"Pear":7,"NeowsBlessing":0,"Blue Candle":9,"ScarletHat":0},{"HornCleat":2,"Pear":3,"NeowsBlessing":0,"Blue Candle":3,"ScarletHat":0},{"HornCleat":2,"Pear":3,"NeowsBlessing":0,"Blue Candle":3,"ScarletHat":0}]},"card_choices":[{"not_picked":["RedNightlessCastle","ScarletImprint"],"picked":"NightDance","floor":1},{"not_picked":["CharismaGuard","Stigmanizer"],"picked":"UnderTheZenith","floor":3},{"not_picked":["VampireFantasy","BadLadyScramble"],"picked":"RedNightlessCastle","floor":7},{"not_picked":["RedRainbow","UnstableMagic"],"picked":"MiserableFate","floor":10}],"player_experience":428878,"relics_obtained":[{"floor":7,"key":"Pear"},{"floor":9,"key":"Blue Candle"}],"event_choices":[{"damage_healed":0,"gold_gain":0,"cards_transformed":["Strike_RM"],"player_choice":"Transformed","damage_taken":0,"max_hp_gain":0,"max_hp_loss":0,"event_name":"Transmorgrifier","floor":2,"gold_loss":0,"cards_obtained":["RedMagic"]},{"cards_removed":["Defend_RM"],"damage_healed":0,"gold_gain":0,"player_choice":"Card Removal","damage_taken":0,"max_hp_gain":0,"max_hp_loss":0,"event_name":"The Cleric","floor":4,"gold_loss":50},{"damage_healed":0,"gold_gain":0,"player_choice":"Success","damage_taken":12,"relics_obtained":["HornCleat"],"max_hp_gain":0,"max_hp_loss":0,"event_name":"Scrap Ooze","floor":5,"gold_loss":0},{"damage_healed":0,"gold_gain":175,"player_choice":"AGREE","damage_taken":0,"max_hp_gain":0,"max_hp_loss":0,"event_name":"Liars Game","floor":8,"gold_loss":0,"cards_obtained":["Doubt"]}],"is_beta":false,"boss_relics":[],"items_purged_floors":[11],"is_endless":false,"potions_floor_spawned":[1],"killed_by":"Gremlin Nob","ascension_level":10}}