{"host":"h4qgcirtxz6qax9j","time":1610978012,"event":{"mods":["AchievementEnabler","BaseMod","Colored Powertips","Hermit","Minty Spire (QoL Compilation)","StSLib","SuperFastMode","The Servant 0.9.4"],"gold_per_floor":[110,130,130,38,56,56,87,103,154,204,204,204,45,61,61,159,159,179,101,134,134,149,180,180,180,180],"floor_reached":25,"language":"KOR","playtime":696,"items_purged":[],"score":230,"play_id":"db9c65a8-3947-43a9-ad25-ede18f16177f","local_time":"20210118225332","is_ascension_mode":true,"campfire_choices":[{"data":"KidneyShot","floor":6,"key":"SMITH"},{"floor":12,"key":"REST"},{"floor":15,"key":"REST"},{"floor":24,"key":"REST"}],"circlet_count":0,"master_deck":["Strike_S","Strike_S","Strike_S","Strike_S","Defend_S","Defend_S","Defend_S","Defend_S","KidneyShot+1","Exchange","Desolation","Rewind","Decay","Starlight","BottledTime","ShatteredReality","SpecialFormula","Starlight","KidneyShot","TheWorld","Rearm","Sunlight","MurderousAura","Moonlight","SurpressingFire","Ricochet","SilverBlades"],"relics":["Uniform","NeowsBlessing","Sundial","Ancient Tea Set","Orichalcum","Sozu","Red Mask","Blood Vial"],"acts_visited":["Exordium","TheCity"],"potions_floor_usage":[20,20,20],"damage_taken":[{"damage":0,"enemies":"Small Slimes","floor":1,"turns":1},{"damage":0,"enemies":"Cultist","floor":2,"turns":1},{"damage":0,"enemies":"Jaw Worm","floor":5,"turns":1},{"damage":56,"enemies":"Lagavulin","floor":7,"turns":10},{"damage":12,"enemies":"Lots of Slimes","floor":8,"turns":6},{"damage":8,"enemies":"Blue Slaver","floor":14,"turns":3},{"damage":31,"enemies":"Hexaghost","floor":16,"turns":14},{"damage":13,"enemies":"Spheric Guardian","floor":18,"turns":4},{"damage":38,"enemies":"Masked Bandits","floor":20,"turns":4},{"damage":0,"enemies":"Chosen","floor":22,"turns":4},{"damage":18,"enemies":"Book of Stabbing","floor":23,"turns":5},{"damage":23,"enemies":"Slavers","floor":25,"turns":2}],"seed_played":"1334361357378612325","potions_obtained":[{"floor":1,"key":"BlessingOfTheForge"},{"floor":7,"key":"Energy Potion"},{"floor":14,"key":"PowerPotion"}],"is_trial":false,"path_per_floor":["M","M","?","$","M","R","E","M","T","T","?","R","$","M","R","B",null,"M","$","?","$","M","E","R","E"],"character_chosen":"THE_SERVANT","items_purchased":["Starlight","BottledTime","TheWorld","Rearm","SurpressingFire"],"campfire_rested":3,"item_purchase_floors":[4,4,13,13,19],"current_hp_per_floor":[65,65,65,65,65,65,9,2,2,2,2,21,21,13,32,6,65,52,52,14,14,14,1,20,0,0],"gold":180,"neow_bonus":"THREE_ENEMY_KILL","is_daily":false,"chose_seed":false,"campfire_upgraded":1,"win_rate":0.0,"timestamp":1610978012,"path_taken":["M","M","?","$","M","R","E","?","T","?","?","R","$","M","R","BOSS","M","?","?","$","M","E","R","E"],"items_purchased_type":["Card","Card","Card","Card","Card"],"build_version":"2020-12-22","purchased_purges":0,"victory":false,"max_hp_per_floor":[65,65,65,65,65,65,65,65,65,65,65,65,65,65,65,65,65,65,65,65,65,65,65,65,65,65],"card_choices":[{"not_picked":["Potential","FastForward"],"picked":"Desolation","floor":1},{"not_picked":["DualDimension","Contraction"],"picked":"Rewind","floor":2},{"not_picked":["Replace","Rewind"],"picked":"ShatteredReality","floor":5},{"not_picked":["Foresight","Spin"],"picked":"SpecialFormula","floor":7},{"not_picked":["Contraction","BottledTime"],"picked":"Starlight","floor":8},{"not_picked":["Rewind","Sabotage"],"picked":"Sunlight","floor":14},{"not_picked":["FloweringNight","TheWorld"],"picked":"MurderousAura","floor":16},{"not_picked":["Starlight","SpecialFormula"],"picked":"Moonlight","floor":18},{"not_picked":["WasteNot","DoubleEdge"],"picked":"Ricochet","floor":22},{"not_picked":["FastForward","Unruled"],"picked":"SilverBlades","floor":23}],"player_experience":60744,"relics_obtained":[{"floor":7,"key":"Sundial"},{"floor":9,"key":"Ancient Tea Set"},{"floor":10,"key":"Orichalcum"},{"floor":20,"key":"Red Mask"},{"floor":23,"key":"Blood Vial"}],"event_choices":[{"damage_healed":0,"gold_gain":0,"player_choice":"Cursed","damage_taken":0,"max_hp_gain":0,"max_hp_loss":0,"event_name":"Wheel of Change","floor":3,"gold_loss":0,"cards_obtained":["Decay"]},{"damage_healed":0,"gold_gain":0,"player_choice":"1 cards matched","damage_taken":0,"max_hp_gain":0,"max_hp_loss":0,"event_name":"Match and Keep!","floor":11,"gold_loss":0,"cards_obtained":["KidneyShot"]},{"damage_healed":0,"gold_gain":0,"player_choice":"Fought Bandits","damage_taken":0,"max_hp_gain":0,"max_hp_loss":0,"event_name":"Masked Bandits","floor":20,"gold_loss":0}],"is_beta":false,"boss_relics":[{"not_picked":["SlaversCollar","Astrolabe"],"picked":"Sozu"}],"items_purged_floors":[],"is_endless":false,"potions_floor_spawned":[1,7,14,18,22],"killed_by":"Slavers","ascension_level":1}}