{"host":"0zwwzr7xjr1wfyy3","time":1610994900,"event":{"mods":["BaseMod","Downfall","Hermit","Marisa????????","Minty Spire (QoL Compilation)","StSLib","The Cursed","The Servant 0.9.4","Waifu the Spire"],"gold_per_floor":[117,137,155,169,22,48,67,67,67,44,63,63,78,98,98,199,199,211,230,244,255,265,265,292,307,307,162,179,179,179],"floor_reached":29,"language":"ENG","playtime":2726,"items_purged":[],"score":268,"play_id":"9f391b6b-acb0-4100-aa7a-40dfdd00adf2","local_time":"20210118103500","is_ascension_mode":true,"campfire_choices":[{"data":"SurpressingFire","floor":8,"key":"SMITH"},{"data":"Ricochet","floor":12,"key":"SMITH"},{"data":"Moonlight","floor":15,"key":"SMITH"},{"floor":23,"key":"REST"}],"circlet_count":0,"master_deck":["Strike_S","Strike_S","Strike_S","Strike_S","Defend_S","Defend_S","Defend_S","Defend_S","KidneyShot","Exchange+1","Secret Weapon","Ricochet+1","Misdirection","TimeWarp","Moonlight+1","LightFlow","SurpressingFire+1","Starlight","ShatteredReality","SurpressingFire","Defy","KillingDoll","Rewind+1","Revamp+1","Rearm+1","Embodiment","SilverBlades","SilverBlades","Advance","Starlight","Rearm","Ricochet+1","Alleviate+1","Contraction"],"relics":["SplendidAttire","Strange Spoon","Pantograph","Letter Opener","War Paint","Bottled Lightning","Orrery"],"acts_visited":["Exordium","TheCity"],"potions_floor_usage":[16,16],"damage_taken":[{"damage":0,"enemies":"Cultist","floor":1,"turns":3},{"damage":0,"enemies":"Small Slimes","floor":2,"turns":2},{"damage":0,"enemies":"Jaw Worm","floor":3,"turns":3},{"damage":0,"enemies":"Exordium Thugs","floor":4,"turns":5},{"damage":17,"enemies":"Lagavulin","floor":6,"turns":8},{"damage":7,"enemies":"Blue Slaver","floor":7,"turns":3},{"damage":4,"enemies":"2 Fungi Beasts","floor":11,"turns":2},{"damage":2,"enemies":"3 Louse","floor":13,"turns":3},{"damage":3,"enemies":"Red Slaver","floor":14,"turns":3},{"damage":29,"enemies":"Hexaghost","floor":16,"turns":11},{"damage":17,"enemies":"2 Thieves","floor":18,"turns":4},{"damage":0,"enemies":"3 Byrds","floor":19,"turns":5},{"damage":0,"enemies":"Sentry and Sphere","floor":20,"turns":6},{"damage":15,"enemies":"Shelled Parasite and Fungi","floor":21,"turns":5},{"damage":6,"enemies":"Chosen and Byrds","floor":22,"turns":6},{"damage":17,"enemies":"Gremlin Leader","floor":24,"turns":6},{"damage":10,"enemies":"Cultist and Chosen","floor":25,"turns":4},{"damage":3,"enemies":"Centurion and Healer","floor":28,"turns":2},{"damage":12,"enemies":"Book of Stabbing","floor":29,"turns":1}],"seed_played":"7564038816776154576","potions_obtained":[{"floor":2,"key":"LiquidBronze"},{"floor":4,"key":"Regen Potion"},{"floor":6,"key":"LiquidMemories"},{"floor":21,"key":"PowerPotion"},{"floor":25,"key":"DuplicationPotion"}],"is_trial":false,"path_per_floor":["M","M","M","M","$","E","M","R","T","$","M","R","M","M","R","B",null,"M","M","M","M","M","R","E","M","T","$","M","E"],"character_chosen":"THE_SERVANT","items_purchased":["Strange Spoon","Starlight","Orrery"],"campfire_rested":1,"item_purchase_floors":[5,10,27],"current_hp_per_floor":[59,59,59,59,59,42,35,35,35,35,31,31,29,26,26,37,59,42,42,42,27,21,38,21,11,11,11,8,0,0],"gold":179,"neow_bonus":"RANDOM_COLORLESS_2","is_daily":false,"chose_seed":false,"campfire_upgraded":3,"win_rate":0.0,"timestamp":1610994900,"path_taken":["M","M","M","?","$","E","M","R","T","?","?","R","M","M","R","BOSS","M","M","M","M","M","R","E","M","T","$","M","E"],"items_purchased_type":["Relic","Card","Relic"],"build_version":"2020-12-22","purchased_purges":0,"victory":false,"max_hp_per_floor":[59,59,59,59,59,59,59,59,59,59,59,59,59,59,59,59,59,59,59,59,59,59,59,59,59,59,59,59,59,59],"card_choices":[{"not_picked":["Violence","Master of Strategy"],"picked":"Secret Weapon","floor":0},{"not_picked":["Rewind","TimeWarp"],"picked":"Ricochet","floor":1},{"not_picked":["RealityMarble","MoonPhase"],"picked":"Misdirection","floor":2},{"not_picked":["Unruled","Revamp"],"picked":"TimeWarp","floor":3},{"not_picked":["Hightail","Spin"],"picked":"Moonlight","floor":4},{"not_picked":["Rewind","Spin"],"picked":"LightFlow","floor":6},{"not_picked":["Collapse","Read"],"picked":"SurpressingFire","floor":7},{"not_picked":["DoubleEdge","Rewind"],"picked":"ShatteredReality","floor":11},{"not_picked":["Rewind","ShiftingGears"],"picked":"SurpressingFire","floor":13},{"not_picked":["RealityMarble","SpecialFormula"],"picked":"Defy","floor":14},{"not_picked":["TrueSight","Deny"],"picked":"KillingDoll","floor":16},{"not_picked":["Revamp","Ricochet"],"picked":"Rewind+1","floor":18},{"not_picked":["Defy","Collapse"],"picked":"Revamp","floor":19},{"not_picked":["Deadline","MoonPhase"],"picked":"Rearm+1","floor":20},{"not_picked":["Deadline","Revamp"],"picked":"Embodiment","floor":21},{"not_picked":["DoubleEdge+1","Rewind"],"picked":"SilverBlades","floor":22},{"not_picked":["Ricochet+1","ShiftingGears"],"picked":"SilverBlades","floor":24},{"not_picked":["Sabotage","Rewind+1"],"picked":"Advance","floor":25},{"not_picked":["Revamp","TimeWarp"],"picked":"Starlight","floor":27},{"not_picked":["Rewind","Replace+1"],"picked":"Rearm","floor":27},{"not_picked":["Shuttle","Rewind"],"picked":"Ricochet+1","floor":27},{"not_picked":["Unruled","WasteNot+1"],"picked":"Alleviate+1","floor":27},{"not_picked":["Foresight","Replace"],"picked":"Contraction","floor":27},{"not_picked":["Ricochet","Duplication","Collapse"],"picked":"SKIP","floor":28}],"player_experience":45992,"relics_obtained":[{"floor":6,"key":"Pantograph"},{"floor":9,"key":"Letter Opener"},{"floor":24,"key":"War Paint"},{"floor":26,"key":"Bottled Lightning"}],"event_choices":[],"is_beta":false,"boss_relics":[{"not_picked":["Ectoplasm","SlaversCollar"],"picked":"SplendidAttire"}],"items_purged_floors":[],"is_endless":false,"potions_floor_spawned":[2,4,6,7,13,14,21,25],"killed_by":"Book of Stabbing","ascension_level":1}}