{"host":"5xv4ucgq6smxtrnj","time":1610950067,"event":{"mods":["AchievementEnabler","BaseMod","Better Note","BetterRewards","Colored Map","Colored Powertips","Curses Come First","DeckTracker","Good Game Mod","Highlight Path","Minty Spire (QoL Compilation)","Permanent Neow","Quick Restart","Rare Cards Sparkle","StSLib","The Bug Knight","[IsaacMod]ÒÔÈö¼âËþ"],"gold_per_floor":[114,114,114,26,42,42,55,55,55,55,115,115,15,32,32,32,32],"floor_reached":16,"language":"ZHS","playtime":1312,"items_purged":["HollowMod:NailStrikeStart","HollowMod:NailStrikeStart"],"score":88,"play_id":"2a14ec81-8866-453e-ab4d-9290a9024a21","local_time":"20210118140747","is_ascension_mode":false,"campfire_choices":[{"data":"HollowMod:CycloneSlash","floor":6,"key":"SMITH"},{"data":"HollowMod:SlysStrikes","floor":8,"key":"SMITH"},{"data":"HollowMod:BaldurShell","floor":10,"key":"SMITH"},{"data":"HollowMod:SoulStrike","floor":15,"key":"SMITH"}],"circlet_count":0,"master_deck":["HollowMod:NailStrikeStart","HollowMod:QuickDashStart","HollowMod:QuickDashStart","HollowMod:QuickDashStart","HollowMod:QuickDashStart","HollowMod:FocusHealStart","HollowMod:PogoStrike","HollowMod:SlysStrikes+1","HollowMod:NewLittleFool","HollowMod:BaldurShell+1","HollowMod:CycloneSlash+1","HollowMod:SoulSplash","HollowMod:SoulStrike+1","HollowMod:CornifersMapStart"],"relics":["HollowMod:VesselMask","REME:ComplimentaryCards","HushsDoor","NineVolt","Gambling Chip","Question Card","Shuriken","Meat on the Bone"],"acts_visited":["Exordium"],"potions_floor_usage":[16],"damage_taken":[{"damage":2.0,"enemies":"2 Louse","floor":1.0,"turns":4.0},{"damage":8,"enemies":"Jaw Worm","floor":5,"turns":3},{"damage":2,"enemies":"Small Slimes","floor":7,"turns":4},{"damage":14,"enemies":"Lagavulin Event","floor":11,"turns":4},{"damage":0,"enemies":"2 Fungi Beasts","floor":14,"turns":2},{"damage":41,"enemies":"The Guardian","floor":16,"turns":5}],"seed_played":"4700400213691927952","potions_obtained":[{"floor":1.0,"key":"ColorlessPotion"}],"is_trial":false,"path_per_floor":["M","?","?","$","M","R","M","R","T","R","?","?","$","M","R","B"],"character_chosen":"THE_BUGKNIGHT","items_purchased":["HollowMod:BaldurShell","HollowMod:CycloneSlash"],"campfire_rested":0,"item_purchase_floors":[4,4],"current_hp_per_floor":[75,68,68,68,60,60,58,58,58,58,44,44,44,44,44,9,9],"gold":32,"neow_bonus":"","is_daily":false,"chose_seed":false,"campfire_upgraded":4,"win_rate":0.0,"timestamp":1610950067,"path_taken":["M","?","?","$","?","R","M","R","T","R","?","?","$","M","R","BOSS"],"items_purchased_type":["Card","Card"],"build_version":"2020-12-22","purchased_purges":2,"victory":false,"max_hp_per_floor":[75,75,75,75,75,75,75,75,75,75,75,75,75,75,75,75,75],"card_choices":[{"not_picked":[],"picked":"ChaosCard","floor":0.0},{"not_picked":["HollowMod:RecoilStrike","HollowMod:HornetsHelp"],"picked":"HollowMod:NewLittleFool","floor":1.0},{"not_picked":["HollowMod:DescendingDark","HollowMod:CycloneSlash","HollowMod:SiblingsShadow","HollowMod:PerfectDash"],"picked":"SKIP","floor":5},{"not_picked":["HollowMod:WraithStrike","HollowMod:MonarchWings","HollowMod:MantisMark"],"picked":"HollowMod:SoulSplash","floor":7},{"not_picked":["HollowMod:MothsMistake","HollowMod:NewInfectedGuardian","HollowMod:DreamGate"],"picked":"HollowMod:SoulStrike","floor":11},{"not_picked":["HollowMod:NewLittleFool","HollowMod:QuirrelsAssistance","HollowMod:VengefulVoid"],"picked":"HollowMod:CornifersMapStart","floor":14}],"player_experience":19917,"relics_obtained":[{"floor":9,"key":"Shuriken"},{"floor":11,"key":"Meat on the Bone"}],"event_choices":[{"damage_healed":0.0,"max_hp_gain":0.0,"max_hp_loss":0.0,"gold_gain":0.0,"event_name":"Scrap Ooze","player_choice":"Success","floor":2.0,"gold_loss":0.0,"damage_taken":7.0,"relics_obtained":["Question Card"]},{"damage_healed":0,"gold_gain":0,"player_choice":"Ignored","damage_taken":0,"max_hp_gain":0,"max_hp_loss":0,"event_name":"Shining Light","floor":3,"gold_loss":0},{"damage_healed":0,"gold_gain":0,"player_choice":"Searched \u00271\u0027 times","damage_taken":0,"max_hp_gain":0,"max_hp_loss":0,"event_name":"Dead Adventurer","floor":11,"gold_loss":0}],"is_beta":false,"boss_relics":[],"items_purged_floors":[0,13],"is_endless":false,"potions_floor_spawned":[1],"killed_by":"The Guardian","ascension_level":0}}