{"host":"j8c8hlhqrhjej8u7","time":1610965314,"event":{"mods":["BaseMod","Marisa（F雨　魔理沙）","Minty Spire (QoL Compilation)","StSLib","[功能]功能增强和修复MOD"],"gold_per_floor":[134,104,104,163,163,208,260,321,333,345,352,408,408,449,449,600,600,641,654,644,644,634,634,629,629,629,649,677,672,683,711,711,811,811,825,839,839,852,847,875,875,910,910,963,986,997,1012,1047,1047,1047],"floor_reached":51,"language":"ZHS","playtime":1937,"items_purged":["Strike_MRS","Defend_MRS","Strike_MRS","Defend_MRS","Strike_MRS","Defend_MRS","MasterSpark","Robbery","Strike_MRS","Singularity","HandOfGreedExtend","Defend_MRS","PowerUp","SporeBomb"],"score":1421,"play_id":"575c1d16-d224-4ce3-a6e3-838deb778deb","local_time":"20210118182154","is_ascension_mode":true,"campfire_choices":[{"data":"UnstableBomb","floor":10,"key":"SMITH"},{"data":"BlazeAway","floor":15,"key":"SMITH"},{"data":"UpSweep","floor":23,"key":"SMITH"},{"data":"1","floor":32,"key":"LIFT"},{"data":"2","floor":41,"key":"LIFT"},{"data":"3","floor":49,"key":"LIFT"}],"circlet_count":0,"master_deck":["UpSweep+1","UnstableBomb+1","Parasite","Parasite","BlazeAway+1","Singularity+1","UpSweep+1","DarkMatter+1","Flex"],"relics":["MiniHakkero","Centennial Puzzle","InkBottle","Chemical X","MealTicket","MawBank","Gambling Chip","Toy Ornithopter","Potion Belt","Medical Kit","ShroomBag","Letter Opener","Oddly Smooth Stone","HandDrill","Busted Crown","TungstenRod","Frozen Egg 2","Toolbox","BreadOfAWashokuLover","Gremlin Horn","Du-Vu Doll","ClockworkSouvenir","Question Card","AmplifyWand","DollysMirror","Mango","Pear","Bronze Scales","Girya","Sling","Dream Catcher","ExperimentalFamiliar","Art of War","Lantern","SimpleLauncher","Anchor","Pocketwatch","PrismaticShard","FossilizedHelix","Singing Bowl","StoneCalendar","Torii","Pen Nib","CeramicFish"],"acts_visited":["Exordium","TheCity","TheBeyond"],"potions_floor_usage":[8,12,12,12,12,16,16,50],"damage_taken":[{"damage":0,"enemies":"Small Slimes","floor":1,"turns":3},{"damage":0,"enemies":"Gremlin Nob","floor":6,"turns":2},{"damage":0,"enemies":"Jaw Worm","floor":7,"turns":1},{"damage":0,"enemies":"Lagavulin","floor":8,"turns":2},{"damage":0,"enemies":"Gremlin Nob","floor":12,"turns":2},{"damage":0,"enemies":"Cultist","floor":14,"turns":2},{"damage":0,"enemies":"Slime Boss","floor":16,"turns":3},{"damage":5,"enemies":"3 Byrds","floor":18,"turns":2},{"damage":0,"enemies":"Chosen","floor":19,"turns":1},{"damage":0,"enemies":"Snake Plant","floor":27,"turns":1},{"damage":0,"enemies":"Slavers","floor":28,"turns":1},{"damage":0,"enemies":"Shelled Parasite and Fungi","floor":30,"turns":1},{"damage":0,"enemies":"Book of Stabbing","floor":31,"turns":1},{"damage":0,"enemies":"Automaton","floor":33,"turns":2},{"damage":1,"enemies":"3 Shapes","floor":35,"turns":1},{"damage":0,"enemies":"Orb Walker","floor":36,"turns":1},{"damage":0,"enemies":"Maw","floor":38,"turns":1},{"damage":0,"enemies":"Nemesis","floor":40,"turns":1},{"damage":0,"enemies":"Reptomancer","floor":42,"turns":1},{"damage":0,"enemies":"2 Orb Walkers","floor":44,"turns":1},{"damage":0,"enemies":"4 Shapes","floor":46,"turns":1},{"damage":0,"enemies":"Writhing Mass","floor":47,"turns":1},{"damage":0,"enemies":"Nemesis","floor":48,"turns":1},{"damage":0,"enemies":"Awakened One","floor":50,"turns":2}],"seed_played":"4771059130060800034","potions_obtained":[{"floor":1,"key":"LiquidMemories"},{"floor":6,"key":"Ancient Potion"},{"floor":6,"key":"EntropicBrew"},{"floor":8,"key":"Strength Potion"},{"floor":14,"key":"Regen Potion"},{"floor":14,"key":"Strength Potion"},{"floor":18,"key":"Energy Potion"},{"floor":19,"key":"StarNLove"},{"floor":44,"key":"SteroidPotion"}],"is_trial":false,"path_per_floor":["M","$","?","?","?","E","M","E","T","R","$","E","$","M","R","B",null,"M","M","$","?","$","R","$","?","T","M","E","$","M","E","R","B",null,"M","M","$","M","$","E","R","E","T","?","T","M","M","E","R","B",null],"character_chosen":"MARISA","items_purchased":["Centennial Puzzle","InkBottle","Chemical X","SporeBomb","MaximisePower","Robbery","Toy Ornithopter","Potion Belt","Medical Kit","Letter Opener","Oddly Smooth Stone","HandDrill","TungstenRod","Frozen Egg 2","Toolbox","Gremlin Horn","Du-Vu Doll","ClockworkSouvenir","Singularity+1","Question Card","AmplifyWand","DollysMirror","Bronze Scales","Girya","Sling","Art of War","Lantern","SimpleLauncher","Anchor","Pocketwatch","PrismaticShard"],"campfire_rested":0,"item_purchase_floors":[2,2,2,2,2,2,11,11,11,13,13,13,20,20,20,22,22,22,22,24,24,24,29,29,29,37,37,37,39,39,39],"current_hp_per_floor":[75,75,75,75,72,72,72,72,72,72,75,75,75,75,75,75,75,72,75,75,75,75,75,75,75,89,89,99,99,99,99,99,99,99,98,99,99,112,112,112,112,114,114,116,116,118,120,122,122,122],"gold":1047,"neow_bonus":"RANDOM_COLORLESS","is_daily":false,"chose_seed":false,"campfire_upgraded":3,"win_rate":0.0,"timestamp":1610965314,"path_taken":["M","$","?","?","?","E","M","E","T","R","$","E","$","M","R","BOSS","M","M","$","?","$","R","$","?","T","M","E","?","M","E","R","BOSS","M","M","$","?","$","E","R","E","T","?","?","?","M","E","R","BOSS"],"items_purchased_type":["Relic","Relic","Relic","Card","Card","Card","Relic","Relic","Relic","Relic","Relic","Relic","Relic","Relic","Relic","Relic","Relic","Relic","Card","Relic","Relic","Relic","Relic","Relic","Relic","Relic","Relic","Relic","Relic","Relic","Relic"],"build_version":"2020-12-22","purchased_purges":14,"victory":true,"max_hp_per_floor":[75,75,75,75,75,75,75,75,75,75,75,75,75,75,75,75,75,75,75,75,75,75,75,75,75,89,89,99,99,99,99,99,99,99,99,99,99,112,112,112,112,114,114,116,116,118,120,122,122,122],"card_choices":[{"not_picked":["Enlightenment","Bandage Up"],"picked":"HandOfGreedExtend","floor":0},{"not_picked":["Orbital","GrandCross","AsteroidBelt"],"picked":"SKIP","floor":1},{"not_picked":["EnergyFlow","WitchOfGreed","LuminesStrike"],"picked":"SKIP","floor":6},{"not_picked":["SuperPerseids","NonDirectionalLaser"],"picked":"UnstableBomb","floor":7},{"not_picked":["GravityBeat","FinalSpark","WitchLeyline"],"picked":"SKIP","floor":8},{"not_picked":["DoubleSpark","PowerUp","ShootingEcho"],"picked":"SKIP","floor":12},{"not_picked":["DoubleSpark","ChargingUp"],"picked":"BlazeAway","floor":14},{"not_picked":[],"picked":"Singularity","floor":18},{"not_picked":["DarkMatter"],"picked":"SKIP","floor":19},{"not_picked":["GalacticHalo","PropBag"],"picked":"SKIP","floor":27},{"not_picked":["ShootTheMoon"],"picked":"PowerUp","floor":28},{"not_picked":["MysteriousBeam","SporeBomb"],"picked":"SKIP","floor":30},{"not_picked":["DoubleSpark","GrandCross"],"picked":"SKIP","floor":31},{"not_picked":["NonDirectionalLaser+1","MysteriousBeam"],"picked":"SKIP","floor":35},{"not_picked":["DoubleSpark+1","IllusionStar+1"],"picked":"SKIP","floor":36},{"not_picked":["EnergyFlow+1"],"picked":"DarkMatter+1","floor":38},{"not_picked":["Flying Knee+1"],"picked":"Flex","floor":40},{"not_picked":["Fasting2+1","CrushJoints+1"],"picked":"Singing Bowl","floor":42},{"not_picked":["RefractionSpark+1","MilkyWay"],"picked":"Singing Bowl","floor":44},{"not_picked":["Barrage","Cleave"],"picked":"Singing Bowl","floor":46},{"not_picked":["AsteroidBelt","Ball Lightning"],"picked":"Singing Bowl","floor":47},{"not_picked":["Go for the Eyes+1","CarveReality+1"],"picked":"Singing Bowl","floor":48}],"player_experience":76934,"relics_obtained":[{"floor":6,"key":"MawBank"},{"floor":8,"key":"Gambling Chip"},{"floor":12,"key":"ShroomBag"},{"floor":26,"key":"Mango"},{"floor":28,"key":"Pear"},{"floor":31,"key":"Dream Catcher"},{"floor":40,"key":"FossilizedHelix"},{"floor":42,"key":"Singing Bowl"},{"floor":43,"key":"StoneCalendar"},{"floor":44,"key":"Torii"},{"floor":45,"key":"Pen Nib"},{"floor":48,"key":"CeramicFish"}],"event_choices":[{"damage_healed":0,"gold_gain":0,"player_choice":"Grow","damage_taken":0,"max_hp_gain":0,"max_hp_loss":0,"event_name":"Living Wall","floor":3,"gold_loss":0,"cards_upgraded":["MaximisePower"]},{"damage_healed":0,"gold_gain":59,"player_choice":"Gained Gold","damage_taken":0,"max_hp_gain":0,"max_hp_loss":0,"event_name":"Golden Wing","floor":4,"gold_loss":0},{"damage_healed":0,"gold_gain":0,"player_choice":"Success","damage_taken":3,"relics_obtained":["MealTicket"],"max_hp_gain":0,"max_hp_loss":0,"event_name":"Scrap Ooze","floor":5,"gold_loss":0},{"damage_healed":0,"gold_gain":0,"player_choice":"Opened","damage_taken":0,"relics_obtained":["BreadOfAWashokuLover"],"max_hp_gain":0,"max_hp_loss":0,"event_name":"The Mausoleum","floor":21,"gold_loss":0},{"cards_removed":["MaximisePower"],"damage_healed":0,"gold_gain":0,"player_choice":"Elegance","damage_taken":0,"max_hp_gain":0,"max_hp_loss":0,"event_name":"Back to Basics","floor":25,"gold_loss":0},{"damage_healed":0,"gold_gain":0,"player_choice":"Fight","damage_taken":0,"max_hp_gain":0,"max_hp_loss":0,"event_name":"Mysterious Sphere","floor":44,"gold_loss":0}],"is_beta":false,"boss_relics":[{"not_picked":["Snecko Eye","Pandora\u0027s Box"],"picked":"Busted Crown"},{"not_picked":["BewitchedHakkero","SlaversCollar"],"picked":"ExperimentalFamiliar"}],"items_purged_floors":[2,2,2,2,2,2,11,20,20,22,22,24,29,39],"is_endless":false,"potions_floor_spawned":[1,6,6,7,7,8,14,14,14,18,19,27,28,30,31,31,33,33,35,36,38,40,42,42,44,46,48],"ascension_level":1}}