{"host":"v80ofxwcajbovgdl","time":1610984570,"event":{"mods":["BaseMod","BetterRewards","Colored Powertips","Highlight Path","Minty Spire (QoL Compilation)","Rare Cards Sparkle"],"gold_per_floor":[118,130,140,140,215,215,240,240,240,260,29,29,41,56,56,152,152,171,171,270,280,46,46,46],"floor_reached":23,"language":"ZHS","playtime":2001,"items_purged":[],"score":201,"play_id":"f74ae57b-6460-4495-86d1-45f260b4bd04","local_time":"20210118234250","is_ascension_mode":true,"campfire_choices":[{"data":"Glass Knife","floor":6,"key":"SMITH"},{"data":"Crippling Poison","floor":12,"key":"SMITH"},{"data":"Envenom","floor":15,"key":"SMITH"}],"circlet_count":0,"master_deck":["Strike_G","Strike_G","Strike_G","Strike_G","Strike_G","Defend_G","Defend_G","Defend_G","Defend_G","Defend_G","Survivor","Neutralize","Glass Knife+1","Choke","Dagger Spray","Sucker Punch","Bane","Distraction","Envenom+1","Crippling Poison+1","Blind","Leg Sweep","Bullet Time","Catalyst","Backflip+1","Enlightenment"],"relics":["Ring of the Snake","Centennial Puzzle","Bag of Preparation","PreservedInsect","Black Star","MealTicket"],"acts_visited":["Exordium","TheCity"],"potions_floor_usage":[7,16],"damage_taken":[{"damage":0,"enemies":"Cultist","floor":1,"turns":3},{"damage":0,"enemies":"Jaw Worm","floor":2,"turns":3},{"damage":0,"enemies":"2 Louse","floor":3,"turns":2},{"damage":7,"enemies":"Gremlin Nob","floor":7,"turns":3},{"damage":6,"enemies":"Exordium Wildlife","floor":10,"turns":4},{"damage":0,"enemies":"Blue Slaver","floor":13,"turns":2},{"damage":4,"enemies":"3 Louse","floor":14,"turns":2},{"damage":28,"enemies":"Hexaghost","floor":16,"turns":9},{"damage":5,"enemies":"3 Byrds","floor":18,"turns":4},{"damage":17,"enemies":"2 Thieves","floor":21,"turns":3},{"damage":50,"enemies":"Gremlin Leader","floor":23,"turns":7}],"seed_played":"-3699793699919613563","potions_obtained":[{"floor":1,"key":"FearPotion"},{"floor":7,"key":"Weak Potion"}],"is_trial":false,"path_per_floor":["M","M","M","T","?","R","E","?","T","M","$","R","M","M","R","B",null,"M","?","?","M","$","E"],"character_chosen":"THE_SILENT","items_purchased":["Envenom","Crippling Poison","Blind","Enlightenment","MealTicket"],"campfire_rested":0,"item_purchase_floors":[11,11,11,22,22],"current_hp_per_floor":[70,70,70,70,59,59,52,52,52,46,46,46,46,42,42,14,70,65,65,65,48,48,0,0],"gold":46,"neow_bonus":"ONE_RANDOM_RARE_CARD","is_daily":false,"chose_seed":false,"campfire_upgraded":3,"win_rate":0.0,"timestamp":1610984570,"path_taken":["M","?","M","?","?","R","E","?","T","M","$","R","M","M","R","BOSS","M","?","?","M","$","E"],"items_purchased_type":["Card","Card","Card","Card","Relic"],"build_version":"2020-12-22","purchased_purges":0,"victory":false,"max_hp_per_floor":[70,70,70,70,70,70,70,70,70,70,70,70,70,70,70,70,70,70,70,70,70,70,70,70],"card_choices":[{"not_picked":["Dagger Throw","Cloak And Dagger"],"picked":"Choke","floor":1},{"not_picked":["Outmaneuver","Blur"],"picked":"Dagger Spray","floor":2},{"not_picked":["Cloak And Dagger","Acrobatics"],"picked":"Sucker Punch","floor":3},{"not_picked":["Predator","Quick Slash"],"picked":"Bane","floor":7},{"not_picked":["Cloak And Dagger","Dagger Spray"],"picked":"Distraction","floor":10},{"not_picked":["Flechettes","Dodge and Roll","Choke"],"picked":"SKIP","floor":13},{"not_picked":["Deflect","Sucker Punch"],"picked":"Leg Sweep","floor":14},{"not_picked":["Malaise","Glass Knife"],"picked":"Bullet Time","floor":16},{"not_picked":["Endless Agony+1","Finisher"],"picked":"Catalyst","floor":18},{"not_picked":["Skewer","Acrobatics+1"],"picked":"Backflip+1","floor":21}],"player_experience":103335,"relics_obtained":[{"floor":4,"key":"Centennial Puzzle"},{"floor":7,"key":"Bag of Preparation"},{"floor":9,"key":"PreservedInsect"}],"event_choices":[{"damage_healed":0,"gold_gain":75,"player_choice":"Gather Gold","damage_taken":11,"max_hp_gain":0,"max_hp_loss":0,"event_name":"World of Goop","floor":5,"gold_loss":0},{"damage_healed":0,"gold_gain":0,"player_choice":"Ignored","damage_taken":0,"max_hp_gain":0,"max_hp_loss":0,"event_name":"Shining Light","floor":8,"gold_loss":0},{"damage_healed":0,"gold_gain":0,"player_choice":"Ignored","damage_taken":0,"max_hp_gain":0,"max_hp_loss":0,"event_name":"Vampires","floor":19,"gold_loss":0},{"damage_healed":0,"gold_gain":99,"player_choice":"Stole From Cult","damage_taken":0,"max_hp_gain":0,"max_hp_loss":0,"event_name":"Nest","floor":20,"gold_loss":0}],"is_beta":false,"boss_relics":[{"not_picked":["WristBlade","Coffee Dripper"],"picked":"Black Star"}],"items_purged_floors":[],"is_endless":false,"potions_floor_spawned":[1,7],"killed_by":"Gremlin Leader","ascension_level":1}}