{"host":"9kesdg97wkrx2bva","time":1610955468,"event":{"mods":["AchievementEnabler","BaseMod","Colored Map","GifTheSpireLib","Infinite Spire","Minty Spire (QoL Compilation)","Replay The Spire","StSLib"],"gold_per_floor":[119,119,169,184,109,109,139,64,87,116,116,116,116,133,218,290,390,409,427,441,441,441,441,441],"floor_reached":23,"language":"ENG","playtime":572,"items_purged":["Strike_B","Strike_B"],"score":364,"play_id":"a865fc27-0384-4ede-af47-e38b36c5828e","local_time":"20210118013748","is_ascension_mode":true,"campfire_choices":[{"data":"Zap","floor":6,"key":"SMITH"},{"floor":11,"key":"REST"},{"floor":13,"key":"REST"}],"circlet_count":0,"master_deck":["AscendersBane","Strike_B+1","Strike_B","Defend_B","Defend_B+1","Defend_B","Zap+1","Dualcast","Leap","Ball Lightning","Beam Cell","Cold Snap","Blizzard","Biased Cognition","Leap","Heatsinks+1"],"relics":["Cracked Core","Calipers","Replay:Rubber Ducky","Potion Belt","Mirror","Replay:Wanted Poster"],"acts_visited":["Exordium","TheCity"],"potions_floor_usage":[7,16,16,20],"damage_taken":[{"damage":15,"enemies":"Small Slimes","floor":1,"turns":4},{"damage":0,"enemies":"2 Louse","floor":4,"turns":3},{"damage":20,"enemies":"3 Sentries","floor":7,"turns":5},{"damage":7,"enemies":"Gremlin Nob","floor":10,"turns":4},{"damage":0,"enemies":"Cultist","floor":14,"turns":3},{"damage":38,"enemies":"The Guardian","floor":16,"turns":11},{"damage":22,"enemies":"Shell Parasite","floor":18,"turns":4},{"damage":14,"enemies":"3 Byrds","floor":19,"turns":6},{"damage":3,"enemies":"Snake Plant","floor":20,"turns":5},{"damage":17,"enemies":"Book of Stabbing","floor":23,"turns":4}],"seed_played":"-4806006430420824994","potions_obtained":[{"floor":1,"key":"Languid Potion"},{"floor":4,"key":"Flashbang"},{"floor":7,"key":"LiquidBronze"},{"floor":19,"key":"PotionOfCapacity"},{"floor":20,"key":"Energy Potion"}],"is_trial":false,"path_per_floor":["M","?","?","M","?","R","E","$","T","E","R","?","R","M","R_BF","B",null,"M","M","M","?","AVR","E"],"character_chosen":"DEFECT","items_purchased":[],"campfire_rested":2,"item_purchase_floors":[],"current_hp_per_floor":[49,28,28,28,28,28,8,8,8,1,22,22,43,43,43,5,55,33,19,16,16,16,0,0],"gold":441,"neow_bonus":"THREE_CARDS","is_daily":false,"chose_seed":false,"campfire_upgraded":1,"win_rate":0.0,"timestamp":1610955468,"path_taken":["M","?","?","?","?","R","E","$","T","E","R","?","R","M","R_BF","BOSS","M","?","M","?","AVR","E"],"items_purchased_type":[],"build_version":"2020-12-22","purchased_purges":2,"victory":false,"max_hp_per_floor":[71,71,71,71,71,71,71,71,71,71,71,71,71,71,71,71,71,71,71,71,71,71,71,71],"card_choices":[{"not_picked":["Double Energy","Panic Button"],"picked":"Leap","floor":0},{"not_picked":["Self Repair","Darkness"],"picked":"Ball Lightning","floor":1},{"not_picked":["Sweeping Beam","Rebound"],"picked":"Beam Cell","floor":4},{"not_picked":["Leap","Beam Cell"],"picked":"Cold Snap","floor":7},{"not_picked":["Time Bomb","Steam"],"picked":"Blizzard","floor":10},{"not_picked":["ReplayTheSpireMod:GoodbyeWorld","ReplaySolidLightProjector","Reprogram"],"picked":"SKIP","floor":14},{"not_picked":["Thunder Strike","Seek"],"picked":"Biased Cognition","floor":16},{"not_picked":["Redo","Blizzard","Compile Driver"],"picked":"SKIP","floor":18},{"not_picked":["ReplayTheSpireMod:Repulse","Fusion+1"],"picked":"Leap","floor":19},{"not_picked":["Steam","BasicCrystalCard"],"picked":"Heatsinks+1","floor":20}],"player_experience":939321,"relics_obtained":[{"floor":7,"key":"Calipers"},{"floor":9,"key":"Replay:Rubber Ducky"},{"floor":10,"key":"Potion Belt"},{"floor":12,"key":"Mirror"}],"event_choices":[{"damage_healed":0,"gold_gain":0,"player_choice":"Entered Light","damage_taken":21,"max_hp_gain":0,"max_hp_loss":0,"event_name":"Shining Light","floor":2,"gold_loss":0,"cards_upgraded":["Defend_B","Strike_B"]},{"damage_healed":0,"gold_gain":50,"player_choice":"Pray","damage_taken":0,"max_hp_gain":0,"max_hp_loss":0,"event_name":"Golden Shrine","floor":3,"gold_loss":0},{"cards_removed":["Defend_B"],"damage_healed":0,"gold_gain":0,"player_choice":"Card Removal","damage_taken":0,"max_hp_gain":0,"max_hp_loss":0,"event_name":"The Cleric","floor":5,"gold_loss":75},{"damage_healed":0,"gold_gain":0,"player_choice":"Relic","damage_taken":0,"max_hp_gain":0,"max_hp_loss":0,"event_name":"Wheel of Change","floor":12,"gold_loss":0},{"damage_healed":0,"gold_gain":0,"player_choice":"Ignored","damage_taken":0,"max_hp_gain":0,"max_hp_loss":0,"event_name":"Cursed Tome","floor":21,"gold_loss":0}],"is_beta":false,"boss_relics":[{"not_picked":["Calling Bell","Coffee Dripper"],"picked":"Replay:Wanted Poster"}],"items_purged_floors":[8,22],"is_endless":false,"potions_floor_spawned":[1,4,7,19,20],"killed_by":"Book of Stabbing","ascension_level":17}}