{"host":"v417sqk9t447evpw","time":1610971030,"event":{"mods":["2.2 Compatiblity","AchievementEnabler","BaseMod","DeckTracker","Highlight Path","Keyboard Shortcuts","Minty Spire (QoL Compilation)","Permanent Neow","Quick Restart","Replay The Spire","StSLib","SuperFastMode"],"gold_per_floor":[116,116,116,135,82,82,110,130,155,170,170,170,170,170,85,105,105,179,179,193,94,111,129,50,85,105,105,105,105,105],"floor_reached":29,"language":"KOR","playtime":735,"items_purged":["Strike_G"],"score":636,"play_id":"69403d71-07dc-480d-a565-61dddb035ee2","local_time":"20210118205710","is_ascension_mode":true,"campfire_choices":[{"data":"Blade Dance","floor":6.0,"key":"SMITH"},{"data":"Footwork","floor":11.0,"key":"SMITH"},{"data":"Finisher","floor":14.0,"key":"SMITH"},{"data":"Blade Dance","floor":17.0,"key":"SMITH"},{"floor":27,"key":"REST"}],"circlet_count":0,"master_deck":["AscendersBane","Strike_G+1","Strike_G+1","Strike_G","Defend_G","Defend_G","Defend_G","Defend_G","Defend_G","Survivor","Neutralize","Poisoned Stab","Blade Dance+1","Prepared","Footwork+1","Finisher+1","Riddle With Holes","Blade Dance+1","Adrenaline","Backflip","Choke","Accuracy","Hidden Blade+1","Tactician+1"],"relics":["Ring of the Snake","NeowsBlessing","Replay:Baseball","Snecko Scales","Whetstone","Blue Candle"],"acts_visited":["Exordium","TheCity"],"potions_floor_usage":[26],"damage_taken":[{"damage":0.0,"enemies":"Jaw Worm","floor":1.0,"turns":1.0},{"damage":0.0,"enemies":"2 Louse","floor":4.0,"turns":1.0},{"damage":0.0,"enemies":"Replay:BlueRogue","floor":7.0,"turns":1.0},{"damage":0.0,"enemies":"Cultist","floor":8.0,"turns":3.0},{"damage":7.0,"enemies":"Exordium Wildlife","floor":10.0,"turns":5.0},{"damage":4.0,"enemies":"2 Fungi Beasts","floor":16.0,"turns":2.0},{"damage":0.0,"enemies":"Slime Boss","floor":18.0,"turns":2.0},{"damage":0.0,"enemies":"3 Byrds","floor":20.0,"turns":3.0},{"damage":15.0,"enemies":"Shell Parasite","floor":22.0,"turns":2.0},{"damage":16,"enemies":"Cultist and Chosen","floor":23,"turns":4},{"damage":27,"enemies":"Book of Stabbing","floor":25,"turns":4},{"damage":0,"enemies":"3 Cultists","floor":26,"turns":3},{"damage":25,"enemies":"Slavers","floor":29,"turns":2}],"seed_played":"-8208086355776191182","potions_obtained":[{"floor":4.0,"key":"Regen Potion"},{"floor":7.0,"key":"CunningPotion"},{"floor":8.0,"key":"Strength Potion"},{"floor":18.0,"key":"Toxic Potion"},{"floor":23,"key":"LiquidMemories"}],"is_trial":false,"path_per_floor":["M","?","?","M","$","R","E","M","T","M","R","PTL","PTL","R","$","M","R","B",null,"M","$","M","M","$","E","M","R","T","E"],"character_chosen":"THE_SILENT","items_purchased":["Prepared","Riddle With Holes","Backflip","Accuracy"],"campfire_rested":1,"item_purchase_floors":[5,15,21,24],"current_hp_per_floor":[59,59,59,59,59,59,59,59,59,52,52,52,52,52,52,48,48,48,62,62,62,47,31,31,4,4,23,23,0,0],"gold":105,"neow_bonus":"THREE_ENEMY_KILL","is_daily":false,"chose_seed":false,"campfire_upgraded":4,"win_rate":0.0,"timestamp":1610971030,"path_taken":["M","?","?","M","$","R","E","M","T","?","R","PTL","PTL","R","$","M","R","BOSS","M","$","M","M","$","E","M","R","T","E"],"items_purchased_type":["Card","Card","Card","Card"],"build_version":"2020-12-22","purchased_purges":1,"victory":false,"max_hp_per_floor":[66,66,66,66,66,66,66,66,66,66,66,66,66,66,66,66,66,66,66,66,66,66,66,66,66,66,66,66,66,66],"card_choices":[{"not_picked":["Slice","Infinite Blades"],"picked":"Poisoned Stab","floor":1.0},{"not_picked":["Riddle With Holes","Underhanded Strike"],"picked":"Blade Dance","floor":4.0},{"not_picked":["Dodge and Roll","Catalyst"],"picked":"Footwork","floor":7.0},{"not_picked":["Flying Knee","Sucker Punch","Deflect"],"picked":"SKIP","floor":8.0},{"not_picked":["Cloak And Dagger","Bane"],"picked":"Finisher","floor":10.0},{"not_picked":["Deadly Poison","Prepared"],"picked":"Blade Dance","floor":16.0},{"not_picked":["Wraith Form v2","Doppelganger"],"picked":"Adrenaline","floor":18.0},{"not_picked":["Dagger Throw","Masterful Stab","Sucker Punch+1"],"picked":"SKIP","floor":20.0},{"not_picked":["Distraction","Dodge and Roll","Dash"],"picked":"SKIP","floor":22.0},{"not_picked":["Dagger Throw","Setup"],"picked":"Choke","floor":23},{"not_picked":["Deflect","Blur"],"picked":"Hidden Blade+1","floor":25},{"not_picked":["Dagger Throw","Backflip"],"picked":"Tactician+1","floor":26}],"player_experience":923875,"relics_obtained":[{"floor":7.0,"key":"Replay:Baseball"},{"floor":25,"key":"Whetstone"},{"floor":28,"key":"Blue Candle"}],"event_choices":[{"damage_healed":0.0,"max_hp_gain":0.0,"max_hp_loss":0.0,"gold_gain":0.0,"event_name":"The Cleric","player_choice":"Leave","floor":2.0,"gold_loss":0.0,"damage_taken":0.0},{"cards_removed":["Strike_G"],"damage_healed":0.0,"max_hp_gain":0.0,"max_hp_loss":0.0,"gold_gain":0.0,"event_name":"Purifier","player_choice":"Purged","floor":3.0,"gold_loss":0.0,"damage_taken":0.0}],"is_beta":false,"boss_relics":[{"not_picked":["ReplayTheSpireMod:DimensionalGlitch","Ectoplasm"],"picked":"Snecko Scales"}],"items_purged_floors":[21],"is_endless":false,"potions_floor_spawned":[4,7,8,16,18,23],"killed_by":"Slavers","ascension_level":20}}