{"host":"9tdk3zzhmpo6o3dg","time":1610957204,"event":{"mods":["AchievementEnabler","BaseMod","Downfall","Hermit","Koishi","Marisa（F雨　魔理沙）","Minty Spire (QoL Compilation)","SOS（斯巴达之子）","Shop Mod","StSLib","The Alterego","The Animator","The Cursed","The Hierophant","The Marked","The Servant 0.9.4","WarShipGirlsR/战舰少女R mod","Yuri Mod"],"gold_per_floor":[109,184,8,8,22,22,22,51,51,226,241,241,11,27,27,127,127,147,147,158,174,185,185,185],"floor_reached":23,"language":"ZHS","playtime":1296,"items_purged":[],"score":216,"play_id":"a6bb1223-0a13-4ddc-b55b-e82abbd264d3","local_time":"20210118160644","is_ascension_mode":false,"campfire_choices":[{"data":"rmod:diamondstrike","floor":6,"key":"SMITH"},{"data":"rmod:intelligenceanalysis","floor":15,"key":"SMITH"}],"circlet_count":0,"master_deck":["rmod:strick","rmod:strick","rmod:strick","rmod:defend+1","rmod:defend","rmod:defend","rmod:defend","rmod:basicallowance+1","rmod:maingunfire","rmod:victimresponsibility","rmod:fuelsupply","rmod:diamondstrike+1","rmod:circuitoustactics","Doubt","rmod:firesupport","rmod:guardianhero","rmod:fletcherpendant","rmod:chargemoney","rmod:intelligenceanalysis+1","rmod:secretscript","rmod:fletcherpendant","downfall:Bewildered","rmod:advancebysurprise+1","rmod:diaomin+1","rmod:firesupport"],"relics":["NeowsBlessing","War Paint","GremlinMask","Lantern","Eternal Feather","MerchantsRug","rmod:mogul","sneckomod:BabySnecko"],"acts_visited":["Exordium","TheCity"],"potions_floor_usage":[18,22,22,22],"damage_taken":[{"damage":0,"enemies":"2 Louse","floor":1,"turns":1},{"damage":0,"enemies":"Jaw Worm","floor":5,"turns":1},{"damage":0,"enemies":"Lagavulin","floor":8,"turns":1},{"damage":0,"enemies":"Cultist","floor":11,"turns":2},{"damage":12,"enemies":"Exordium Wildlife","floor":14,"turns":4},{"damage":19,"enemies":"Slime Boss","floor":16,"turns":9},{"damage":0,"enemies":"Spheric Guardian","floor":18,"turns":4},{"damage":16,"enemies":"3 Byrds","floor":20,"turns":6},{"damage":6,"enemies":"Snecko","floor":21,"turns":5},{"damage":15,"enemies":"Shelled Parasite and Fungi","floor":22,"turns":5},{"damage":42,"enemies":"Gremlin Leader","floor":23,"turns":5}],"seed_played":"-701069259052441601","potions_obtained":[{"floor":1,"key":"Slimebound:ThreeZeroPotion"},{"floor":8,"key":"FearPotion"},{"floor":14,"key":"EssenceOfSteel"},{"floor":18,"key":"EssenceOfSteel"}],"is_trial":false,"path_per_floor":["M","?","$","?","M","R","$","E","T","?","M","?","$","M","R","B",null,"M","?","M","M","M","E"],"character_chosen":"PRAEFECT","items_purchased":["rmod:fuelsupply","War Paint","rmod:fletcherpendant","rmod:chargemoney","MerchantsRug"],"campfire_rested":0,"item_purchase_floors":[3,3,13,13,13],"current_hp_per_floor":[75,64,64,64,64,64,64,64,64,64,64,64,64,52,61,42,75,75,75,59,53,38,0,0],"gold":185,"neow_bonus":"THREE_ENEMY_KILL","is_daily":false,"chose_seed":false,"campfire_upgraded":2,"win_rate":0.0,"timestamp":1610957204,"path_taken":["M","?","$","?","?","R","$","E","T","?","M","?","$","M","R","BOSS","M","?","M","M","M","E"],"items_purchased_type":["Card","Relic","Card","Card","Relic"],"build_version":"2020-12-22","purchased_purges":0,"victory":false,"max_hp_per_floor":[75,75,75,75,75,75,75,75,75,75,75,75,75,75,75,75,75,75,75,75,75,75,75,75],"card_choices":[{"not_picked":["rmod:lonelyqueen","rmod:aviationdawn"],"picked":"rmod:victimresponsibility","floor":1},{"not_picked":["rmod:gendarmerie","rmod:ammunitionsupply"],"picked":"rmod:diamondstrike","floor":5},{"not_picked":["rmod:goodsister","rmod:aluminumsupply"],"picked":"rmod:circuitoustactics","floor":8},{"not_picked":["rmod:bulid","rmod:diamondstrike"],"picked":"rmod:firesupport","floor":11},{"not_picked":["rmod:ammunitionsupply","rmod:tearstotiara"],"picked":"rmod:intelligenceanalysis","floor":14},{"not_picked":["rmod:desperatesituation","rmod:fletcher"],"picked":"rmod:secretscript","floor":16},{"not_picked":["rmod:goodfighter+1","rmod:aggressivemary"],"picked":"rmod:fletcherpendant","floor":18},{"not_picked":["rmod:gendarmerie","rmod:punchline"],"picked":"rmod:advancebysurprise+1","floor":20},{"not_picked":["rmod:luckystar","rmod:fuelsupply"],"picked":"rmod:diaomin+1","floor":21},{"not_picked":["rmod:ammunitionsupply+1","rmod:steelsupply+1"],"picked":"rmod:firesupport","floor":22}],"player_experience":180946,"relics_obtained":[{"floor":8,"key":"Lantern"},{"floor":9,"key":"Eternal Feather"}],"event_choices":[{"damage_healed":0,"gold_gain":75,"player_choice":"Gather Gold","damage_taken":11,"max_hp_gain":0,"max_hp_loss":0,"event_name":"World of Goop","floor":2,"gold_loss":0},{"damage_healed":0,"gold_gain":0,"player_choice":"Trade","damage_taken":0,"relics_obtained":["GremlinMask"],"max_hp_gain":0,"max_hp_loss":0,"event_name":"FaceTrader","floor":4,"gold_loss":0},{"damage_healed":0,"gold_gain":175,"player_choice":"AGREE","damage_taken":0,"max_hp_gain":0,"max_hp_loss":0,"event_name":"Liars Game","floor":10,"gold_loss":0,"cards_obtained":["Doubt"]},{"damage_healed":0,"gold_gain":0,"cards_transformed":["rmod:strick"],"player_choice":"Transformed","damage_taken":0,"max_hp_gain":0,"max_hp_loss":0,"event_name":"Transmorgrifier","floor":12,"gold_loss":0,"cards_obtained":["rmod:guardianhero"]}],"is_beta":false,"boss_relics":[{"not_picked":["Empty Cage","Runic Pyramid"],"picked":"rmod:mogul"}],"items_purged_floors":[],"is_endless":false,"potions_floor_spawned":[1,8,14,18],"killed_by":"Gremlin Leader","ascension_level":0}}