{"host":"mmqs5ul2bvb60kyc","time":1610931533,"event":{"mods":["AchievementEnabler","BaseMod","Colored Map","Colored Powertips","Minty Spire (QoL Compilation)","Quick Restart","StSLib"],"gold_per_floor":[168,48,48,48,48,48,59,69,69,126,126,145,174,349,349,446,446,461,461,490,503,335,335,366,378,390,436,448,473,220,250,250,352,352,371,210,402,103,116,148,78,103,129,129,157,157,157,3,3,3,3,3,3,36,36],"floor_reached":56,"language":"ZHS","playtime":2771,"items_purged":["Strike_B","Doubt","Zap+1","Sunder"],"score":1875,"play_id":"9ad913c1-6d44-4fb9-ab79-b902d9d7de54","local_time":"20210118085853","is_ascension_mode":true,"campfire_choices":[{"data":"Zap","floor":6.0,"key":"SMITH"},{"data":"Recycle","floor":11.0,"key":"SMITH"},{"data":"Coolheaded","floor":15.0,"key":"SMITH"},{"floor":23.0,"key":"REST"},{"data":"Sunder","floor":25.0,"key":"SMITH"},{"data":"Thunder Strike","floor":28.0,"key":"SMITH"},{"data":"Turbo","floor":32.0,"key":"SMITH"},{"floor":44.0,"key":"RECALL"},{"data":"Enlightenment","floor":47.0,"key":"SMITH"},{"data":"Skim","floor":49.0,"key":"SMITH"},{"data":"Skim","floor":52.0,"key":"SMITH"}],"circlet_count":0,"master_deck":["AscendersBane","Defend_B","Defend_B","Defend_B","Dualcast","Ball Lightning","Chill","Turbo+1","Recycle+1","Electrodynamics","Ball Lightning","Coolheaded+1","Sunder+1","Thunder Strike+1","Skim+1","Glacier","White Noise+1","Hello World","Capacitor","Meteor Strike","Go for the Eyes+1","FTL+1","Meteor Strike+1","Skim+1","Undo","Enlightenment+1"],"relics":["Tiny House","Sundial","HornCleat","Snecko Eye","Red Mask","MawBank","Shuriken","Pear","Medical Kit","Tiny Chest","Astrolabe","Incense Burner","Mango","Lizard Tail","Akabeko","ClockworkSouvenir","Mummified Hand","Meat on the Bone","Boot","Bag of Marbles","OrangePellets","Bottled Tornado"],"acts_visited":["Exordium","TheCity","TheBeyond","TheEnding"],"potions_floor_usage":[55],"damage_taken":[{"damage":1.0,"enemies":"2 Louse","floor":1.0,"turns":2.0},{"damage":0.0,"enemies":"Jaw Worm","floor":7.0,"turns":3.0},{"damage":0.0,"enemies":"Cultist","floor":8.0,"turns":3.0},{"damage":18.0,"enemies":"Gremlin Nob","floor":10.0,"turns":4.0},{"damage":6.0,"enemies":"Blue Slaver","floor":12.0,"turns":3.0},{"damage":14.0,"enemies":"3 Sentries","floor":13.0,"turns":4.0},{"damage":23.0,"enemies":"The Guardian","floor":16.0,"turns":11.0},{"damage":0.0,"enemies":"Spheric Guardian","floor":18.0,"turns":3.0},{"damage":31.0,"enemies":"Masked Bandits","floor":20.0,"turns":5.0},{"damage":0.0,"enemies":"Shell Parasite","floor":21.0,"turns":3.0},{"damage":3.0,"enemies":"Slavers","floor":24.0,"turns":4.0},{"damage":11.0,"enemies":"Gremlin Leader","floor":27.0,"turns":4.0},{"damage":0.0,"enemies":"Cultist and Chosen","floor":29.0,"turns":3.0},{"damage":7.0,"enemies":"Slavers","floor":31.0,"turns":5.0},{"damage":21.0,"enemies":"Collector","floor":33.0,"turns":6.0},{"damage":8.0,"enemies":"Orb Walker","floor":35.0,"turns":3.0},{"damage":0.0,"enemies":"2 Orb Walkers","floor":37.0,"turns":4.0},{"damage":0.0,"enemies":"3 Shapes","floor":39.0,"turns":4.0},{"damage":5.0,"enemies":"Reptomancer","floor":40.0,"turns":6.0},{"damage":0.0,"enemies":"Giant Head","floor":42.0,"turns":5.0},{"damage":0.0,"enemies":"Reptomancer","floor":45.0,"turns":4.0},{"damage":18.0,"enemies":"Awakened One","floor":50.0,"turns":6.0},{"damage":0.0,"enemies":"Shield and Spear","floor":54.0,"turns":3.0},{"damage":75,"enemies":"The Heart","floor":55,"turns":7}],"seed_played":"2188530220057292087","potions_obtained":[{"floor":0.0,"key":"GamblersBrew"},{"floor":7.0,"key":"Energy Potion"},{"floor":10.0,"key":"FocusPotion"},{"floor":13.0,"key":"Weak Potion"},{"floor":16.0,"key":"Strength Potion"},{"floor":18.0,"key":"Swift Potion"},{"floor":29.0,"key":"SneckoOil"},{"floor":33.0,"key":"Fire Potion"},{"floor":37.0,"key":"DuplicationPotion"},{"floor":37.0,"key":"SmokeBomb"}],"is_trial":false,"path_per_floor":["M","$","?","?","$","R","M","M","T","?","R","M","E","?","R","B",null,"M","?","?","M","$","R","E","R","T","E","R","M","$","E","R","B",null,"M","$","?","$","M","E","$","E","T","R","E","?","R","$","R","B",null,"R","$","E","B",null],"character_chosen":"DEFECT","items_purchased":["Turbo","Skim","Medical Kit","Sunder","Hello World","Skim","ClockworkSouvenir","Undo","OrangePellets"],"campfire_rested":1,"item_purchase_floors":[2,22,30,30,30,36,38,41,48],"current_hp_per_floor":[72,72,72,72,72,72,72,72,72,54,54,48,34,34,34,11,63,63,63,32,32,32,56,53,53,53,52,52,52,52,45,45,24,74,66,66,80,80,80,75,75,75,75,75,75,75,75,75,75,57,92,92,92,92,29],"gold":36,"neow_bonus":"BOSS_RELIC","is_daily":false,"chose_seed":false,"campfire_upgraded":9,"win_rate":0.0,"timestamp":1610931533,"path_taken":["M","$","?","?","?","R","?","M","T","?","R","M","E","?","R","BOSS","M","?","?","M","$","R","E","R","T","E","R","M","$","E","R","BOSS","M","$","?","?","M","E","$","E","T","R","E","?","R","$","R","BOSS","R","$","E","BOSS"],"items_purchased_type":["Card","Card","Relic","Card","Card","Card","Relic","Card","Relic"],"build_version":"2020-12-22","purchased_purges":4,"victory":true,"max_hp_per_floor":[80,80,80,80,80,80,80,80,80,80,80,80,80,80,80,80,80,80,80,80,80,80,80,80,80,80,90,90,90,90,90,90,90,90,90,90,104,104,104,104,104,104,104,104,104,104,104,104,104,104,104,104,104,104,104],"card_choices":[{"not_picked":["Leap","Hologram"],"picked":"Ball Lightning","floor":0.0},{"not_picked":["Barrage","Beam Cell"],"picked":"Chill","floor":1.0},{"not_picked":["Loop","Sweeping Beam"],"picked":"Recycle","floor":7.0},{"not_picked":["Chaos","Tempest"],"picked":"Electrodynamics","floor":8.0},{"not_picked":["Turbo","Genetic Algorithm"],"picked":"Ball Lightning","floor":10.0},{"not_picked":["Streamline","Turbo"],"picked":"Coolheaded","floor":12.0},{"not_picked":["Compile Driver","Gash"],"picked":"Sunder","floor":13.0},{"not_picked":["Echo Form","Fission"],"picked":"Thunder Strike","floor":16.0},{"not_picked":["Streamline+1","Chill","Sweeping Beam"],"picked":"SKIP","floor":18.0},{"not_picked":["Go for the Eyes","Static Discharge","Coolheaded"],"picked":"SKIP","floor":21.0},{"not_picked":["Consume","Compile Driver","Cold Snap"],"picked":"SKIP","floor":24.0},{"not_picked":["Melter","Lockon"],"picked":"Glacier","floor":27.0},{"not_picked":["Compile Driver","Beam Cell"],"picked":"White Noise+1","floor":29.0},{"not_picked":["Chill+1","Conserve Battery"],"picked":"Capacitor","floor":31.0},{"not_picked":["Electrodynamics","Machine Learning"],"picked":"Meteor Strike","floor":33.0},{"not_picked":["BootSequence","Turbo","Sweeping Beam"],"picked":"SKIP","floor":35.0},{"not_picked":["Storm","FTL","White Noise"],"picked":"SKIP","floor":39.0},{"not_picked":["Turbo+1","Chaos","Beam Cell"],"picked":"SKIP","floor":40.0},{"not_picked":["Undo+1","Stack+1","Sweeping Beam+1"],"picked":"SKIP","floor":42.0},{"not_picked":["Rip and Tear+1","Auto Shields","Stack"],"picked":"SKIP","floor":45.0},{"not_picked":["Discovery","Thinking Ahead"],"picked":"Enlightenment","floor":46.0},{"not_picked":["Steam","Beam Cell+1","Chaos"],"picked":"SKIP","floor":54.0}],"player_experience":273553,"relics_obtained":[{"floor":10.0,"key":"Sundial"},{"floor":13.0,"key":"HornCleat"},{"floor":20.0,"key":"Red Mask"},{"floor":24.0,"key":"MawBank"},{"floor":26.0,"key":"Shuriken"},{"floor":27.0,"key":"Pear"},{"floor":31.0,"key":"Tiny Chest"},{"floor":37.0,"key":"Incense Burner"},{"floor":37.0,"key":"Mango"},{"floor":37.0,"key":"Lizard Tail"},{"floor":37.0,"key":"Akabeko"},{"floor":40.0,"key":"Mummified Hand"},{"floor":42.0,"key":"Meat on the Bone"},{"floor":43.0,"key":"Boot"},{"floor":45.0,"key":"Bag of Marbles"},{"floor":54.0,"key":"Bottled Tornado"}],"event_choices":[{"damage_healed":0.0,"max_hp_gain":0.0,"max_hp_loss":0.0,"gold_gain":0.0,"event_name":"The Cleric","player_choice":"Leave","floor":3.0,"gold_loss":0.0,"damage_taken":0.0},{"cards_removed":["Strike_B"],"damage_healed":0.0,"max_hp_gain":0.0,"max_hp_loss":0.0,"gold_gain":0.0,"event_name":"Living Wall","player_choice":"Forget","floor":4.0,"gold_loss":0.0,"damage_taken":0.0},{"damage_healed":0.0,"max_hp_gain":0.0,"max_hp_loss":0.0,"gold_gain":0.0,"event_name":"Dead Adventurer","player_choice":"Searched \u00271\u0027 times","floor":10.0,"gold_loss":0.0,"damage_taken":0.0},{"damage_healed":0.0,"max_hp_gain":0.0,"max_hp_loss":0.0,"gold_gain":175.0,"event_name":"Liars Game","player_choice":"AGREE","floor":14.0,"gold_loss":0.0,"damage_taken":0.0,"cards_obtained":["Doubt"]},{"damage_healed":0.0,"max_hp_gain":0.0,"max_hp_loss":0.0,"gold_gain":0.0,"event_name":"Ghosts","player_choice":"Ignored","floor":19.0,"gold_loss":0.0,"damage_taken":0.0},{"damage_healed":0.0,"max_hp_gain":0.0,"max_hp_loss":0.0,"gold_gain":0.0,"event_name":"Masked Bandits","player_choice":"Fought Bandits","floor":20.0,"gold_loss":0.0,"damage_taken":0.0},{"damage_healed":0.0,"max_hp_gain":0.0,"max_hp_loss":0.0,"gold_gain":0.0,"event_name":"Mysterious Sphere","player_choice":"Fight","floor":37.0,"gold_loss":0.0,"damage_taken":0.0},{"damage_healed":0.0,"max_hp_gain":0.0,"max_hp_loss":0.0,"gold_gain":0.0,"event_name":"Mysterious Sphere","player_choice":"Fight","floor":37.0,"gold_loss":0.0,"damage_taken":0.0},{"damage_healed":0.0,"max_hp_gain":0.0,"max_hp_loss":0.0,"gold_gain":0.0,"event_name":"Mysterious Sphere","player_choice":"Fight","floor":37.0,"gold_loss":0.0,"damage_taken":0.0},{"damage_healed":0.0,"max_hp_gain":0.0,"max_hp_loss":0.0,"gold_gain":0.0,"event_name":"SensoryStone","player_choice":"Memory 1","floor":46.0,"gold_loss":0.0,"damage_taken":0.0}],"is_beta":false,"boss_relics":[{"not_picked":["Empty Cage","Ectoplasm"],"picked":"Snecko Eye"},{"not_picked":["SlaversCollar","Philosopher\u0027s Stone"],"picked":"Astrolabe"}],"items_purged_floors":[2,22,36,38],"is_endless":false,"potions_floor_spawned":[7,10,13,16,18,21,29,33,37,37,54],"ascension_level":10}}