{"host":"45go8t6659233n49","time":1610974725,"event":{"mods":["AchievementEnabler","BaseMod","Colored Map","Downfall","Duelist Mod","GifTheSpireLib","Infinite Spire","Minty Spire (QoL Compilation)","StSLib"],"gold_per_floor":[117,117,131,51,226,254,254,269,269,269,10,27,45,45,45,143,143,154,154,154,172,187,187,216,24,105,125,125,142,142,172,172,274,274,289,289,289],"floor_reached":36,"language":"ENG","playtime":2722,"items_purged":["Doubt","Defend_P"],"score":442,"play_id":"a1369a41-8b1b-4790-a38a-f94ef729fdb7","local_time":"20210118235845","is_ascension_mode":true,"campfire_choices":[{"data":"infinitespire:FutureSight","floor":7,"key":"SMITH"},{"data":"TalkToTheHand","floor":10,"key":"SMITH"},{"data":"ConjureBlade","floor":15,"key":"SMITH"},{"floor":23,"key":"DIG"},{"floor":28,"key":"DIG"},{"floor":30,"key":"DIG"},{"floor":32,"key":"RECALL"}],"circlet_count":0,"master_deck":["Eruption","Vigilance","CrushJoints","infinitespire:FutureSight+1","Prostrate","Wallop","TalkToTheHand+1","FollowUp","Indignation","EmptyBody","ConjureBlade+1","Omniscience","Prostrate+1","infinitespire:Starlight","FollowUp+1","LikeWater+1","Fasting2+1","Discovery","Wish","ClearTheMind","CutThroughFate+1","DevaForm","EmptyFist","FearNoEvil","SignatureMove","DevaForm","BowlingBash","Nirvana","EmptyMind","ThirdEye+1"],"relics":["Runic Pyramid","Gambling Chip","Torii","Chemical X","Sozu","Black Star","Shovel","infinitespire:Lychee Nut","Dream Catcher","Oddly Smooth Stone","Question Card","Omamori","TungstenRod","Happy Flower","Pear","Pandora\u0027s Box"],"acts_visited":["Exordium","TheCity","TheBeyond"],"potions_floor_usage":[16,21,22],"damage_taken":[{"damage":0,"enemies":"Jaw Worm","floor":1,"turns":2},{"damage":0,"enemies":"Small Slimes","floor":3,"turns":2},{"damage":19,"enemies":"3 Sentries","floor":6,"turns":9},{"damage":0,"enemies":"Cultist","floor":8,"turns":3},{"damage":0,"enemies":"Exordium Wildlife","floor":12,"turns":2},{"damage":0,"enemies":"Large Slime","floor":13,"turns":3},{"damage":16,"enemies":"The Guardian","floor":16,"turns":7},{"damage":7,"enemies":"2 Thieves","floor":18,"turns":4},{"damage":5,"enemies":"3 Byrds","floor":21,"turns":5},{"damage":1,"enemies":"Cultist and Chosen","floor":22,"turns":4},{"damage":28,"enemies":"Gremlin Leader","floor":24,"turns":4},{"damage":0,"enemies":"Snecko","floor":27,"turns":3},{"damage":10,"enemies":"Centurion and Healer","floor":29,"turns":7},{"damage":10,"enemies":"Book of Stabbing","floor":31,"turns":6},{"damage":12,"enemies":"Automaton","floor":33,"turns":5},{"damage":35,"enemies":"3 Darklings","floor":35,"turns":5}],"seed_played":"-1819048166721610828","potions_obtained":[{"floor":1,"key":"Explosive Potion"},{"floor":6,"key":"Dexterity Potion"},{"floor":8,"key":"Swift Potion"}],"is_trial":false,"path_per_floor":["M","?","M","$","?","E","R","M","T","R","$","M","M","?","R","B",null,"M","AVR","?","M","M","R","E","$","T","M","R","M","R","E","R","B",null,"M","M"],"character_chosen":"WATCHER","items_purchased":["Wallop","Indignation","Chemical X","Discovery"],"campfire_rested":0,"item_purchase_floors":[4,11,11,25],"current_hp_per_floor":[72,53,53,53,53,34,34,34,34,34,34,34,34,58,58,42,72,65,65,65,67,72,54,37,37,37,42,42,48,48,64,64,52,64,32,0,0],"gold":289,"neow_bonus":"BOSS_RELIC","is_daily":false,"chose_seed":false,"campfire_upgraded":3,"win_rate":0.0,"timestamp":1610974725,"path_taken":["M","?","M","$","?","E","R","M","T","R","$","?","M","?","R","BOSS","M","AVR","?","M","M","R","E","$","T","M","R","M","R","E","R","BOSS","M","M"],"items_purchased_type":["Card","Card","Relic","Card"],"build_version":"2020-12-22","purchased_purges":2,"victory":false,"max_hp_per_floor":[72,72,72,72,72,72,72,72,72,72,72,72,72,72,72,72,72,72,72,72,72,72,54,54,54,54,54,54,54,54,64,64,64,64,64,64,64],"card_choices":[{"not_picked":["Halt","SashWhip"],"picked":"CrushJoints","floor":1},{"not_picked":["infinitespire:Oblivion","infinitespire:Menacing"],"picked":"infinitespire:FutureSight","floor":2},{"not_picked":["EmptyBody","CrushJoints"],"picked":"Prostrate","floor":3},{"not_picked":["WaveOfTheHand","Collect"],"picked":"TalkToTheHand","floor":6},{"not_picked":["Collect","MentalFortress"],"picked":"FollowUp","floor":8},{"not_picked":["Nirvana","BowlingBash"],"picked":"EmptyBody","floor":12},{"not_picked":["SashWhip","FollowUp"],"picked":"ConjureBlade","floor":13},{"not_picked":["Scrawl","SpiritShield"],"picked":"Omniscience","floor":16},{"not_picked":["WaveOfTheHand","SashWhip"],"picked":"Prostrate+1","floor":18},{"not_picked":["EmptyFist","Conclude+1"],"picked":"FollowUp+1","floor":21},{"not_picked":["Swivel+1","FlurryOfBlows"],"picked":"LikeWater+1","floor":22},{"not_picked":["FollowUp","Tantrum"],"picked":"Fasting2+1","floor":24},{"not_picked":["ReachHeaven+1","WreathOfFlame","FlyingSleeves"],"picked":"Wish","floor":27},{"not_picked":["FollowUp","Vengeance","Protect"],"picked":"ClearTheMind","floor":29},{"not_picked":["Protect","Halt","MentalFortress"],"picked":"CutThroughFate+1","floor":31},{"not_picked":["Omniscience","Alpha","Devotion"],"picked":"DevaForm","floor":33},{"not_picked":["BowlingBash","Vengeance","Evaluate"],"picked":"ThirdEye+1","floor":35}],"player_experience":300518,"relics_obtained":[{"floor":6,"key":"Gambling Chip"},{"floor":9,"key":"Torii"},{"floor":23,"key":"infinitespire:Lychee Nut"},{"floor":24,"key":"Dream Catcher"},{"floor":24,"key":"Oddly Smooth Stone"},{"floor":26,"key":"Question Card"},{"floor":28,"key":"Omamori"},{"floor":30,"key":"TungstenRod"},{"floor":31,"key":"Happy Flower"},{"floor":31,"key":"Pear"}],"event_choices":[{"damage_healed":0,"gold_gain":175,"player_choice":"AGREE","damage_taken":0,"max_hp_gain":0,"max_hp_loss":0,"event_name":"Liars Game","floor":5,"gold_loss":0,"cards_obtained":["Doubt"]},{"damage_healed":24,"gold_gain":0,"player_choice":"Banana","damage_taken":0,"max_hp_gain":0,"max_hp_loss":0,"event_name":"Big Fish","floor":14,"gold_loss":0},{"damage_healed":0,"gold_gain":0,"player_choice":"Ignored","damage_taken":0,"max_hp_gain":0,"max_hp_loss":0,"event_name":"Ghosts","floor":20,"gold_loss":0}],"is_beta":false,"boss_relics":[{"not_picked":["Tiny House","VioletLotus"],"picked":"Sozu"},{"not_picked":["Runic Dome","Astrolabe"],"picked":"Pandora\u0027s Box"}],"items_purged_floors":[11,25],"is_endless":false,"potions_floor_spawned":[1,6,8,22,29,31],"killed_by":"3 Shapes","ascension_level":2}}