{"host":"k5ju8d0zk0rk1tfm","time":1610933256,"event":{"mods":["100% Spire Juice","2.2 Compatiblity","Act Like it!","BaseMod","ChefMod","GifTheSpireLib","Hallownest","Hermit","Infinite Spire","Jorbs\u0027s Wanderer Trilogy","Marisa????????","Minty Spire (QoL Compilation)","Potionbrewer","Random Character Button","Replay The Spire","Shade Mod","StSLib","Stuff the Spire","The Alterego","The Bug Knight","The Cursed","The Florist","The Hierophant","The Judge","The Jungle","The Marked","The Necromancer","The Senshi","The Servant 0.9.4","The Spell Scribe","TheSwordswoman","thorton"],"gold_per_floor":[117,117,117,132,132,132,152,152,152],"floor_reached":8,"language":"ENG","playtime":491,"items_purged":[],"score":46,"play_id":"22937f62-ced6-4a73-a38e-3a46ed4dcdda","local_time":"20210117182736","is_ascension_mode":false,"campfire_choices":[{"data":"WordoMod:IllWill","floor":6,"key":"SMITH"}],"circlet_count":0,"master_deck":["WordoMod:StrikeCard","WordoMod:StrikeCard","WordoMod:StrikeCard","WordoMod:StrikeCard","WordoMod:DefendCard","WordoMod:DefendCard","WordoMod:DefendCard","WordoMod:DefendCard","WordoMod:Accursed","WordoMod:IllWill+1","WordoMod:ScatterAshes","Regret","Headbutt","StuffTheSpire:GnomedCurse","Flex"],"relics":["WordoMod:Obsidian","WordoMod:Effigy","PrismaticShard"],"acts_visited":["Exordium"],"potions_floor_usage":[],"damage_taken":[{"damage":2,"enemies":"Small Slimes","floor":1,"turns":4},{"damage":0,"enemies":"2 Louse","floor":4,"turns":1},{"damage":8,"enemies":"Cultist","floor":7,"turns":4},{"damage":6,"enemies":"3 Sentries","floor":8,"turns":2}],"seed_played":"6417162020251623571","potions_obtained":[{"floor":7,"key":"Weak Potion"}],"is_trial":false,"path_per_floor":["M","?","?","M","$","R","M","E"],"character_chosen":"JUDGE_CLASS","items_purchased":[],"campfire_rested":0,"item_purchase_floors":[],"current_hp_per_floor":[80,80,72,72,72,72,64,58,58],"gold":152,"neow_bonus":"TEN_PERCENT_HP_BONUS","is_daily":false,"chose_seed":false,"campfire_upgraded":1,"win_rate":0.0,"timestamp":1610933256,"path_taken":["M","?","?","?","$","R","M","E"],"items_purchased_type":[],"build_version":"2020-12-22","purchased_purges":0,"victory":false,"max_hp_per_floor":[82,82,82,82,82,82,82,82,82],"card_choices":[{"not_picked":["WordoMod:SecondChance","WordoMod:ShackleGuard"],"picked":"WordoMod:ScatterAshes","floor":1},{"not_picked":["theScribe:EnchantedStrike","stsjorbsmod:ParryingBlow"],"picked":"Headbutt","floor":4},{"not_picked":["Replay:Sluggish","Shame"],"picked":"StuffTheSpire:GnomedCurse","floor":7},{"not_picked":["hierophant:Doubloon","Bone_Spikes"],"picked":"Flex","floor":7}],"player_experience":218904,"relics_obtained":[],"event_choices":[{"damage_healed":0,"gold_gain":0,"player_choice":"Damaged","damage_taken":8,"max_hp_gain":0,"max_hp_loss":0,"event_name":"Wheel of Change","floor":3,"gold_loss":0}],"is_beta":false,"boss_relics":[],"items_purged_floors":[],"is_endless":false,"potions_floor_spawned":[7],"killed_by":"3 Sentries","ascension_level":0}}