{"host":"8rqsnaeml9gxb0kp","time":1610956542,"event":{"mods":["AchievementEnabler","BaseMod","Dark Map","Minty Spire (QoL Compilation)","StSLib"],"gold_per_floor":[109,119,119,137,137,137,172,189,189,189,22,0,0,20,20,117,117,129,44,44,55,66,66,99,99,126,160,160,178,209,209,209],"floor_reached":31,"language":"ENG","playtime":1697,"items_purged":[],"score":333,"play_id":"c53441e9-86d2-4f29-918c-6e4944601768","local_time":"20210117235542","is_ascension_mode":true,"campfire_choices":[{"data":"Poisoned Stab","floor":6,"key":"SMITH"},{"data":"Deadly Poison","floor":15,"key":"SMITH"},{"data":"Burst","floor":23,"key":"SMITH"},{"data":"Bouncing Flask","floor":25,"key":"SMITH"},{"floor":28,"key":"REST"}],"circlet_count":0,"master_deck":["Survivor","Neutralize","Parasite","Backstab","Skewer","Poisoned Stab+1","Predator","Predator","Dagger Throw","Deadly Poison+1","Malaise","Die Die Die","Footwork","Blade Dance","Riddle With Holes","Bouncing Flask+1","Tools of the Trade","Burst+1","Flechettes","Escape Plan","Wraith Form v2","Leg Sweep","Dagger Spray","Acrobatics","Wraith Form v2+1","Flying Knee+1","Poisoned Stab"],"relics":["Ring of the Snake","Gambling Chip","Eternal Feather","MealTicket","HornCleat","Mercury Hourglass","Lee\u0027s Waffle","Pandora\u0027s Box","Pear","Frozen Egg 2","Ancient Tea Set","Omamori","Paper Crane"],"acts_visited":["Exordium","TheCity"],"potions_floor_usage":[16,24,24],"damage_taken":[{"damage":4,"enemies":"Cultist","floor":1,"turns":4},{"damage":3,"enemies":"Jaw Worm","floor":2,"turns":2},{"damage":0,"enemies":"Small Slimes","floor":4,"turns":3},{"damage":20,"enemies":"Gremlin Nob","floor":7,"turns":4},{"damage":0,"enemies":"2 Fungi Beasts","floor":8,"turns":2},{"damage":5,"enemies":"Looter","floor":14,"turns":2},{"damage":17,"enemies":"Slime Boss","floor":16,"turns":8},{"damage":25,"enemies":"2 Thieves","floor":18,"turns":4},{"damage":0,"enemies":"3 Byrds","floor":21,"turns":4},{"damage":24,"enemies":"Centurion and Healer","floor":22,"turns":5},{"damage":30,"enemies":"Slavers","floor":24,"turns":6},{"damage":33,"enemies":"Book of Stabbing","floor":27,"turns":6},{"damage":29,"enemies":"Shelled Parasite and Fungi","floor":29,"turns":6},{"damage":11,"enemies":"Gremlin Leader","floor":30,"turns":7},{"damage":21,"enemies":"Snake Plant","floor":31,"turns":1}],"seed_played":"-3168898062536327119","potions_obtained":[{"floor":1,"key":"Swift Potion"},{"floor":7,"key":"AttackPotion"},{"floor":22,"key":"ColorlessPotion"},{"floor":24,"key":"Ancient Potion"}],"is_trial":false,"path_per_floor":["M","M","T","M","?","R","E","M","T","?","$","?","?","M","R","B",null,"M","?","$","M","M","R","E","R","T","E","R","M","E","M"],"character_chosen":"THE_SILENT","items_purchased":["Lee\u0027s Waffle","Dagger Throw"],"campfire_rested":1,"item_purchase_floors":[11,11],"current_hp_per_floor":[66,63,63,63,56,65,45,45,45,50,82,82,82,77,82,65,82,57,67,82,82,58,70,40,52,52,19,61,32,21,0,0],"gold":209,"neow_bonus":"ONE_RARE_RELIC","is_daily":false,"chose_seed":false,"campfire_upgraded":4,"win_rate":0.0,"timestamp":1610956542,"path_taken":["M","M","?","M","?","R","E","M","T","?","$","?","?","M","R","BOSS","M","?","$","M","M","R","E","R","T","E","R","M","E","M"],"items_purchased_type":["Relic","Card"],"build_version":"2020-12-22","purchased_purges":0,"victory":false,"max_hp_per_floor":[70,70,70,70,70,70,70,70,70,75,82,82,82,82,82,82,82,82,92,92,92,92,92,92,92,92,92,92,92,92,92,92],"card_choices":[{"not_picked":["Dodge and Roll","Outmaneuver"],"picked":"Backstab","floor":1},{"not_picked":["Dodge and Roll","Cloak And Dagger"],"picked":"Skewer","floor":2},{"not_picked":["Finisher","Dagger Throw"],"picked":"Poisoned Stab","floor":4},{"not_picked":["Flechettes","Deflect"],"picked":"Predator","floor":7},{"not_picked":["Masterful Stab","Acrobatics"],"picked":"Predator","floor":8},{"not_picked":["Backflip","Underhanded Strike"],"picked":"Deadly Poison","floor":14},{"not_picked":["Storm of Steel","Adrenaline"],"picked":"Malaise","floor":16},{"not_picked":["Dodge and Roll","Acrobatics"],"picked":"Leg Sweep","floor":18},{"not_picked":["Deadly Poison","Riddle With Holes"],"picked":"Dagger Spray","floor":21},{"not_picked":["Prepared","Sucker Punch"],"picked":"Acrobatics","floor":22},{"not_picked":["Backstab","Flechettes","Terror"],"picked":"SKIP","floor":24},{"not_picked":["Calculated Gamble","Deadly Poison"],"picked":"Wraith Form v2+1","floor":27},{"not_picked":["Sucker Punch","Masterful Stab+1"],"picked":"Flying Knee+1","floor":29},{"not_picked":["Phantasmal Killer","Sucker Punch"],"picked":"Poisoned Stab","floor":30}],"player_experience":99330,"relics_obtained":[{"floor":3,"key":"Eternal Feather"},{"floor":7,"key":"HornCleat"},{"floor":9,"key":"Mercury Hourglass"},{"floor":24,"key":"Frozen Egg 2"},{"floor":26,"key":"Ancient Tea Set"},{"floor":27,"key":"Omamori"},{"floor":30,"key":"Paper Crane"}],"event_choices":[{"damage_healed":0,"gold_gain":0,"player_choice":"Success","damage_taken":7,"relics_obtained":["MealTicket"],"max_hp_gain":0,"max_hp_loss":0,"event_name":"Scrap Ooze","floor":5,"gold_loss":0},{"damage_healed":0,"gold_gain":0,"player_choice":"Donut","damage_taken":0,"max_hp_gain":5,"max_hp_loss":0,"event_name":"Big Fish","floor":10,"gold_loss":0},{"damage_healed":0,"gold_gain":0,"player_choice":"Left Gold","damage_taken":0,"max_hp_gain":0,"max_hp_loss":0,"event_name":"World of Goop","floor":12,"gold_loss":22},{"damage_healed":0,"gold_gain":0,"player_choice":"Searched \u00270\u0027 times","damage_taken":0,"max_hp_gain":0,"max_hp_loss":0,"event_name":"Dead Adventurer","floor":13,"gold_loss":0},{"damage_healed":0,"gold_gain":0,"player_choice":"Obtained Relic","damage_taken":0,"relics_obtained":["Pear"],"max_hp_gain":0,"max_hp_loss":0,"event_name":"Addict","floor":19,"gold_loss":85}],"is_beta":false,"boss_relics":[{"not_picked":["Busted Crown","Tiny House"],"picked":"Pandora\u0027s Box"}],"items_purged_floors":[],"is_endless":false,"potions_floor_spawned":[1,7,22,24],"killed_by":"Snake Plant","ascension_level":1}}