{"host":"3twtdwjpiqhvvn5s","time":1610974283,"event":{"mods":["AchievementEnabler","Act Like it!","Aspiration","BaseMod","BetterRewards","Colored Map","Colored Powertips","Downfall","Duelist Mod","Friendly Minions","GifTheSpireLib","Hallownest","Hermit","Hubris","Infinite Spire","Jorbs\u0027s Wanderer Trilogy","Koishi","KomeijiMod","Marisa????????","Minty Spire (QoL Compilation)","Random Character Mod","Rare Cards Sparkle","Shop Mod","StSLib","Td1madao Mod","The Administrix","The Animator","The Bug Knight","The Caster","The Cursed","The Disciple","The Hierophant","The Necromancer","The Poker Player","The Runesmith","The Servant 0.9.4","TheFirefly"],"gold_per_floor":[114,132,143,143,157,157,157,157],"floor_reached":6,"language":"ENG","playtime":1013,"items_purged":[],"score":63,"play_id":"61c70bc5-42a0-443c-adc0-7b67e61ecfec","local_time":"20210118065123","daily_mods":["Specialized","ControlledChaos","downfall:WorldOfGoo"],"is_ascension_mode":false,"metric_token":2386,"campfire_choices":[],"circlet_count":0,"master_deck":["PokerPlayerMod:Diamond1","PokerPlayerMod:Diamond2","PokerPlayerMod:Diamond3","PokerPlayerMod:Diamond4","PokerPlayerMod:Diamond5","PokerPlayerMod:Spade1","PokerPlayerMod:Spade2","PokerPlayerMod:Spade3","PokerPlayerMod:Spade4","PokerPlayerMod:Club1","PokerPlayerMod:Club2","PokerPlayerMod:Heart2","PokerPlayerMod:TrumpStrike","PokerPlayerMod:BadJoker","PokerPlayerMod:Mulligan","PokerPlayerMod:ClubDance","PokerPlayerMod:ClubDance","PokerPlayerMod:ClubDance","PokerPlayerMod:ClubDance","PokerPlayerMod:ClubDance","PokerPlayerMod:Club3","PokerPlayerMod:Diamond5","PokerPlayerMod:ClubsClub","PokerPlayerMod:Harden"],"relics":["PokerPlayerMod:DeckCase","Frozen Eye"],"acts_visited":["Hallownest:Greenpath"],"potions_floor_usage":[6],"damage_taken":[{"damage":6,"enemies":"2_ Uuma","floor":1,"turns":2},{"damage":6,"enemies":"Hallownest:monsterHuskWarrior","floor":2,"turns":3},{"damage":3,"enemies":"Hallownest:monsterHuskGuard","floor":3,"turns":3},{"damage":10,"enemies":"Hallownest:MossCreep_and_Mosskin","floor":5,"turns":2},{"damage":14,"enemies":"Hallownest:eliteMossKnight","floor":6,"turns":6}],"seed_played":"-3169713393975668843","potions_obtained":[{"floor":5,"key":"champ:CounterPotion"}],"is_trial":true,"path_per_floor":["M","M","M","?","M","E"],"character_chosen":"THE_POKER_PLAYER","items_purchased":[],"campfire_rested":0,"item_purchase_floors":[],"current_hp_per_floor":[46,46,47,47,37,30,30,30],"gold":157,"neow_bonus":"","is_daily":false,"chose_seed":false,"campfire_upgraded":0,"win_rate":0.0,"timestamp":1610974283,"path_taken":["M","M","M","?","M","E"],"items_purchased_type":[],"build_version":"2020-12-22","purchased_purges":0,"victory":false,"max_hp_per_floor":[52,52,52,52,52,52,52,52],"card_choices":[{"not_picked":["PokerPlayerMod:ClubStrike","PokerPlayerMod:Raise"],"picked":"PokerPlayerMod:Club3","floor":1},{"not_picked":["PokerPlayerMod:MagicTrick","PokerPlayerMod:Club1"],"picked":"PokerPlayerMod:Diamond5","floor":2},{"not_picked":["PokerPlayerMod:CloakAndDiamond","PokerPlayerMod:MagicTrick"],"picked":"PokerPlayerMod:ClubsClub","floor":3},{"not_picked":["PokerPlayerMod:Diamond2","PokerPlayerMod:Configure"],"picked":"PokerPlayerMod:Harden","floor":5}],"player_experience":1844690,"relics_obtained":[],"event_choices":[],"is_beta":false,"boss_relics":[],"items_purged_floors":[],"is_endless":false,"potions_floor_spawned":[5],"killed_by":"Hallownest:eliteMossKnight","ascension_level":0}}