{"host":"rzpi613efy9j52u4","time":1610936221,"event":{"mods":["BaseMod","Colored Powertips","Downfall","Minty Spire (QoL Compilation)","Rare Cards Sparkle","StSLib","The Necromancer"],"gold_per_floor":[99,114,114,133,133,189,189,224,1,1,17,17,17,30,44,147,147,147,160,176,176,176,187,187,17,17,117,149,149,160,172,192,296,296,296,314,325,39,58,58,58],"floor_reached":40,"language":"ENG","playtime":3431,"items_purged":["downfall:Malfunctioning","downfall:Icky"],"score":608,"play_id":"b4f714b0-6cd2-48cf-88e7-455b2f5ce57c","local_time":"20210117211701","is_ascension_mode":false,"campfire_choices":[{"data":"Bone_Wall","floor":1,"key":"SMITH"},{"data":"Summon_Undead_Army","floor":12,"key":"SMITH"},{"data":"Bone_Armory","floor":18,"key":"SMITH"},{"data":"Pandemic","floor":26,"key":"SMITH"},{"data":"Summon_Lich","floor":29,"key":"SMITH"},{"data":"Negative_Energy_Mist","floor":35,"key":"SMITH"}],"circlet_count":0,"master_deck":["Strike_W","Strike_W","Strike_W","Defend_W","Defend_W","Defend_W","Defend_W+1","Negative_Energy_Arrows","Bone_Wall+1","Siphon_Strength+1","Bone_Armor+1","Thousand_Bone_Knives","Spectral_Walk","Reap_The_Weak","Summon_Undead_Army+1","Bone_Shift","Life_Drain","Finger_Of_Death+1","Negative_Energy_Sphere","Bone_Armory+1","Skeleton_Dragon","Finger_Of_Death","Plague_Bolt","Blood_Whip+1","Pandemic+1","Negative_Energy_Arrows","Death_March_Dance","Blood_for_Blood","Grasp_Heart","Finesse","Summon_Lich+1","Stop_Heart+1","Negative_Energy_Mist+1","Blood_Curse+1","Summon_Lich","Hellfire","Blood_Wake+1","Slay_Living+1","Vampiric_Strike","Bone_Armory","Pandemic+1","Apotheosis","Vampiric_Strike+1"],"relics":["Vampire_Amulet","Vajra","Toy Ornithopter","TungstenRod","Letter Opener","Black Star","Potion Belt","downfall:GremlinSack","Orichalcum","Lizard Tail","Astrolabe"],"acts_visited":["Exordium","TheCity","TheBeyond"],"potions_floor_usage":[8,16,27,28,30,32,39],"damage_taken":[{"damage":0,"enemies":"Cultist","floor":2,"turns":4},{"damage":1,"enemies":"Small Slimes","floor":4,"turns":3},{"damage":24,"enemies":"Lagavulin Event","floor":6,"turns":9},{"damage":1,"enemies":"Gremlin Nob","floor":8,"turns":3},{"damage":0,"enemies":"downfall:FleeingMerchant","floor":9,"turns":4},{"damage":9,"enemies":"2 Louse","floor":11,"turns":3},{"damage":0,"enemies":"Blue Slaver","floor":14,"turns":3},{"damage":0,"enemies":"3 Louse","floor":15,"turns":2},{"damage":65,"enemies":"DF_ARCHETYPE_STREAMLINE","floor":16,"turns":12},{"damage":20,"enemies":"3 Byrds","floor":19,"turns":5},{"damage":2,"enemies":"Snake Plant","floor":20,"turns":4},{"damage":28,"enemies":"Shelled Parasite and Fungi","floor":23,"turns":6},{"damage":10,"enemies":"downfall:FleeingMerchant","floor":25,"turns":4},{"damage":7,"enemies":"downfall:FleeingMerchant","floor":27,"turns":4},{"damage":50,"enemies":"Book of Stabbing","floor":28,"turns":6},{"damage":22,"enemies":"Centurion and Healer","floor":30,"turns":7},{"damage":31,"enemies":"3 Cultists","floor":31,"turns":7},{"damage":14,"enemies":"Chosen and Byrds","floor":32,"turns":5},{"damage":33,"enemies":"IC_MUSHROOM_ARCHETYPE","floor":33,"turns":7},{"damage":35,"enemies":"Orb Walker","floor":36,"turns":5},{"damage":25,"enemies":"3 Darklings","floor":37,"turns":5},{"damage":0,"enemies":"downfall:FleeingMerchant","floor":38,"turns":4},{"damage":32,"enemies":"Jaw Worm Horde","floor":39,"turns":4},{"damage":13,"enemies":"Writhing Mass","floor":40,"turns":2}],"seed_played":"-8418080605936737410","potions_obtained":[{"floor":2,"key":"Regen Potion"},{"floor":8,"key":"AttackPotion"},{"floor":11,"key":"Energy Potion"},{"floor":14,"key":"sneckomod:MuddlingPotion"},{"floor":16,"key":"Weak Potion"},{"floor":20,"key":"SteroidPotion"},{"floor":27,"key":"champ:CounterPotion"},{"floor":33,"key":"SkillPotion"},{"floor":36,"key":"Slimebound:ThreeZeroPotion"},{"floor":39,"key":"FearPotion"}],"is_trial":false,"path_per_floor":["R","M","?","M","?","?","T","E","$","?","M","R","?","M","M","B",null,"R","M","M","?","?","M","T","$","R","?","E","R","M","M","M","B",null,"R","M","M","$","M","M"],"character_chosen":"NECROMANCER","items_purchased":["Summon_Undead_Army","Bone_Shift","Life_Drain","Pandemic","Apotheosis"],"campfire_rested":0,"item_purchase_floors":[9,9,9,25,38],"current_hp_per_floor":[82,82,70,73,78,56,56,71,71,71,72,72,72,74,86,40,87,87,76,82,82,82,58,58,54,54,62,25,25,12,47,48,31,84,84,51,34,34,13,0,0],"gold":58,"neow_bonus":"TEN_PERCENT_HP_BONUS","is_daily":false,"chose_seed":false,"campfire_upgraded":6,"win_rate":0.0,"timestamp":1610936221,"path_taken":["R","M","?","M","?","?","T","E","$","?","?","R","?","M","M","BOSS","R","M","M","?","?","?","T","?","R","?","E","R","M","M","M","BOSS","R","M","M","$","M","M"],"items_purchased_type":["Card","Card","Card","Card","Card"],"build_version":"2020-12-13","purchased_purges":2,"victory":false,"max_hp_per_floor":[82,82,82,82,87,87,87,87,87,87,87,87,87,87,87,87,87,87,87,87,87,87,87,87,87,87,87,87,87,87,87,87,87,84,84,84,84,84,84,84,84],"card_choices":[{"not_picked":["Blood_Curse","Bones_to_Steel"],"picked":"Siphon_Strength","floor":2},{"not_picked":["Shackles_Of_Pain","Scare"],"picked":"Bone_Armor","floor":4},{"not_picked":["Consume_Illness","Bone_Bullets"],"picked":"Thousand_Bone_Knives","floor":6},{"not_picked":["Negative_Energy_Shield","Death_Coil"],"picked":"Spectral_Walk","floor":8},{"not_picked":["Negative_Energy_Mist","Death_Coil"],"picked":"Reap_The_Weak","floor":9},{"not_picked":["Negative_Energy_Sphere","Bone_Armor"],"picked":"Finger_Of_Death","floor":11},{"not_picked":["Death_March_Dance","Strike_from_Beyond"],"picked":"Negative_Energy_Sphere","floor":14},{"not_picked":["Chill_Blood","Bones_to_Steel"],"picked":"Bone_Armory","floor":15},{"not_picked":["Hellfire","Cloudkill"],"picked":"Skeleton_Dragon","floor":16},{"not_picked":["Negative_Energy_Sphere","Bone_Spikes"],"picked":"Finger_Of_Death","floor":19},{"not_picked":["Bone_Spikes","Negative_Energy_Mist"],"picked":"Plague_Bolt","floor":20},{"not_picked":["Negative_Energy_Shield","Bone_Bullets"],"picked":"Bones_to_Steel+1","floor":23},{"not_picked":["Negative_Energy_Sphere","Finger_Of_Death"],"picked":"Blood_Whip+1","floor":25},{"not_picked":["Negative_Energy_Shield+1","Shackles_Of_Pain+1"],"picked":"Summon_Lich","floor":27},{"not_picked":["Bone_Prison","Vampiric_Strike+1"],"picked":"Stop_Heart+1","floor":28},{"not_picked":["Bones_to_Steel","Spectral_Walk"],"picked":"Negative_Energy_Mist","floor":30},{"not_picked":["Negative_Energy_Bomb","Bone_Bullets+1"],"picked":"Blood_Curse+1","floor":31},{"not_picked":["Chill_Blood","Blood_for_Blood"],"picked":"Summon_Lich","floor":32},{"not_picked":["Cloudkill","Skeleton_Dragon"],"picked":"Hellfire","floor":33},{"not_picked":["Finger_Of_Death","Strike_from_Beyond+1"],"picked":"Vampiric_Strike","floor":36},{"not_picked":["Bone_Spikes","Uncharnel"],"picked":"Bone_Armory","floor":37},{"not_picked":["Siphon_Strength","Vampiric_Strike+1"],"picked":"Pandemic+1","floor":38},{"not_picked":["Toxic_Smoke_Screen","Blood_Whip"],"picked":"Vampiric_Strike+1","floor":39}],"player_experience":15092,"relics_obtained":[{"floor":6,"key":"Toy Ornithopter"},{"floor":7,"key":"TungstenRod"},{"floor":8,"key":"Letter Opener"},{"floor":27,"key":"downfall:GremlinSack"},{"floor":28,"key":"Orichalcum"},{"floor":28,"key":"Lizard Tail"}],"event_choices":[{"damage_healed":0,"gold_gain":0,"player_choice":"Success","damage_taken":12,"relics_obtained":["Vajra"],"max_hp_gain":0,"max_hp_loss":0,"event_name":"Scrap Ooze","floor":3,"gold_loss":0},{"damage_healed":0,"gold_gain":0,"player_choice":"Donut","damage_taken":0,"max_hp_gain":5,"max_hp_loss":0,"event_name":"Big Fish","floor":5,"gold_loss":0},{"damage_healed":0,"gold_gain":0,"player_choice":"Grow","damage_taken":0,"max_hp_gain":0,"max_hp_loss":0,"event_name":"Living Wall","floor":13,"gold_loss":0,"cards_upgraded":["Finger_Of_Death"]},{"damage_healed":0,"gold_gain":0,"player_choice":"Ignored","damage_taken":0,"max_hp_gain":0,"max_hp_loss":0,"event_name":"Ghosts","floor":22,"gold_loss":0}],"is_beta":false,"boss_relics":[{"not_picked":["Snecko Eye","Philosopher\u0027s Stone"],"picked":"Black Star"},{"not_picked":["SacredBark","SlaversCollar"],"picked":"Astrolabe"}],"items_purged_floors":[25,38],"is_endless":false,"potions_floor_spawned":[2,8,11,14,16,20,27,33,36,39],"killed_by":"Writhing Mass","ascension_level":0}}