{"host":"b3acx0fd85ri4t7i","time":1610967294,"event":{"mods":["BaseMod","Colored Powertips","Minty Spire (QoL Compilation)","Quick Restart","Relic Stats","StSLib","[功能]功能增强和修复MOD"],"gold_per_floor":[113,113,124,138,150,150,150],"floor_reached":6,"language":"ZHS","playtime":201,"items_purged":[],"score":76,"play_id":"27a315a2-4070-43c7-8705-e2b3c529db90","local_time":"20210118185454","is_ascension_mode":true,"campfire_choices":[],"circlet_count":0,"master_deck":["AscendersBane","Strike_B","Strike_B","Strike_B","Strike_B","Defend_B","Defend_B","Defend_B","Defend_B","Zap","Dualcast","Defragment"],"relics":["Philosopher\u0027s Stone","Thread and Needle"],"acts_visited":["Exordium"],"potions_floor_usage":[5],"damage_taken":[{"damage":2,"enemies":"2 Louse","floor":1,"turns":3},{"damage":4,"enemies":"Jaw Worm","floor":3,"turns":3},{"damage":0,"enemies":"Cultist","floor":4,"turns":4},{"damage":17,"enemies":"Exordium Wildlife","floor":5,"turns":4},{"damage":24,"enemies":"Lagavulin","floor":6,"turns":5}],"seed_played":"4397636813472974844","potions_obtained":[{"floor":1,"key":"FearPotion"},{"floor":4,"key":"Explosive Potion"},{"floor":5,"key":"Explosive Potion"}],"is_trial":false,"path_per_floor":["M","?","M","M","M","E"],"character_chosen":"DEFECT","items_purchased":[],"campfire_rested":0,"item_purchase_floors":[],"current_hp_per_floor":[62,44,40,40,23,0,0],"gold":150,"neow_bonus":"BOSS_RELIC","is_daily":false,"chose_seed":false,"campfire_upgraded":0,"win_rate":0.0,"timestamp":1610967294,"path_taken":["M","?","M","M","M","E"],"items_purchased_type":[],"build_version":"2020-12-22","purchased_purges":0,"victory":false,"max_hp_per_floor":[71,71,71,71,71,71,71],"relic_stats":{"counters":[5,19],"obtain_stats":[{"Philosopher\u0027s Stone":0,"Thread and Needle":2,"Cracked Core":0},{"Philosopher\u0027s Stone":0,"Thread and Needle":1,"Cracked Core":0},{"Philosopher\u0027s Stone":0,"Thread and Needle":3,"Cracked Core":0}]},"card_choices":[{"not_picked":["Steam","Sweeping Beam","FTL"],"picked":"SKIP","floor":1},{"not_picked":["Undo","Beam Cell","Go for the Eyes"],"picked":"SKIP","floor":3},{"not_picked":["Turbo","Barrage","Undo"],"picked":"SKIP","floor":4},{"not_picked":["Conserve Battery","Force Field"],"picked":"Defragment","floor":5}],"player_experience":310509,"relics_obtained":[],"event_choices":[{"damage_healed":0,"gold_gain":0,"player_choice":"Success","damage_taken":18,"relics_obtained":["Thread and Needle"],"max_hp_gain":0,"max_hp_loss":0,"event_name":"Scrap Ooze","floor":2,"gold_loss":0}],"is_beta":false,"boss_relics":[],"items_purged_floors":[],"is_endless":false,"potions_floor_spawned":[1,4,5,5],"killed_by":"Lagavulin","ascension_level":20}}