{"host":"xt86it2r6tj4p7je","time":1610941414,"event":{"mods":["Act Like it!","AlwaysNeverKeys","Aspiration","BaseMod","Better Altar","Better Match","Better Note","Better Sensory Stone","Better Skull","Better Third Choice","Card Forge","Clockwork Mod","Conspire","Defuse TimeMaze Blight","Downfall","Elementarium","Energized Spire","Friendly Minions","GifTheSpireLib","Hubris","Key Reminder","Minty Spire (QoL Compilation)","StSLib","The Construct","The Cursed","The Hierophant","The Judge","The Witch","Uncapped","thorton"],"gold_per_floor":[99,113,113,126,16,35,58,69,79,79,95,127,147,45,60,158,158,58,71,170,183,199,219,219,239,264,264,280,80,93,93,103,205,205,205,255,255,265,115,148,148,158,169,184,196,221,255,405,415,415,415,415],"floor_reached":50,"language":"ENG","playtime":3816,"items_purged":[],"score":684,"play_id":"c7be295e-3c04-4e30-b2d6-7a74e341372c","local_time":"20210117224334","is_ascension_mode":false,"campfire_choices":[{"data":"champ:Execute","floor":1.0,"key":"SMITH"},{"data":"champ:Shatter","floor":10.0,"key":"SMITH"},{"floor":18.0,"key":"REST"},{"floor":29.0,"key":"REST"},{"data":"champ:Improvising","floor":35.0,"key":"SMITH"}],"circlet_count":0,"master_deck":["champ:Strike+1","champ:Strike+1","champ:Strike+1","champ:Strike+1","champ:Defend+1","champ:Defend+1","champ:Defend+1","champ:Defend+1","champ:Execute+1","champ:Taunt+1","champ:ShieldWall+1","champ:PerfectedStrike+1","champ:StanceDance+1","expansioncontent:LastStand+1","champ:BladeFlurry+1","champ:Shatter+1","champ:CrownThrow+1","champ:CrookedStrike+1","champ:SkillfulDodge+1","champ:Backstep+1","champ:IgnorePain+1","champ:GladiatorStyle+1","champ:PerfectedStrike+1","champ:BladeFlurry+1","champ:Improvising+1","champ:PreciseThrust+1","champ:TornadoPunch+1","champ:UltimateStance+1","champ:ShieldWall+1","champ:PerfectedStrike+1","champ:StrikeOfGenius+1","champ:Backstep+1","champ:DefensiveShout+1","champ:ShieldWall+1","champ:FlashCut+1","champ:Shatter+1","champ:PerfectedStrike+1","champ:BladeFlurry+1","champ:Improvising+1","champ:IronFortress+1","champ:PreciseThrust+1","champ:EndlessRage+1","champ:ArenaPreparation+1","champ:BladeFlurry+1","champ:TornadoPunch+1","champ:ArenaPreparation+1","champ:TripleStrike"],"relics":["Hammer of Thor","Seething Fire","Anvil of the Gods","SlaversCollar","aspiration:Lifesprig","Centennial Puzzle","hubris:RunicObelisk","downfall:HeartBlessingRed","hubris:TinFlute","downfall:HeartBlessingGreen","downfall:HeartBlessingBlue","hubris:Backtick","hubris:GlazedTorus","Du-Vu Doll","champ:DefensiveTrainingManual","Sundial","MealTicket","hubris:SlimyHat"],"acts_visited":["Exordium","TheCity","TheBeyond"],"potions_floor_usage":[44,47,47],"damage_taken":[{"damage":15.0,"enemies":"Jaw Worm","floor":2.0,"turns":4.0},{"damage":10.0,"enemies":"Cultist","floor":4.0,"turns":4.0},{"damage":20.0,"enemies":"downfall:FleeingMerchant","floor":5.0,"turns":4.0},{"damage":12.0,"enemies":"conspire:RoseBush","floor":6.0,"turns":2.0},{"damage":15.0,"enemies":"Gremlin Gang","floor":8.0,"turns":4.0},{"damage":0.0,"enemies":"3 Louse","floor":9.0,"turns":3.0},{"damage":4.0,"enemies":"Blue Slaver","floor":11.0,"turns":3.0},{"damage":20.0,"enemies":"Lagavulin","floor":12.0,"turns":4.0},{"damage":10.0,"enemies":"conspire:2 RoseBushes","floor":13.0,"turns":3.0},{"damage":25.0,"enemies":"downfall:FleeingMerchant","floor":14.0,"turns":4.0},{"damage":15.0,"enemies":"Gremlin Gang","floor":15.0,"turns":4.0},{"damage":40.0,"enemies":"DF_ARCHETYPE_STREAMLINE","floor":16.0,"turns":8.0},{"damage":0.0,"enemies":"Shell Parasite","floor":19.0,"turns":3.0},{"damage":0.0,"enemies":"downfall:FleeingMerchant","floor":20.0,"turns":4.0},{"damage":8.0,"enemies":"conspire:FuzzyDice","floor":21.0,"turns":3.0},{"damage":8.0,"enemies":"Centurion and Healer","floor":22.0,"turns":3.0},{"damage":10.0,"enemies":"Cultist and Chosen","floor":23.0,"turns":3.0},{"damage":12.0,"enemies":"3 Cultists","floor":25.0,"turns":4.0},{"damage":50.0,"enemies":"Slavers","floor":26.0,"turns":4.0},{"damage":0.0,"enemies":"Snake Plant","floor":28.0,"turns":3.0},{"damage":9.0,"enemies":"Centurion and Healer","floor":30.0,"turns":3.0},{"damage":13.0,"enemies":"conspire:HollyBat","floor":32.0,"turns":6.0},{"damage":31.0,"enemies":"IC_MUSHROOM_ARCHETYPE","floor":33.0,"turns":4.0},{"damage":0.0,"enemies":"IC_MUSHROOM_ARCHETYPE","floor":36.0,"turns":5.0},{"damage":10,"enemies":"Orb Walker","floor":38,"turns":2},{"damage":17,"enemies":"Reptomancer","floor":40,"turns":5},{"damage":6,"enemies":"3 Shapes","floor":42,"turns":3},{"damage":0,"enemies":"Jaw Worm Horde","floor":43,"turns":3},{"damage":3,"enemies":"Maw","floor":44,"turns":6},{"damage":0,"enemies":"3 Darklings","floor":45,"turns":2},{"damage":55,"enemies":"Giant Head","floor":47,"turns":8},{"damage":39,"enemies":"Writhing Mass","floor":49,"turns":4},{"damage":0,"enemies":"WA_ARCHETYPE_DIVINITY","floor":50,"turns":3}],"seed_played":"-5355158551136924307","potions_obtained":[{"floor":6.0,"key":"construct:ShiftPotion"},{"floor":11.0,"key":"Guardian:BlockOnCardUsePotion"},{"floor":12.0,"key":"conspire:TimeTravelPotion"},{"floor":13.0,"key":"Fire Potion"},{"floor":16.0,"key":"Weak Potion"},{"floor":19.0,"key":"Guardian:BlockOnCardUsePotion"},{"floor":21.0,"key":"champ:CounterPotion"},{"floor":23.0,"key":"Swift Potion"},{"floor":28.0,"key":"Weak Potion"},{"floor":33.0,"key":"AttackPotion"},{"floor":38,"key":"GamblersBrew"},{"floor":40,"key":"ColorlessPotion"},{"floor":45,"key":"ColorlessPotion"}],"is_trial":false,"path_per_floor":["R","M","?","M","$","M","T","M","M","R","M","E","M","$","M","B",null,"R","M","$","M","M","M","T","M","E","?","M","R","M","?","M","B",null,"R","?","?","M","?","E","T","M","M","M","M","?","E","?","M","B"],"character_chosen":"THE_CHAMP","items_purchased":["expansioncontent:LastStand","champ:GladiatorStyle","champ:PerfectedStrike","champ:UltimateStance","champ:ShieldWall","champ:PerfectedStrike"],"campfire_rested":2,"item_purchase_floors":[5,14,14,20,20,20],"current_hp_per_floor":[90,85,85,85,85,83,83,83,83,83,79,79,79,64,59,29,90,90,90,90,82,74,64,64,52,22,22,32,72,63,63,50,19,100,100,100,103,93,113,106,106,100,100,97,97,97,42,42,3,3,3,3],"gold":415,"neow_bonus":"BOSS_RELIC","is_daily":false,"chose_seed":false,"campfire_upgraded":3,"win_rate":0.0,"timestamp":1610941414,"path_taken":["R","M","?","?","$","?","T","M","M","R","M","E","M","?","M","BOSS","R","M","$","M","?","M","T","M","E","?","M","R","M","?","M","BOSS","R","?","?","M","?","E","T","M","M","?","M","?","E","?","M","BOSS"],"items_purchased_type":["Card","Card","Card","Card","Card","Card"],"build_version":"2020-12-22","purchased_purges":0,"victory":false,"max_hp_per_floor":[90,90,90,90,90,90,90,90,90,90,90,90,90,90,90,90,90,90,90,90,90,90,90,90,90,90,90,90,100,100,100,100,100,100,100,100,103,103,113,113,113,113,113,113,113,113,113,113,113,113,113,113],"card_choices":[{"not_picked":["champ:AdrenalArmor","champ:CalledShot"],"picked":"champ:ShieldWall","floor":2.0},{"not_picked":["champ:HeartStrike","champ:BringItOn"],"picked":"champ:PerfectedStrike","floor":4.0},{"not_picked":["champ:Haymaker","champ:RecklessLeap"],"picked":"champ:StanceDance","floor":5.0},{"not_picked":["champ:GutPunch","champ:StanceDance"],"picked":"champ:BladeFlurry","floor":6.0},{"not_picked":["champ:Circumvent","champ:Encircle"],"picked":"champ:Shatter","floor":8.0},{"not_picked":["champ:PreciseThrust","champ:StanceDance"],"picked":"champ:CrownThrow","floor":9.0},{"not_picked":["champ:CrownThrow","champ:StanceDance"],"picked":"champ:CrookedStrike","floor":11.0},{"not_picked":["champ:AdrenalArmor","champ:RecklessLeap"],"picked":"champ:SkillfulDodge","floor":12.0},{"not_picked":["champ:FocusedDefense","champ:BladeFlurry"],"picked":"champ:Backstep","floor":13.0},{"not_picked":["champ:Haymaker","champ:Encircle"],"picked":"champ:IgnorePain","floor":14.0},{"not_picked":["champ:BringItOn","champ:BerserkersShout"],"picked":"champ:BladeFlurry","floor":15.0},{"not_picked":["champ:IgnorePain","champ:ShieldThrow"],"picked":"champ:Improvising","floor":16.0},{"not_picked":["champ:FanOfKnives","champ:CrownThrow"],"picked":"champ:PreciseThrust","floor":19.0},{"not_picked":["champ:AdrenalArmor","champ:BladeFlurry"],"picked":"champ:TornadoPunch","floor":20.0},{"not_picked":["champ:FlashCut","champ:StanceDance"],"picked":"champ:StrikeOfGenius","floor":21.0},{"not_picked":["champ:BerserkersShout","champ:AdrenalArmor+1"],"picked":"champ:Backstep","floor":22.0},{"not_picked":["champ:Haymaker","champ:SetATrap"],"picked":"champ:DefensiveShout+1","floor":23.0},{"not_picked":["champ:RecklessLeap+1","champ:Duel"],"picked":"champ:ShieldWall","floor":25.0},{"not_picked":["champ:PreciseThrust","champ:ShieldSlam"],"picked":"champ:FlashCut","floor":26.0},{"not_picked":["champ:BringItOn+1","champ:AdrenalArmor"],"picked":"champ:Shatter","floor":28.0},{"not_picked":["champ:Endure+1","champ:Encircle+1"],"picked":"champ:PerfectedStrike+1","floor":30.0},{"not_picked":["champ:Parry","champ:Shatter+1"],"picked":"champ:BladeFlurry","floor":32.0},{"not_picked":["champ:SwordThrow","champ:UltimateStance"],"picked":"champ:Improvising","floor":33.0},{"not_picked":["champ:RapidStrikes+1","champ:PreemptiveStrike"],"picked":"champ:IronFortress","floor":38},{"not_picked":["champ:Haymaker+1","champ:Shatter+1"],"picked":"champ:PreciseThrust","floor":40},{"not_picked":["champ:FancyFootwork+1","champ:StanceDance"],"picked":"champ:EndlessRage+1","floor":42},{"not_picked":["champ:DefensiveShout","champ:PreciseThrust"],"picked":"champ:ArenaPreparation","floor":43},{"not_picked":["champ:FocusedDefense","champ:HeartStrike"],"picked":"champ:BladeFlurry+1","floor":44},{"not_picked":["champ:DefensiveShout+1","champ:FalseCounter"],"picked":"champ:TornadoPunch","floor":45},{"not_picked":["champ:EndlessRage+1","champ:BladeFlurry+1"],"picked":"champ:ArenaPreparation","floor":47},{"not_picked":["champ:EnGarde","champ:IronFortress"],"picked":"champ:TripleStrike","floor":49}],"player_experience":244704,"relics_obtained":[{"floor":7.0,"key":"aspiration:Lifesprig"},{"floor":12.0,"key":"Centennial Puzzle"},{"floor":24.0,"key":"hubris:ToyBattleship"},{"floor":26.0,"key":"hubris:TinFlute"},{"floor":36.0,"key":"Du-Vu Doll"},{"floor":40,"key":"champ:DefensiveTrainingManual"},{"floor":41,"key":"Sundial"},{"floor":46,"key":"MealTicket"},{"floor":47,"key":"hubris:SlimyHat"}],"event_choices":[{"damage_healed":0.0,"max_hp_gain":0.0,"max_hp_loss":0.0,"gold_gain":0.0,"event_name":"betterNote:BetterNote","player_choice":"Ignored","floor":31.0,"gold_loss":0.0,"damage_taken":0.0,"cards_obtained":["Slimebound:LeechingTouch"]}],"is_beta":false,"boss_relics":[{"not_picked":["hubris:Stopwatch","aspiration:WatcherSkillbook"],"picked":"hubris:RunicObelisk"},{"not_picked":["conspire:SeveredTorchhead","Astrolabe"],"picked":"hubris:Backtick"}],"items_purged_floors":[],"is_endless":false,"potions_floor_spawned":[6,11,12,13,16,19,21,23,28,33,38,40,45],"killed_by":"WA_ARCHETYPE_DIVINITY","ascension_level":0}}