{"host":"cw25u8qal1h0d7ia","time":1610988175,"event":{"mods":["BaseMod","Downfall","Minty Spire (QoL Compilation)","StSLib"],"gold_per_floor":[0,11,0,14,34,34,34,62,62,79,79,98,98,98,117,117,117,117],"floor_reached":16,"language":"ENG","playtime":1475,"items_purged":[],"score":102,"play_id":"2bb39d14-b702-4306-9061-0d15018cc58d","local_time":"20210118174255","is_ascension_mode":false,"campfire_choices":[{"data":"Guardian:SphericShield","floor":1,"key":"SMITH"},{"data":"Guardian:EvasiveProtocol","floor":6,"key":"SMITH"},{"data":"Guardian:DonusPower","floor":11,"key":"SMITH"},{"data":"Guardian:FloatingOrbs","floor":13,"key":"SMITH"}],"circlet_count":0,"master_deck":["Guardian:Strike_Guardian","Guardian:Strike_Guardian","Guardian:Strike_Guardian","Guardian:Defend_Guardian","Guardian:Defend_Guardian","Guardian:Defend_Guardian","Guardian:Defend_Guardian","Guardian:CurlUp","Guardian:TwinSlam","Guardian:SphericShield+1","Guardian:GuardianWhirl","Guardian:PiercingHide","Guardian:EvasiveProtocol+1","Guardian:FloatingOrbs+1","Guardian:DonusPower+1"],"relics":["Guardian:ModeShifter","Slimebound:PreparedRelic","MealTicket","Matryoshka"],"acts_visited":["Exordium"],"potions_floor_usage":[16,16],"damage_taken":[{"damage":0,"enemies":"Cultist","floor":2,"turns":4},{"damage":10,"enemies":"downfall:FleeingMerchant","floor":3,"turns":4},{"damage":1,"enemies":"Jaw Worm","floor":4,"turns":5},{"damage":10,"enemies":"Small Slimes","floor":5,"turns":4},{"damage":20,"enemies":"Lagavulin","floor":8,"turns":10},{"damage":9,"enemies":"3 Louse","floor":10,"turns":4},{"damage":2,"enemies":"2 Fungi Beasts","floor":12,"turns":4},{"damage":0,"enemies":"Red Slaver","floor":15,"turns":3},{"damage":34,"enemies":"SI_SHIV_ARCHETYPE","floor":16,"turns":10}],"seed_played":"7637107028410666561","potions_obtained":[{"floor":4,"key":"Guardian:DefensiveModePotion"},{"floor":10,"key":"FearPotion"},{"floor":12,"key":"hexamod:SoulburnPotion"}],"is_trial":false,"path_per_floor":["R","M","$","M","M","R","T","E","T","M","R","M","R","?","M","B"],"character_chosen":"GUARDIAN","items_purchased":[],"campfire_rested":0,"item_purchase_floors":[],"current_hp_per_floor":[80,80,70,69,59,59,59,39,39,30,30,28,28,28,28,0,0,0],"gold":117,"neow_bonus":"THREE_RARE_CARDS","is_daily":false,"chose_seed":false,"campfire_upgraded":4,"win_rate":0.0,"timestamp":1610988175,"path_taken":["R","M","?","M","M","R","T","E","?","M","R","M","R","?","M","BOSS"],"items_purchased_type":[],"build_version":"2020-12-22","purchased_purges":0,"victory":false,"max_hp_per_floor":[80,80,80,80,80,80,80,80,80,80,80,80,80,80,80,80,80,80],"card_choices":[{"not_picked":["Guardian:ConstructionForm","Guardian:FierceBash"],"picked":"Guardian:SphericShield","floor":0},{"not_picked":["Guardian:TemporalStrike","Guardian:Reroute"],"picked":"Guardian:GuardianWhirl","floor":2},{"not_picked":["Guardian:Suspension","Guardian:TemporalStrike","Guardian:Gem_Blue"],"picked":"SKIP","floor":3},{"not_picked":["Guardian:Reroute","Guardian:Planning"],"picked":"Guardian:PiercingHide","floor":4},{"not_picked":["Guardian:Gem_Cyan","Guardian:ShieldCharger"],"picked":"Guardian:EvasiveProtocol","floor":5},{"not_picked":["Guardian:PiercingHide","Guardian:Recover"],"picked":"Guardian:FloatingOrbs","floor":8},{"not_picked":["Guardian:TimeCapacitor","Guardian:Recover"],"picked":"Guardian:DonusPower","floor":10},{"not_picked":["Guardian:CrystalBeam","Guardian:Incinerate","Guardian:SphericShield"],"picked":"SKIP","floor":12},{"not_picked":["Guardian:Recover","Guardian:DonusPower","Guardian:CrystalBeam"],"picked":"SKIP","floor":15}],"player_experience":596561,"relics_obtained":[{"floor":7,"key":"Slimebound:PreparedRelic"},{"floor":8,"key":"MealTicket"},{"floor":9,"key":"Matryoshka"}],"event_choices":[],"is_beta":false,"boss_relics":[],"items_purged_floors":[],"is_endless":false,"potions_floor_spawned":[4,10,12],"killed_by":"SI_SHIV_ARCHETYPE","ascension_level":0}}