{"host":"k2mw1od0xoi9pcfj","time":1610978856,"event":{"mods":["Act Like it!","Aspiration","BaseMod","Downfall","Energized Spire","Highlight Path","Minty Spire (QoL Compilation)","Relic Stats","Retaliation","StSLib","TheHeartMod"],"gold_per_floor":[99,119,137,42,106,137,137,152,163,180,630,648,348,363,375,470,470,470,489,489,499,97,97,147,147,216,216,216,216,216],"floor_reached":29,"language":"ENG","playtime":1790,"items_purged":[],"score":250,"play_id":"2ab55f0f-5ea8-4b40-a8e0-e592a94a1034","local_time":"20210118080736","is_ascension_mode":false,"campfire_choices":[{"floor":1,"key":"RECALL"},{"floor":13,"key":"REST"},{"data":"bronze:Mutator","floor":18,"key":"SMITH"},{"data":"bronze:AlphaBuild","floor":27,"key":"SMITH"}],"circlet_count":0,"master_deck":["bronze:Strike","bronze:Strike","bronze:Strike","bronze:Strike","bronze:Defend","bronze:Defend","bronze:Defend","bronze:Defend","bronze:Replicate","bronze:Goto","bronze:OilSpill","bronze:Optimize","bronze:Philosophize","bronze:ClassDefault","bronze:BuggyMess","bronze:DelayedGuard","bronze:CleanCode","bronze:GetLatest","downfall:Icky","bronze:GetLatest","bronze:OilSpill","bronze:ItsAFeature","bronze:Mutator+1","bronze:OilSpill","bronze:Mutator+1","bronze:ChosenStrike+1","bronze:ForceShield+1","bronze:AlphaBuild+1","Pride"],"relics":["bronze:BronzeCore","PreservedInsect","aspiration:HummingbirdHeart","downfall:HeartBlessingRed","downfall:HeartBlessingGreen","downfall:HeartBlessingBlue","Empty Cage","Pantograph","aspiration:FrozenJewel","Bag of Marbles","DDmod:BarbedSlagRelic","The Courier"],"acts_visited":["Exordium","TheCity"],"potions_floor_usage":[],"damage_taken":[{"damage":0,"enemies":"Small Slimes","floor":2,"turns":3},{"damage":1,"enemies":"Jaw Worm","floor":3,"turns":3},{"damage":0,"enemies":"downfall:FleeingMerchant","floor":4,"turns":4},{"damage":33,"enemies":"Gremlin Nob","floor":5,"turns":4},{"damage":10,"enemies":"Gremlin Nob","floor":6,"turns":3},{"damage":5,"enemies":"2 Louse","floor":8,"turns":2},{"damage":1,"enemies":"Red Slaver","floor":9,"turns":3},{"damage":8,"enemies":"Blue Slaver","floor":10,"turns":4},{"damage":0,"enemies":"3 Louse","floor":12,"turns":3},{"damage":3,"enemies":"Exordium Wildlife","floor":14,"turns":4},{"damage":4,"enemies":"2 Fungi Beasts","floor":15,"turns":4},{"damage":27,"enemies":"WA_ARCHETYPE_RETAIN","floor":16,"turns":9},{"damage":0,"enemies":"Chosen","floor":19,"turns":5},{"damage":15,"enemies":"Shelled Parasite and Fungi","floor":21,"turns":4},{"damage":0,"enemies":"downfall:FleeingMerchant","floor":22,"turns":4},{"damage":62,"enemies":"Gremlin Leader","floor":29,"turns":4}],"seed_played":"-1326113571299353419","potions_obtained":[{"floor":5,"key":"bronze:FreeFunctionsPotion"},{"floor":8,"key":"BlessingOfTheForge"},{"floor":9,"key":"Strength Potion"},{"floor":12,"key":"bronze:BuildAFunctionPotion"}],"is_trial":false,"path_per_floor":["R","M","M","$","?","E","T","M","M","M","?","M","R","M","M","B",null,"R","M","?","M","$","?","T","?","T","R","?","E"],"character_chosen":"THE_AUTOMATON","items_purchased":["bronze:ClassDefault","bronze:AlphaBuild","Pantograph"],"campfire_rested":1,"item_purchase_floors":[4,22,22],"current_hp_per_floor":[77,77,76,76,43,33,33,28,27,19,19,19,55,52,48,21,87,87,87,87,72,72,72,72,72,72,72,55,0,0],"gold":216,"neow_bonus":"TEN_PERCENT_HP_BONUS","is_daily":false,"chose_seed":false,"campfire_upgraded":2,"win_rate":0.0,"timestamp":1610978856,"path_taken":["R","M","M","$","?","E","T","M","M","M","?","M","R","M","M","BOSS","R","M","?","?","$","?","T","?","?","R","?","E"],"items_purchased_type":["Card","Card","Relic"],"build_version":"2020-12-22","purchased_purges":0,"victory":false,"max_hp_per_floor":[77,77,77,77,77,77,77,77,77,77,77,77,87,87,87,87,87,87,87,87,87,87,87,87,87,87,87,92,92,92],"relic_stats":{"counters":[16,63],"Pantograph":0,"PreservedInsect":133,"obtain_stats":[{"bronze:BronzeCore":0,"downfall:HeartBlessingRed":13,"downfall:HeartBlessingBlue":13,"Pantograph":22,"downfall:HeartBlessingGreen":13,"PreservedInsect":5,"The Courier":26,"aspiration:HummingbirdHeart":6,"Bag of Marbles":24,"Empty Cage":17,"DDmod:BarbedSlagRelic":25,"aspiration:FrozenJewel":23},{"bronze:BronzeCore":0,"downfall:HeartBlessingRed":9,"downfall:HeartBlessingBlue":9,"Pantograph":15,"downfall:HeartBlessingGreen":9,"PreservedInsect":3,"The Courier":15,"aspiration:HummingbirdHeart":5,"Bag of Marbles":15,"Empty Cage":12,"DDmod:BarbedSlagRelic":15,"aspiration:FrozenJewel":15},{"bronze:BronzeCore":0,"downfall:HeartBlessingRed":29,"downfall:HeartBlessingBlue":29,"Pantograph":59,"downfall:HeartBlessingGreen":29,"PreservedInsect":10,"The Courier":59,"aspiration:HummingbirdHeart":17,"Bag of Marbles":59,"Empty Cage":46,"DDmod:BarbedSlagRelic":59,"aspiration:FrozenJewel":59}]},"card_choices":[{"not_picked":["bronze:CutThrough","bronze:DelayedGuard"],"picked":"bronze:OilSpill","floor":2},{"not_picked":["bronze:Frontload","bronze:Branch"],"picked":"bronze:Optimize","floor":3},{"not_picked":["bronze:Return","bronze:Overheat"],"picked":"bronze:Philosophize","floor":4},{"not_picked":["bronze:Deprecate","bronze:CutThrough"],"picked":"bronze:BuggyMess","floor":6},{"not_picked":["bronze:Philosophize","bronze:Iterate"],"picked":"bronze:DelayedGuard","floor":8},{"not_picked":["bronze:Fortify","bronze:Iterate"],"picked":"bronze:CleanCode","floor":9},{"not_picked":["bronze:DigitalCarnage","bronze:CutThrough"],"picked":"bronze:GetLatest","floor":10},{"not_picked":["bronze:BuggyMess","bronze:BugBarrage"],"picked":"bronze:GetLatest","floor":12},{"not_picked":["bronze:FineTuning","bronze:Invalidate"],"picked":"bronze:OilSpill","floor":14},{"not_picked":["bronze:DarkDash","bronze:Turbo"],"picked":"bronze:ItsAFeature","floor":15},{"not_picked":["bronze:HardenedForm","bronze:AlphaBuild"],"picked":"bronze:Mutator","floor":16},{"not_picked":["bronze:Frontload","bronze:BugBarrage"],"picked":"bronze:OilSpill","floor":19},{"not_picked":["bronze:BronzeArmor+1","bronze:DelayedGuard+1"],"picked":"bronze:ChosenStrike+1","floor":21},{"not_picked":["bronze:Branch+1","bronze:Overheat"],"picked":"bronze:ForceShield+1","floor":22}],"player_experience":646552,"relics_obtained":[{"floor":6,"key":"aspiration:HummingbirdHeart"},{"floor":24,"key":"Bag of Marbles"},{"floor":26,"key":"The Courier"}],"event_choices":[{"damage_healed":0,"gold_gain":0,"player_choice":"Stole Relic","damage_taken":0,"relics_obtained":["aspiration:FrozenJewel"],"max_hp_gain":0,"max_hp_loss":0,"event_name":"Addict","floor":23,"gold_loss":0,"cards_obtained":["Pride"]}],"is_beta":false,"boss_relics":[{"not_picked":["Fusion Hammer","aspiration:RunicSpoon"],"picked":"Empty Cage"}],"items_purged_floors":[],"is_endless":false,"potions_floor_spawned":[5,8,9,12],"killed_by":"Gremlin Leader","ascension_level":0}}