{"host":"prbesmsd58qkujmx","time":1610980969,"event":{"mods":["2.2 Compatiblity","AchievementEnabler","BaseMod","Colored Map","DeckTracker","Highlight Path","Keyboard Shortcuts","Minty Spire (QoL Compilation)","Permanent Neow","Quick Restart","Random Character Button","StSLib","SuperFastMode","everything is the same but u backflip on backflip"],"gold_per_floor":[112,127,145,162,177,177,212,212,235,254,254,273,305,318,318,419,419,432,303,320,331,34,34,62,74,86,98,191,218,243,180,192,204,204],"floor_reached":33,"language":"KOR","playtime":1377,"items_purged":["Defend_R","Defend_R"],"score":306,"play_id":"5864c9ee-9d0f-4c1d-922c-cc0e685f69ce","local_time":"20210118234249","is_ascension_mode":false,"campfire_choices":[{"data":"Body Slam","floor":6,"key":"SMITH"},{"data":"Uppercut","floor":11,"key":"SMITH"},{"floor":15,"key":"REST"},{"data":"Armaments","floor":23,"key":"SMITH"},{"floor":32,"key":"REST"}],"circlet_count":0,"master_deck":["Strike_R","Defend_R","Defend_R","Bash","Shrug It Off","Body Slam+1","Uppercut+1","Second Wind","Headbutt","Impervious","Dual Wield","Body Slam","Sentinel","Whirlwind","Armaments+1","Demon Form","Shrug It Off","Sword Boomerang","Evolve","True Grit+1","Ghostly","Ghostly","Ghostly","Ghostly","Ghostly","Reaper"],"relics":["Burning Blood","Red Skull","Nunchaku","Boot","Empty Cage","Strawberry","MawBank","Blood Vial","Self Forming Clay"],"acts_visited":["Exordium","TheCity"],"potions_floor_usage":[7,24,24,29,30],"damage_taken":[{"damage":4,"enemies":"Small Slimes","floor":1,"turns":4},{"damage":1,"enemies":"Cultist","floor":2,"turns":4},{"damage":0,"enemies":"2 Louse","floor":3,"turns":3},{"damage":8,"enemies":"Exordium Wildlife","floor":4,"turns":5},{"damage":6,"enemies":"Blue Slaver","floor":5,"turns":5},{"damage":37,"enemies":"Lagavulin","floor":7,"turns":11},{"damage":5,"enemies":"2 Fungi Beasts","floor":10,"turns":4},{"damage":18,"enemies":"Lots of Slimes","floor":12,"turns":5},{"damage":22,"enemies":"3 Sentries","floor":13,"turns":6},{"damage":3,"enemies":"Gremlin Gang","floor":14,"turns":3},{"damage":34,"enemies":"The Guardian","floor":16,"turns":10},{"damage":10,"enemies":"3 Byrds","floor":18,"turns":5},{"damage":23,"enemies":"Spheric Guardian","floor":20,"turns":6},{"damage":36,"enemies":"Cultist and Chosen","floor":21,"turns":7},{"damage":26,"enemies":"Gremlin Leader","floor":24,"turns":5},{"damage":5,"enemies":"Snecko","floor":29,"turns":7},{"damage":18,"enemies":"Shelled Parasite and Fungi","floor":30,"turns":7},{"damage":43,"enemies":"Collector","floor":33,"turns":6}],"seed_played":"-8276040277971357951","potions_obtained":[{"floor":2,"key":"BlessingOfTheForge"},{"floor":4,"key":"Fire Potion"},{"floor":14,"key":"AttackPotion"},{"floor":18,"key":"Swift Potion"},{"floor":29,"key":"Ancient Potion"}],"is_trial":false,"path_per_floor":["M","M","M","M","M","R","E","?","T","M","R","M","E","M","R","B",null,"M","$","M","M","$","R","E","?","T","?","T","M","M","?","R","B"],"character_chosen":"IRONCLAD","items_purchased":["Shrug It Off","Strawberry","Evolve"],"campfire_rested":2,"item_purchase_floors":[19,22,22],"current_hp_per_floor":[80,80,80,78,78,78,47,47,47,48,48,36,20,23,47,19,80,76,76,59,29,36,36,16,16,16,16,16,19,9,9,21,0,0],"gold":204,"neow_bonus":"THREE_CARDS","is_daily":false,"chose_seed":false,"campfire_upgraded":3,"win_rate":0.0,"timestamp":1610980969,"path_taken":["M","M","M","M","M","R","E","?","T","M","R","M","E","M","R","BOSS","M","?","M","M","$","R","E","?","T","?","?","M","?","?","R","BOSS"],"items_purchased_type":["Card","Relic","Card"],"build_version":"2020-12-22","purchased_purges":2,"victory":false,"max_hp_per_floor":[80,80,80,80,80,80,80,80,80,80,80,80,80,80,80,80,80,80,80,80,80,87,87,87,43,43,43,43,43,43,43,43,43,43],"card_choices":[{"not_picked":["Twin Strike","Evolve"],"picked":"Shrug It Off","floor":0},{"not_picked":["Shrug It Off","Thunderclap"],"picked":"Body Slam","floor":1},{"not_picked":["Headbutt","Clothesline"],"picked":"Uppercut","floor":2},{"not_picked":["Perfected Strike","Iron Wave"],"picked":"Second Wind","floor":3},{"not_picked":["Flex","Pommel Strike"],"picked":"Headbutt","floor":4},{"not_picked":["Flex","Shrug It Off"],"picked":"Impervious","floor":5},{"not_picked":["True Grit","Thunderclap"],"picked":"Dual Wield","floor":7},{"not_picked":["Pummel","Sword Boomerang"],"picked":"Sentinel","floor":10},{"not_picked":["Flex","Uppercut","Perfected Strike"],"picked":"SKIP","floor":12},{"not_picked":["Cleave","Fiend Fire"],"picked":"Whirlwind","floor":13},{"not_picked":["Clothesline","Body Slam"],"picked":"Armaments","floor":14},{"not_picked":["Corruption","Juggernaut"],"picked":"Demon Form","floor":16},{"not_picked":["Anger","Combust","Perfected Strike+1"],"picked":"SKIP","floor":18},{"not_picked":["Ghostly Armor","Searing Blow"],"picked":"Sword Boomerang","floor":20},{"not_picked":["Flame Barrier","Cleave","Havoc"],"picked":"SKIP","floor":21},{"not_picked":["Anger","Cleave"],"picked":"True Grit+1","floor":24},{"not_picked":["Perfected Strike","Sever Soul+1","Inflame"],"picked":"SKIP","floor":29},{"not_picked":["Inflame","Wild Strike","Body Slam"],"picked":"SKIP","floor":30}],"player_experience":105934,"relics_obtained":[{"floor":7,"key":"Red Skull"},{"floor":9,"key":"Nunchaku"},{"floor":13,"key":"Boot"},{"floor":24,"key":"MawBank"},{"floor":26,"key":"Blood Vial"},{"floor":28,"key":"Self Forming Clay"}],"event_choices":[{"damage_healed":0,"gold_gain":0,"cards_transformed":["Strike_R"],"player_choice":"Transformed","damage_taken":0,"max_hp_gain":0,"max_hp_loss":0,"event_name":"Transmorgrifier","floor":8,"gold_loss":0,"cards_obtained":["Body Slam"]},{"damage_healed":0,"gold_gain":0,"player_choice":"Became a Ghost","damage_taken":0,"max_hp_gain":0,"max_hp_loss":44,"event_name":"Ghosts","floor":25,"gold_loss":0,"cards_obtained":["Ghostly","Ghostly","Ghostly","Ghostly","Ghostly"]},{"damage_healed":0,"gold_gain":0,"player_choice":"Read","damage_taken":0,"max_hp_gain":0,"max_hp_loss":0,"event_name":"The Library","floor":27,"gold_loss":0,"cards_obtained":["Reaper"]},{"cards_removed":["Strike_R"],"damage_healed":0,"gold_gain":0,"player_choice":"Gave Gold","damage_taken":0,"max_hp_gain":0,"max_hp_loss":0,"event_name":"Beggar","floor":31,"gold_loss":75}],"is_beta":false,"boss_relics":[{"not_picked":["Busted Crown","Cursed Key"],"picked":"Empty Cage"}],"items_purged_floors":[19,22],"is_endless":false,"potions_floor_spawned":[2,4,14,18,21,29],"killed_by":"Collector","ascension_level":0}}