{"host":"4so6zk3ni2nu7g2c","time":1610975525,"event":{"mods":["Act Like it!","BaseMod","Gensokyo","Marisa£®ÏF”Í°°ƒß¿Ì…≥£©","Minty Spire (QoL Compilation)","Prisma Mod","Quick Restart","Reimu£®≤©¿ˆ¡È√Œ£©","Remilia£®¿Ÿ√◊¿Ú—«£©","Replay The Spire","Shop Mod","StSLib"],"gold_per_floor":[311,13,13,30,41,66,66,77,102,122,432,510,543,582,698,698,712,481,99,133,133,133,463,712,760,808,851,895,915,312,312,461,461,496,496,496,13,30,78,78,135,135,396,409,117,117,117,117,117,117,117,117,152,152],"floor_reached":55,"language":"ZHS","playtime":3272,"items_purged":["Defend_MRS","Strike_MRS"],"score":1627,"play_id":"a701a86c-de37-412a-b257-e3824ae25220","local_time":"20210118211205","is_ascension_mode":true,"campfire_choices":[{"data":"MasterSpark","floor":7.0,"key":"SMITH"},{"data":"MagicChant","floor":22,"key":"SMITH"},{"floor":31,"key":"RECALL"},{"data":"CollectingQuirk","floor":40,"key":"SMITH"},{"floor":48,"key":"DIG"},{"data":"CollectingQuirk","floor":51,"key":"SMITH"}],"circlet_count":0,"master_deck":["Strike_MRS","Strike_MRS","Strike_MRS","Defend_MRS","Defend_MRS","Defend_MRS","MasterSpark+1","UpSweep","6A","RefractionSpark+1","Parasite","Parasite","ChargeUpSpray","WitchLeyline","GravityBeat","Robbery","FairyDestructionRay","MaximisePower+1","MagicChant+1","MagicAbsorber","OortCloud","StarlightTyphoon","MachineGunSpark","WitchLeyline+1","OortCloud+1","CollectingQuirk+1","Clumsy","Spreading Infection","Gensokyo:AllTheWorldsEvil","PowerUp+1","WitchLeyline+1","EarthLightRay+1","LuminesStrike","CollectingQuirk+1"],"relics":["MiniHakkero","HandDrill","ShroomBag","ReplayFunnel","Ice Cream","Nunchaku","Replay:Ringing Soul","ScarletDevilRocket","Runic Pyramid","Guide Book","Medical Kit","SimpleLauncher","Akabeko","ReplayTheSpireMod:TigerMarble","Lantern","TungstenRod","Bottled Tornado","Mercury Hourglass","Replay:Ancient Bell","Vajra","HandmadeGrimoire","Incense Burner","Counterbalance","ClockworkSouvenir","Chemical X","Replay:Bottled Snecko","StrikeDummy","PreservedInsect","Omamori","Sling","Gremlin Horn","SproutingBranch","Onion Ring"],"acts_visited":["Gensokyo:Gensokyo","Gensokyo:Gensokyoer","Gensokyo:Gensokyoest","TheEnding"],"potions_floor_usage":[32],"damage_taken":[{"damage":1.0,"enemies":"Gensokyo:Python","floor":1.0,"turns":3.0},{"damage":14.0,"enemies":"Gensokyo:3_Fairies","floor":4.0,"turns":7.0},{"damage":11.0,"enemies":"Gensokyo:2_Kodama","floor":5.0,"turns":3.0},{"damage":26.0,"enemies":"Gensokyo:Aya","floor":6.0,"turns":4.0},{"damage":0.0,"enemies":"Gensokyo:LivingMonolith","floor":8.0,"turns":3.0},{"damage":5.0,"enemies":"Gensokyo:CorruptedTreant","floor":10.0,"turns":2.0},{"damage":13.0,"enemies":"Gensokyo:3_Kodama","floor":11.0,"turns":6.0},{"damage":4.0,"enemies":"Gensokyo:VengefulSpirit","floor":13.0,"turns":3.0},{"damage":3.0,"enemies":"Gensokyo:Mamizou","floor":14.0,"turns":12.0},{"damage":4,"enemies":"Gensokyo:Reimu","floor":15,"turns":9},{"damage":0,"enemies":"Gensokyo:CosmicMonolith","floor":17,"turns":4},{"damage":14,"enemies":"Gensokyo:2_Gloops","floor":20,"turns":5},{"damage":0,"enemies":"Gensokyo:Reisen","floor":23,"turns":4},{"damage":11,"enemies":"Gensokyo:Slime_Group","floor":24,"turns":3},{"damage":26,"enemies":"Gensokyo:Tenshi","floor":26,"turns":7},{"damage":11,"enemies":"Gensokyo:Swordslinger","floor":27,"turns":2},{"damage":6,"enemies":"Gensokyo:Monolith_and_Dog","floor":28,"turns":3},{"damage":0,"enemies":"Gensokyo:Slime_Group","floor":29,"turns":3},{"damage":2,"enemies":"Gensokyo:Kaguya","floor":32,"turns":5},{"damage":0,"enemies":"Gensokyo:3_Bats","floor":34,"turns":1},{"damage":0,"enemies":"Gensokyo:3_Boulders","floor":38,"turns":3},{"damage":15,"enemies":"Gensokyo:Marisa","floor":39,"turns":4},{"damage":3,"enemies":"Gensokyo:Kasen","floor":41,"turns":6},{"damage":14,"enemies":"Gensokyo:Marisa","floor":43,"turns":5},{"damage":0,"enemies":"Gensokyo:Dusk_and_Dawn","floor":44,"turns":2},{"damage":0,"enemies":"Gensokyo:Yuyuko","floor":49,"turns":3},{"damage":0,"enemies":"Shield and Spear","floor":53,"turns":1},{"damage":39,"enemies":"The Heart","floor":54,"turns":6}],"seed_played":"3948588202709584664","potions_obtained":[{"floor":5.0,"key":"FearPotion"},{"floor":8.0,"key":"Dexterity Potion"},{"floor":10.0,"key":"ShroomBrew"},{"floor":11.0,"key":"ZuzhouPotion:ReiMu"},{"floor":15,"key":"LiquidBronze"},{"floor":26,"key":"Dexterity Potion"},{"floor":28,"key":"EssenceOfSteel"},{"floor":39,"key":"BottledSpark"}],"is_trial":false,"path_per_floor":["M","COS","$","M","M","E","R","M","T","M","M","T","M","E","B",null,"M","$","COS","M","?","R","E","M","T","E","M","M","M","$","R","B",null,"M","?","?","COS","M","E","R","E","T","E","M","$","?","?","R","B",null,"R","$","E","B",null],"character_chosen":"MARISA","items_purchased":["Guide Book","Bottled Tornado","Mercury Hourglass","Sling","CollectingQuirk"],"campfire_rested":0,"item_purchase_floors":[18,30,30,45,45],"current_hp_per_floor":[74,74,74,60,49,27,27,29,29,26,17,17,20,21,24,81,84,84,87,78,81,81,86,79,79,60,49,50,55,55,55,60,111,114,70,54,57,59,51,51,53,53,50,50,53,53,53,53,53,129,129,129,129,102],"gold":152,"neow_bonus":"RANDOM_EVENT","is_daily":false,"chose_seed":false,"campfire_upgraded":4,"win_rate":0.0,"timestamp":1610975525,"path_taken":["M","COS","?","M","M","E","R","M","T","?","M","?","M","E","BOSS","M","?","COS","M","?","R","E","M","T","E","M","M","M","$","R","BOSS","M","?","?","COS","M","E","R","E","T","E","?","$","?","?","R","BOSS","R","$","E","BOSS"],"items_purchased_type":["Relic","Relic","Relic","Relic","Card"],"build_version":"2020-12-22","purchased_purges":2,"victory":true,"max_hp_per_floor":[75,75,75,75,75,75,75,75,75,75,75,75,78,78,81,81,84,84,87,90,93,93,96,96,96,99,99,102,105,105,105,108,111,114,114,114,117,117,120,120,123,123,126,126,129,129,129,129,129,129,129,129,129,129],"card_choices":[{"not_picked":["NonDirectionalLaser","DarkMatter"],"picked":"6A","floor":0.0},{"not_picked":["EnergyRecoil","Orbital","IllusionStar"],"picked":"SKIP","floor":1.0},{"not_picked":["DoubleSpark","WitchLeyline"],"picked":"RefractionSpark","floor":4.0},{"not_picked":["EnergyRecoil","MysteriousBeam"],"picked":"ChargeUpSpray","floor":5.0},{"not_picked":["MilkyWay","MeteoricShower"],"picked":"WitchLeyline","floor":6.0},{"not_picked":["DoubleSpark","GasGiant","ShootingEcho"],"picked":"SKIP","floor":8.0},{"not_picked":["EnergyFlow","PowerUp"],"picked":"GravityBeat","floor":10.0},{"not_picked":["AsteroidBelt","MysteriousBeam"],"picked":"Robbery","floor":11.0},{"not_picked":["DC","Singularity"],"picked":"FairyDestructionRay","floor":13.0},{"not_picked":["BigCrunch","BinaryStars"],"picked":"MaximisePower","floor":15},{"not_picked":["FairyDestructionRay","ChargingUp"],"picked":"MagicChant","floor":17},{"not_picked":["WitchOfGreed","PropBag"],"picked":"MagicAbsorber","floor":20},{"not_picked":["WitchOfGreed","DarkSpark"],"picked":"StarlightTyphoon","floor":23},{"not_picked":["MagicAbsorber","FairyDestructionRay","GalacticHalo"],"picked":"SKIP","floor":24},{"not_picked":["IllusionStar+1","6A"],"picked":"MachineGunSpark","floor":26},{"not_picked":["DeepEcoloBomb","GravityBeat","DragonMeteor"],"picked":"SKIP","floor":27},{"not_picked":["WitchLeyline+1","6A","SprinkleStarSeal"],"picked":"SKIP","floor":28},{"not_picked":["6A","SprinkleStarSeal"],"picked":"WitchLeyline+1","floor":28},{"not_picked":["Occultation+1","LuminesStrike"],"picked":"OortCloud+1","floor":29},{"not_picked":["BigCrunch","AbsoluteMagnitude"],"picked":"CollectingQuirk","floor":32},{"not_picked":["Gensokyo:AllTheWorldsEvil","ReplayTheSpireMod:Faulty Equipment"],"picked":"Clumsy","floor":33},{"not_picked":["Regret","AbeCurse"],"picked":"Spreading Infection","floor":33},{"not_picked":["AbeCurse","ReplayTheSpireMod:Restless Dread"],"picked":"Gensokyo:AllTheWorldsEvil","floor":33},{"not_picked":["MysteriousBeam+1","NonDirectionalLaser"],"picked":"PowerUp+1","floor":34},{"not_picked":["GravityBeat","DC","DragonMeteor"],"picked":"SKIP","floor":38},{"not_picked":["MysteriousBeam+1","DoubleSpark+1"],"picked":"WitchLeyline+1","floor":39},{"not_picked":["AsteroidBelt+1","EnergyRecoil+1"],"picked":"EarthLightRay+1","floor":41},{"not_picked":["SuperPerseids","IllusionStar"],"picked":"LuminesStrike","floor":43},{"not_picked":["GrandCross","UnstableBomb+1","Acceleration"],"picked":"SKIP","floor":44},{"not_picked":["BigCrunch","PowerUp","Acceleration"],"picked":"SKIP","floor":53}],"player_experience":403595,"relics_obtained":[{"floor":6.0,"key":"ReplayFunnel"},{"floor":9.0,"key":"Nunchaku"},{"floor":12.0,"key":"Replay:Ringing Soul"},{"floor":14.0,"key":"ScarletDevilRocket"},{"floor":23,"key":"Akabeko"},{"floor":25,"key":"Lantern"},{"floor":26,"key":"TungstenRod"},{"floor":39,"key":"Replay:Bottled Snecko"},{"floor":41,"key":"StrikeDummy"},{"floor":43,"key":"Omamori"},{"floor":48,"key":"Gremlin Horn"},{"floor":53,"key":"Onion Ring"}],"event_choices":[],"is_beta":false,"boss_relics":[{"not_picked":["Honey Jar","Empty Cage"],"picked":"Runic Pyramid"},{"not_picked":["ExperimentalFamiliar","Velvet Choker"],"picked":"Replay:Ancient Bell"},{"not_picked":["Centennial Puzzle","Grinning Jar"],"picked":"Vajra"},{"not_picked":["Chameleon Ring","Eternal Feather"],"picked":"HandmadeGrimoire"},{"not_picked":["Durian","Pocketwatch"],"picked":"Incense Burner"}],"items_purged_floors":[18,30],"is_endless":false,"potions_floor_spawned":[5,8,10,11,15,23,26,27,28,39,41,43],"ascension_level":1}}