{"host":"fmwbmnqnrup981we","time":1610931496,"event":{"mods":["AchievementEnabler","Act Like it!","Alarm Clock","BaseMod","Better Altar","Better Match","Better Note","Better Skull","Better Synergies","Better Third Choice","Better Vampires","Block Reminder","Curses Come First","Displayed Cursed Tome","Downfall","Duelist Mod","Ekko","Elementarium","GungeonMod","HexUI Lib","HornydragonMod","Kratos Character Expansion","Marked Mod","Minty Spire (QoL Compilation)","Pikachu Mod","Poor People Problems","Quick Restart","Relic Stats","SIMod","StSLib","The Bug Knight","The Death Knight","The Forsaken","The Marked","The Necromancer","The Runesmith","The Servant 0.9.4","The Wild Card","TheHero","TheVacant","TheVelvet","Thieving Mod","Transform Curses","Waifu the Spire","Yuri Mod","everything is the same but u backflip on backflip"],"gold_per_floor":[113,113,0,0,0,0,0],"floor_reached":6,"language":"ENG","playtime":261,"items_purged":["Eruption"],"score":34,"play_id":"dcf69861-4be7-465e-b3c0-f1e93fc2e25f","local_time":"20210118005816","is_ascension_mode":true,"campfire_choices":[],"circlet_count":0,"master_deck":["Strike_P","Strike_P","Strike_P","Defend_P","Defend_P","Defend_P","Vigilance","TalkToTheHand"],"relics":["PureWater","theForsaken:Gavel","Golden Idol","KratosMod:chalice","Empty Cage"],"acts_visited":["Exordium"],"potions_floor_usage":[],"damage_taken":[{"damage":15,"enemies":"Jaw Worm","floor":1,"turns":5},{"damage":53,"enemies":"3 Sentries","floor":6,"turns":12}],"seed_played":"3746729437415000113","potions_obtained":[],"is_trial":false,"path_per_floor":["M","?","$","?","?","E"],"character_chosen":"WATCHER","items_purchased":["TalkToTheHand"],"campfire_rested":0,"item_purchase_floors":[3],"current_hp_per_floor":[57,50,50,50,50,0,0],"gold":0,"neow_bonus":"REMOVE_CARD","is_daily":false,"chose_seed":false,"campfire_upgraded":0,"win_rate":0.0,"timestamp":1610931496,"path_taken":["M","?","$","?","?","E"],"items_purchased_type":["Card"],"build_version":"2020-12-22","purchased_purges":1,"victory":false,"max_hp_per_floor":[72,72,72,72,72,72,72],"relic_stats":{"counters":[2,17],"Golden Idol":0,"obtain_stats":[{"KratosMod:chalice":5,"Golden Idol":4,"PureWater":0,"theForsaken:Gavel":2,"Empty Cage":5},{"KratosMod:chalice":1,"Golden Idol":1,"PureWater":0,"theForsaken:Gavel":1,"Empty Cage":1},{"KratosMod:chalice":5,"Golden Idol":5,"PureWater":0,"theForsaken:Gavel":5,"Empty Cage":5}]},"card_choices":[{"not_picked":["SashWhip","FlyingSleeves","Meditate"],"picked":"SKIP","floor":1}],"player_experience":454182,"relics_obtained":[],"event_choices":[{"damage_healed":0,"gold_gain":0,"player_choice":"Relic ","damage_taken":7,"max_hp_gain":0,"max_hp_loss":0,"event_name":"betterThird:BetterScrap","floor":2,"gold_loss":0,"cards_obtained":["Skewer"]},{"damage_healed":0,"gold_gain":0,"player_choice":"Take Wound","damage_taken":0,"relics_obtained":["Golden Idol"],"max_hp_gain":0,"max_hp_loss":0,"event_name":"Golden Idol","floor":4,"gold_loss":0,"cards_obtained":["Injury"]}],"is_beta":false,"boss_relics":[],"items_purged_floors":[3],"is_endless":false,"potions_floor_spawned":[],"killed_by":"3 Sentries","ascension_level":1}}