{"host":"qxeepl7ydvsgmfdb","time":1610978242,"event":{"mods":["AchievementEnabler","BaseMod","Colored Powertips","Minty Spire (QoL Compilation)","Quick Restart","slay the spire mod where everything is the same but ironclad has a cowboy hat"],"gold_per_floor":[115,132,132,144,156,195,207,253,316,328,328],"floor_reached":10,"language":"ENG","playtime":442,"items_purged":[],"score":144,"play_id":"4ef437e9-111a-4a36-a5d3-23542cfa033e","local_time":"20210118085722","is_ascension_mode":true,"campfire_choices":[],"circlet_count":0,"master_deck":["Strike_G","Strike_G","Strike_G","Strike_G","Strike_G","Defend_G","Defend_G","Defend_G","Defend_G","Defend_G","Survivor","Neutralize","Deadly Poison","Dagger Spray","Slice"],"relics":["Ring of the Snake","NeowsBlessing","MawBank","Matryoshka","Paper Crane","Bag of Marbles","MealTicket"],"acts_visited":["Exordium"],"potions_floor_usage":[8,10],"damage_taken":[{"damage":0,"enemies":"Small Slimes","floor":1,"turns":1},{"damage":0,"enemies":"Jaw Worm","floor":2,"turns":1},{"damage":0,"enemies":"Gremlin Nob","floor":6,"turns":1},{"damage":38,"enemies":"Lagavulin","floor":8,"turns":8},{"damage":22,"enemies":"3 Sentries","floor":10,"turns":5}],"seed_played":"-1479217524127799830","potions_obtained":[{"floor":1,"key":"Block Potion"},{"floor":2,"key":"SteroidPotion"},{"floor":8,"key":"Ancient Potion"}],"is_trial":false,"path_per_floor":["M","M","?","?","$","E","$","E","T","E"],"character_chosen":"THE_SILENT","items_purchased":[],"campfire_rested":0,"item_purchase_floors":[],"current_hp_per_floor":[63,63,63,56,56,56,56,18,18,0,0],"gold":328,"neow_bonus":"THREE_ENEMY_KILL","is_daily":false,"chose_seed":false,"campfire_upgraded":0,"win_rate":0.0,"timestamp":1610978242,"path_taken":["M","M","?","?","$","E","?","E","T","E"],"items_purchased_type":[],"build_version":"2020-12-22","purchased_purges":0,"victory":false,"max_hp_per_floor":[70,70,70,70,70,70,70,70,70,70,70],"card_choices":[{"not_picked":["Footwork","All Out Attack"],"picked":"Deadly Poison","floor":1},{"not_picked":["Slice","Noxious Fumes"],"picked":"Dagger Spray","floor":2},{"not_picked":["Bullet Time","Well Laid Plans"],"picked":"Slice","floor":6},{"not_picked":["Skewer","Calculated Gamble","Bane"],"picked":"SKIP","floor":8}],"player_experience":170199,"relics_obtained":[{"floor":6,"key":"Matryoshka"},{"floor":8,"key":"Paper Crane"},{"floor":9,"key":"Bag of Marbles"},{"floor":9,"key":"MealTicket"}],"event_choices":[{"damage_healed":0,"gold_gain":0,"player_choice":"Box","damage_taken":0,"relics_obtained":["MawBank"],"max_hp_gain":0,"max_hp_loss":0,"event_name":"Big Fish","floor":3,"gold_loss":0,"cards_obtained":["Regret"]},{"cards_removed":["Regret"],"damage_healed":0,"gold_gain":0,"player_choice":"Card Removal","damage_taken":7,"max_hp_gain":0,"max_hp_loss":0,"event_name":"Golden Wing","floor":4,"gold_loss":0}],"is_beta":false,"boss_relics":[],"items_purged_floors":[],"is_endless":false,"potions_floor_spawned":[1,2,8],"killed_by":"3 Sentries","ascension_level":9}}