{"host":"q50ttuv713gicbhz","time":1610991199,"event":{"mods":["AchievementEnabler","BaseMod","Bestiary","Minty Spire (QoL Compilation)"],"gold_per_floor":[109,121,140,90,103,128,148,163,163,188,188,207,132,148,148,247,297,310,310,310,330,346,346,360,360,386,396,411,411,423,73,73,172,172,192,210,160,160,178,178,213,232,258,276,0,18,18,38,38,38],"floor_reached":51,"language":"ENG","playtime":4684,"items_purged":["Strike_G","Strike_G","Strike_G"],"score":674,"play_id":"be114419-2988-49ad-8034-103ba4537bb1","local_time":"20210118193319","is_ascension_mode":false,"campfire_choices":[{"data":"Bouncing Flask","floor":11.0,"key":"SMITH"},{"floor":15.0,"key":"REST"},{"data":"Eviscerate","floor":23.0,"key":"SMITH"},{"data":"Backflip","floor":25.0,"key":"SMITH"},{"data":"Tools of the Trade","floor":29.0,"key":"SMITH"},{"floor":32.0,"key":"REST"},{"data":"Adrenaline","floor":40,"key":"SMITH"},{"floor":49,"key":"REST"}],"circlet_count":0,"master_deck":["Strike_G+1","Strike_G","Defend_G","Defend_G","Defend_G+1","Defend_G+1","Survivor","Neutralize","Sucker Punch+1","Riddle With Holes+1","Quick Slash","Bouncing Flask+1","PiercingWail","Backflip+1","Eviscerate+1","Dagger Throw","Tools of the Trade+1","Acrobatics","Underhanded Strike","Blur","Backstab+1","Expertise+1","Reflex","Backflip","Adrenaline+1","Well Laid Plans","Backflip+1","Terror","Tactician","Burst"],"relics":["Ring of the Snake","Omamori","War Paint","Happy Flower","Tiny House","Necronomicon","White Beast Statue","Smiling Mask","Whetstone","TwistedFunnel","Centennial Puzzle","Potion Belt","Red Mask"],"acts_visited":["Exordium","TheCity","TheBeyond"],"potions_floor_usage":[39,41,46,46,50,50,50],"damage_taken":[{"damage":4.0,"enemies":"2 Louse","floor":1.0,"turns":5.0},{"damage":0.0,"enemies":"Jaw Worm","floor":2.0,"turns":4.0},{"damage":0.0,"enemies":"Cultist","floor":3.0,"turns":4.0},{"damage":14.0,"enemies":"Gremlin Gang","floor":5.0,"turns":7.0},{"damage":24.0,"enemies":"Gremlin Nob","floor":6.0,"turns":4.0},{"damage":11.0,"enemies":"Looter","floor":7.0,"turns":3.0},{"damage":3.0,"enemies":"Lots of Slimes","floor":8.0,"turns":6.0},{"damage":6.0,"enemies":"Lagavulin","floor":10.0,"turns":6.0},{"damage":1.0,"enemies":"Exordium Wildlife","floor":12.0,"turns":3.0},{"damage":3.0,"enemies":"3 Louse","floor":14.0,"turns":3.0},{"damage":29.0,"enemies":"The Guardian","floor":16.0,"turns":10.0},{"damage":12.0,"enemies":"Shell Parasite","floor":18.0,"turns":5.0},{"damage":0.0,"enemies":"3 Byrds","floor":21.0,"turns":4.0},{"damage":15.0,"enemies":"Snake Plant","floor":22.0,"turns":3.0},{"damage":21.0,"enemies":"Shelled Parasite and Fungi","floor":24.0,"turns":4.0},{"damage":0.0,"enemies":"Chosen and Byrds","floor":27.0,"turns":6.0},{"damage":1.0,"enemies":"Cultist and Chosen","floor":28.0,"turns":6.0},{"damage":0.0,"enemies":"Snecko","floor":30.0,"turns":3.0},{"damage":48.0,"enemies":"Champ","floor":33.0,"turns":12.0},{"damage":0.0,"enemies":"3 Shapes","floor":35.0,"turns":4.0},{"damage":11,"enemies":"Orb Walker","floor":36,"turns":4},{"damage":0,"enemies":"3 Darklings","floor":39,"turns":4},{"damage":0,"enemies":"Nemesis","floor":41,"turns":5},{"damage":13,"enemies":"Sphere and 2 Shapes","floor":42,"turns":5},{"damage":14,"enemies":"Spire Growth","floor":44,"turns":4},{"damage":29,"enemies":"Transient","floor":46,"turns":5},{"damage":14,"enemies":"Writhing Mass","floor":48,"turns":6},{"damage":42,"enemies":"Awakened One","floor":50,"turns":14}],"seed_played":"5578318624463144033","potions_obtained":[{"floor":3.0,"key":"EntropicBrew"},{"floor":5.0,"key":"Swift Potion"},{"floor":6.0,"key":"Weak Potion"},{"floor":8.0,"key":"ColorlessPotion"},{"floor":16.0,"key":"Poison Potion"},{"floor":21.0,"key":"SmokeBomb"},{"floor":22.0,"key":"GamblersBrew"},{"floor":27.0,"key":"Regen Potion"},{"floor":28.0,"key":"SpeedPotion"},{"floor":30.0,"key":"LiquidMemories"},{"floor":33.0,"key":"LiquidBronze"},{"floor":36,"key":"SteroidPotion"},{"floor":39,"key":"SkillPotion"},{"floor":41,"key":"SneckoOil"},{"floor":42,"key":"CultistPotion"},{"floor":44,"key":"SkillPotion"},{"floor":46,"key":"CunningPotion"},{"floor":48,"key":"FairyPotion"}],"is_trial":false,"path_per_floor":["M","M","M","?","M","E","M","M","T","E","R","M","$","M","R","B",null,"M","?","T","M","M","R","M","R","T","M","M","R","M","$","R","B",null,"M","M","$","?","M","R","E","M","T","M","?","M","?","M","R","B",null],"character_chosen":"THE_SILENT","items_purchased":["Whetstone","TwistedFunnel"],"campfire_rested":3,"item_purchase_floors":[31,31],"current_hp_per_floor":[73,73,73,73,59,35,24,21,21,15,15,14,14,11,34,5,82,70,54,54,54,39,39,18,18,18,18,32,32,32,32,56,8,82,82,71,71,71,71,71,71,58,58,44,44,15,15,1,25,7],"gold":38,"neow_bonus":"TEN_PERCENT_HP_BONUS","is_daily":false,"chose_seed":false,"campfire_upgraded":5,"win_rate":0.0,"timestamp":1610991199,"path_taken":["M","M","M","?","M","E","M","M","T","E","R","M","$","M","R","BOSS","M","?","?","M","M","R","?","R","T","M","M","R","M","$","R","BOSS","M","?","$","?","M","R","E","M","T","?","?","M","?","M","R","BOSS"],"items_purchased_type":["Relic","Relic"],"build_version":"2020-12-22","purchased_purges":3,"victory":true,"max_hp_per_floor":[77,77,77,77,77,77,77,77,77,77,77,77,77,77,77,77,82,82,82,82,82,82,82,82,82,82,82,82,82,82,82,82,82,82,82,82,82,82,82,82,82,82,82,82,82,82,82,82,82,82],"card_choices":[{"not_picked":["Prepared","Deflect"],"picked":"Sucker Punch","floor":1.0},{"not_picked":["Expertise","Quick Slash"],"picked":"Riddle With Holes","floor":2.0},{"not_picked":["Riddle With Holes","Catalyst"],"picked":"Quick Slash","floor":3.0},{"not_picked":["Acrobatics","Underhanded Strike"],"picked":"Bouncing Flask","floor":5.0},{"not_picked":["Calculated Gamble","Night Terror"],"picked":"PiercingWail","floor":6.0},{"not_picked":["Dodge and Roll","Quick Slash"],"picked":"Backflip","floor":7.0},{"not_picked":["Predator","Sucker Punch"],"picked":"Eviscerate","floor":8.0},{"not_picked":["Sucker Punch","Burst"],"picked":"Dagger Throw","floor":10.0},{"not_picked":["Slice","Noxious Fumes","Poisoned Stab"],"picked":"SKIP","floor":12.0},{"not_picked":["Bane","PiercingWail","Dagger Spray"],"picked":"SKIP","floor":14.0},{"not_picked":["Die Die Die","Envenom"],"picked":"Tools of the Trade","floor":16.0},{"not_picked":["Heel Hook","Escape Plan"],"picked":"Acrobatics","floor":18.0},{"not_picked":["Escape Plan","PiercingWail"],"picked":"Underhanded Strike","floor":21.0},{"not_picked":["Blade Dance","All Out Attack+1"],"picked":"Blur","floor":22.0},{"not_picked":["Escape Plan","Heel Hook"],"picked":"Backstab+1","floor":24.0},{"not_picked":["All Out Attack","Dodge and Roll"],"picked":"Expertise+1","floor":27.0},{"not_picked":["Catalyst+1","Poisoned Stab+1"],"picked":"Reflex","floor":28.0},{"not_picked":["Finisher+1","Acrobatics"],"picked":"Backflip","floor":30.0},{"not_picked":["Envenom","Phantasmal Killer"],"picked":"Adrenaline","floor":33.0},{"not_picked":["Flying Knee+1","Noxious Fumes+1"],"picked":"Well Laid Plans","floor":35},{"not_picked":["Slice+1","Dagger Throw","Eviscerate"],"picked":"SKIP","floor":36},{"not_picked":["Backstab","Outmaneuver"],"picked":"Backflip+1","floor":39},{"not_picked":["Deadly Poison","Quick Slash"],"picked":"Terror","floor":41},{"not_picked":["Flying Knee","Blur+1","Dodge and Roll+1"],"picked":"SKIP","floor":42},{"not_picked":["Dagger Spray","Dagger Throw+1"],"picked":"Tactician","floor":44},{"not_picked":["Blade Dance","Endless Agony","Quick Slash"],"picked":"SKIP","floor":46},{"not_picked":["Calculated Gamble","Prepared+1"],"picked":"Burst","floor":48}],"player_experience":99922,"relics_obtained":[{"floor":6.0,"key":"Omamori"},{"floor":9.0,"key":"War Paint"},{"floor":10.0,"key":"Happy Flower"},{"floor":19.0,"key":"Necronomicon"},{"floor":20.0,"key":"White Beast Statue"},{"floor":26.0,"key":"Smiling Mask"},{"floor":41,"key":"Centennial Puzzle"},{"floor":43,"key":"Potion Belt"}],"event_choices":[{"cards_removed":["Defend_G"],"damage_healed":0.0,"max_hp_gain":0.0,"max_hp_loss":0.0,"gold_gain":0.0,"event_name":"The Cleric","player_choice":"Card Removal","floor":4.0,"gold_loss":50.0,"damage_taken":0.0},{"damage_healed":0.0,"max_hp_gain":0.0,"max_hp_loss":0.0,"gold_gain":0.0,"event_name":"Cursed Tome","player_choice":"Obtained Book","floor":19.0,"gold_loss":0.0,"damage_taken":16.0},{"damage_healed":0,"gold_gain":0,"player_choice":"Ignored","damage_taken":0,"max_hp_gain":0,"max_hp_loss":0,"event_name":"SecretPortal","floor":38,"gold_loss":0},{"damage_healed":0,"gold_gain":0,"player_choice":"Paid","damage_taken":0,"relics_obtained":["Red Mask"],"max_hp_gain":0,"max_hp_loss":0,"event_name":"Tomb of Lord Red Mask","floor":45,"gold_loss":276},{"damage_healed":0,"gold_gain":0,"player_choice":"Ignored","damage_taken":0,"max_hp_gain":0,"max_hp_loss":0,"event_name":"Transmorgrifier","floor":47,"gold_loss":0}],"is_beta":false,"boss_relics":[{"not_picked":["Ectoplasm","SacredBark"],"picked":"Tiny House"},{"not_picked":["Runic Pyramid","Runic Dome","Snecko Eye"]}],"items_purged_floors":[13,31,37],"is_endless":false,"potions_floor_spawned":[3,5,6,8,12,16,18,21,22,24,27,28,30,33,35,36,39,41,42,44,46,48],"ascension_level":0}}