{"host":"yuoancq4cku3x8wq","time":1610990192,"event":{"mods":["AchievementEnabler","BaseMod","Minty Spire (QoL Compilation)","Quick Restart","StSLib","SuperFastMode"],"gold_per_floor":[110,124,124,124,142,142,183,206,229,75,75,109,128,128,128,219,219,238,238,238,438,17,17,35,50,50,81,106,125,125,125],"floor_reached":30,"language":"ZHS","playtime":882,"items_purged":["Strike_R","Thunderclap+1"],"score":595,"play_id":"02ff242e-57a0-43bf-bd34-e54e354406fb","local_time":"20210119011632","is_ascension_mode":true,"campfire_choices":[{"data":"Armaments","floor":6.0,"key":"SMITH"},{"data":"Sword Boomerang","floor":11.0,"key":"SMITH"},{"data":"Evolve","floor":15.0,"key":"SMITH"},{"data":"Limit Break","floor":23.0,"key":"SMITH"}],"circlet_count":0,"master_deck":["AscendersBane","Defend_R","Defend_R","Defend_R","Defend_R","Bash","Sword Boomerang+1","Inflame+1","Armaments+1","Pommel Strike","Feel No Pain","Evolve+1","True Grit+1","Reaper+1","Pummel+1","Ghostly","Ghostly+1","Ghostly+1","Limit Break+1","Feel No Pain","Feel No Pain","Disarm","Feel No Pain"],"relics":["Burning Blood","NeowsBlessing","Golden Idol","Bag of Preparation","Pen Nib","Anchor","Astrolabe","Orrery","War Paint","Boot"],"acts_visited":["Exordium","TheCity"],"potions_floor_usage":[],"damage_taken":[{"damage":0.0,"enemies":"Cultist","floor":1.0,"turns":1.0},{"damage":0.0,"enemies":"Jaw Worm","floor":2.0,"turns":1.0},{"damage":0.0,"enemies":"2 Louse","floor":5.0,"turns":1.0},{"damage":33.0,"enemies":"3 Sentries","floor":7.0,"turns":12.0},{"damage":9.0,"enemies":"Exordium Wildlife","floor":8.0,"turns":4.0},{"damage":8.0,"enemies":"Gremlin Nob","floor":12.0,"turns":3.0},{"damage":7.0,"enemies":"Looter","floor":13.0,"turns":4.0},{"damage":10.0,"enemies":"Hexaghost","floor":16.0,"turns":9.0},{"damage":21.0,"enemies":"Spheric Guardian","floor":18.0,"turns":5.0},{"damage":28.0,"enemies":"3 Byrds","floor":24.0,"turns":8.0},{"damage":22.0,"enemies":"Centurion and Healer","floor":25.0,"turns":7.0},{"damage":13.0,"enemies":"Gremlin Leader","floor":27.0,"turns":8.0},{"damage":6.0,"enemies":"Sentry and Sphere","floor":28.0,"turns":9.0},{"damage":24.0,"enemies":"Snake Plant","floor":29.0,"turns":8.0},{"damage":0,"enemies":"Book of Stabbing","floor":30,"turns":1}],"seed_played":"-4654803618490475959","potions_obtained":[{"floor":1.0,"key":"Strength Potion"},{"floor":2.0,"key":"SteroidPotion"},{"floor":18.0,"key":"GamblersBrew"},{"floor":29.0,"key":"Energy Potion"}],"is_trial":false,"path_per_floor":["M","M","?","?","M","R","E","M","T","$","R","E","M","?","R","B",null,"M","?","?","?","$","R","M","M","T","E","M","M","E"],"character_chosen":"IRONCLAD","items_purchased":["Feel No Pain","Orrery","War Paint"],"campfire_rested":0,"item_purchase_floors":[10,22,22],"current_hp_per_floor":[74,75,68,68,68,68,41,38,38,38,38,36,35,15,15,11,54,39,34,34,34,34,34,22,28,28,32,34,16,16,16],"gold":125,"neow_bonus":"THREE_ENEMY_KILL","is_daily":false,"chose_seed":false,"campfire_upgraded":4,"win_rate":0.0,"timestamp":1610990192,"path_taken":["M","M","?","?","?","R","E","M","T","$","R","E","M","?","R","BOSS","M","?","?","?","$","R","?","M","T","E","M","M","E"],"items_purchased_type":["Card","Relic","Relic"],"build_version":"2020-12-22","purchased_purges":2,"victory":false,"max_hp_per_floor":[75,75,68,68,68,68,68,68,68,68,68,68,68,68,68,68,68,68,34,34,34,34,34,34,34,34,34,34,34,34,34],"card_choices":[{"not_picked":["Sever Soul","Anger"],"picked":"Sword Boomerang","floor":1.0},{"not_picked":["Warcry","Heavy Blade"],"picked":"Inflame","floor":2.0},{"not_picked":["Thunderclap","Wild Strike"],"picked":"Armaments","floor":5.0},{"not_picked":["Hemokinesis","Sentinel"],"picked":"Pommel Strike","floor":7.0},{"not_picked":["Iron Wave","Headbutt","Barricade"],"picked":"SKIP","floor":8.0},{"not_picked":["Thunderclap","Anger"],"picked":"Evolve","floor":12.0},{"not_picked":["Wild Strike","Iron Wave"],"picked":"True Grit","floor":13.0},{"not_picked":["Anger","Warcry","Dropkick"],"picked":"SKIP","floor":18.0},{"not_picked":["Seeing Red","Clothesline+1"],"picked":"Limit Break","floor":22.0},{"not_picked":["Warcry","Thunderclap"],"picked":"Feel No Pain","floor":22.0},{"not_picked":["Intimidate","True Grit"],"picked":"Feel No Pain","floor":24.0},{"not_picked":["Rampage","Dual Wield"],"picked":"Disarm","floor":25.0},{"not_picked":["True Grit","Clash","Pommel Strike"],"picked":"SKIP","floor":27.0},{"not_picked":["Sentinel","Cleave"],"picked":"Feel No Pain","floor":28.0},{"not_picked":["Heavy Blade","Thunderclap","Warcry"],"picked":"SKIP","floor":29.0}],"player_experience":291586,"relics_obtained":[{"floor":7.0,"key":"Bag of Preparation"},{"floor":9.0,"key":"Pen Nib"},{"floor":12.0,"key":"Anchor"},{"floor":27.0,"key":"Boot"}],"event_choices":[{"damage_healed":0.0,"max_hp_gain":0.0,"max_hp_loss":7.0,"gold_gain":0.0,"event_name":"Golden Idol","player_choice":"Lose Max HP","floor":3.0,"gold_loss":0.0,"damage_taken":0.0,"relics_obtained":["Golden Idol"]},{"damage_healed":0.0,"max_hp_gain":0.0,"max_hp_loss":0.0,"gold_gain":0.0,"event_name":"Upgrade Shrine","player_choice":"Upgraded","floor":4.0,"gold_loss":0.0,"damage_taken":0.0,"cards_upgraded":["Inflame"]},{"damage_healed":0.0,"max_hp_gain":0.0,"max_hp_loss":0.0,"gold_gain":0.0,"event_name":"Shining Light","player_choice":"Entered Light","floor":14.0,"gold_loss":0.0,"damage_taken":20.0,"cards_upgraded":["True Grit","Strike_R"]},{"damage_healed":0.0,"max_hp_gain":0.0,"max_hp_loss":34.0,"gold_gain":0.0,"event_name":"Ghosts","player_choice":"Became a Ghost","floor":19.0,"gold_loss":0.0,"damage_taken":0.0,"cards_obtained":["Ghostly","Ghostly","Ghostly"]},{"cards_removed":["Strike_R"],"damage_healed":0.0,"max_hp_gain":0.0,"max_hp_loss":0.0,"gold_gain":0.0,"event_name":"Back to Basics","player_choice":"Elegance","floor":20.0,"gold_loss":0.0,"damage_taken":0.0},{"damage_healed":0.0,"max_hp_gain":0.0,"max_hp_loss":0.0,"gold_gain":250.0,"event_name":"The Joust","player_choice":"Bet on Owner","floor":21.0,"gold_loss":50.0,"damage_taken":0.0}],"is_beta":false,"boss_relics":[{"not_picked":["Busted Crown","Tiny House"],"picked":"Astrolabe"}],"items_purged_floors":[10,22],"is_endless":false,"potions_floor_spawned":[1,2,7,13,18,29],"killed_by":"Book of Stabbing","ascension_level":20}}