{"host":"yfrzjlps46tkbs82","time":1610978209,"event":{"mods":["Act Like it!","Aspiration","BaseMod","BetterRewards","Dota2Spire","Gensokyo","Hubris","Lobotomy","Marisa£®ÏF”Í°°ƒß¿Ì…≥£©","Minty Spire (QoL Compilation)","MostiFishMod","Replay The Spire","StSLib","SuperFastMode","TestMod","The Alterego","[IsaacMod]“‘»ˆº‚À˛"],"gold_per_floor":[116,128,128,53,64,64,97,47,118,128,28,28,59,59,59,161,161,175,190,440,360,360,360,372,405,487,705,716,716,745,760,760,864,864,874,874,891,766,766,766,795,795,818,818,834,505,875,918,918,918],"floor_reached":51,"language":"ZHS","playtime":1004,"items_purged":["Strike_MRS","Strike_MRS","Pain","Defend_MRS"],"score":1458,"play_id":"eb701bc0-b604-4007-9c0a-106029f4bf8f","local_time":"20210118215649","is_ascension_mode":true,"campfire_choices":[{"data":"StarBarrage","floor":6.0,"key":"SMITH"},{"data":"Gensokyo:BlessingOfConstitution","floor":15.0,"key":"SMITH"},{"data":"TreasureHunter","floor":23,"key":"SMITH"},{"data":"GalacticHalo","floor":40,"key":"SMITH"},{"data":"MasterSpark","floor":42,"key":"SMITH"},{"data":"Gensokyo:MonkeysPaw","floor":49,"key":"SMITH"}],"circlet_count":0,"master_deck":["Defend_MRS","Defend_MRS+1","MasterSpark+1","UpSweep","TreasureHunter+1","StarBarrage+1","6A+1","Gensokyo:BlessingOfConstitution+1","EnergyFlow+1","GalacticHalo+1","Gensokyo:ShootingStar","CollectingQuirk+1","Gensokyo:MonkeysPaw+1"],"relics":["MiniHakkero","DaveBox","testmod-TestBox","HushsDoor","testmod-Motorcycle","Civilization","SynthV:TestCard","Molten Egg 2","Gremlin Horn","ReplayTheSpireMod:Shallot","Gensokyo:YoukaiFlower","Chameleon Ring","Gensokyo:LunaticRedEyes","testmod-Brilliant","hubris:VirtuousBlindfold","Gensokyo:RedStar","Akabeko","Orichalcum","hubris:PeanutButter","Replay:Wax Seal","Oddly Smooth Stone","BionicSphere","GuanYuAspect","hubris:ToyBattleship","Dota2Spire:Satanic","testmod-IndustrialRevolution","Blue Candle","aspiration:Nostalgia","Replay:M_SmolderingBlood","Vajra","Replay:Baseball"],"acts_visited":["Gensokyo:Gensokyo","Gensokyo:Gensokyoer","Gensokyo:Gensokyoest"],"potions_floor_usage":[24,41],"damage_taken":[{"damage":2.0,"enemies":"Gensokyo:Python","floor":1.0,"turns":3.0},{"damage":5.0,"enemies":"Gensokyo:3_Fairies","floor":2.0,"turns":4.0},{"damage":16.0,"enemies":"Gensokyo:Gryphon","floor":5.0,"turns":4.0},{"damage":24.0,"enemies":"Gensokyo:Aya","floor":7.0,"turns":6.0},{"damage":2.0,"enemies":"Gensokyo:3_Kodama","floor":10.0,"turns":2.0},{"damage":0.0,"enemies":"Gensokyo:Cirno","floor":13.0,"turns":4.0},{"damage":2,"enemies":"Gensokyo:Reimu","floor":16,"turns":9},{"damage":0,"enemies":"Gensokyo:2_Gloops","floor":18,"turns":1},{"damage":0,"enemies":"Gensokyo:AngelMirror","floor":19,"turns":2},{"damage":20,"enemies":"Gensokyo:Chomper_and_Gloop","floor":24,"turns":3},{"damage":15,"enemies":"Gensokyo:Koishi","floor":25,"turns":6},{"damage":0,"enemies":"Gensokyo:Swordslinger","floor":27,"turns":2},{"damage":0,"enemies":"Gensokyo:Monolith_and_Dog","floor":28,"turns":1},{"damage":0,"enemies":"Gensokyo:Tenshi","floor":30,"turns":4},{"damage":0,"enemies":"Gensokyo:3_Gloops","floor":31,"turns":2},{"damage":12,"enemies":"Gensokyo:Eiki","floor":33,"turns":8},{"damage":0,"enemies":"Gensokyo:3_Bats","floor":35,"turns":1},{"damage":0,"enemies":"Gensokyo:3_Boulders","floor":37,"turns":1},{"damage":0,"enemies":"Gensokyo:Marisa","floor":41,"turns":1},{"damage":0,"enemies":"Gensokyo:Dusk_and_Dawn","floor":45,"turns":1},{"damage":34,"enemies":"Gensokyo:Kasen","floor":47,"turns":3},{"damage":0,"enemies":"Gensokyo:Yuyuko","floor":50,"turns":1}],"seed_played":"1820873282507192417","potions_obtained":[{"floor":1.0,"key":"Weak Potion"},{"floor":2.0,"key":"Venom Potion"},{"floor":13.0,"key":"DuplicationPotion"},{"floor":24,"key":"testmod-SpacePotion"},{"floor":25,"key":"Adrenaline Potion"},{"floor":28,"key":"EssenceOfSteel"},{"floor":35,"key":"Venom Potion"},{"floor":47,"key":"BlessingOfTheForge"}],"is_trial":false,"path_per_floor":["M","M","?","$","M","R","E","?","T","M","$","?","E","?","R","B",null,"M","M","?","COS","?","R","M","E","T","M","M","?","E","M","R","B",null,"M","?","M","$","?","R","E","R","T","T","M","COS","E","?","R","B",null],"character_chosen":"MARISA","items_purchased":[],"campfire_rested":0,"item_purchase_floors":[],"current_hp_per_floor":[74,70,70,70,56,56,35,35,35,38,38,38,43,43,43,46,86,91,96,96,96,96,96,81,71,71,76,81,81,86,91,91,126,69,72,61,65,65,65,65,77,77,77,77,85,85,58,43,43,43],"gold":918,"neow_bonus":"TEN_PERCENT_HP_BONUS","is_daily":false,"chose_seed":false,"campfire_upgraded":6,"win_rate":0.0,"timestamp":1610978209,"path_taken":["M","?","?","$","M","R","E","?","T","M","?","?","E","?","R","BOSS","M","M","?","COS","?","R","M","E","T","M","M","?","E","M","R","BOSS","M","?","M","$","?","R","E","R","T","?","M","COS","E","?","R","BOSS"],"items_purchased_type":[],"build_version":"2020-12-22","purchased_purges":4,"victory":true,"max_hp_per_floor":[83,84,84,84,86,86,89,89,89,94,94,94,99,99,99,104,99,104,109,103,103,103,103,108,113,113,118,123,123,128,133,133,138,69,74,74,79,79,79,79,84,84,84,84,89,89,94,94,94,99],"card_choices":[{"not_picked":["MysteriousBeam","MeteoricShower","DoubleSpark"],"picked":"SKIP","floor":1.0},{"not_picked":["DoubleSpark","GalacticHalo","UnstableBomb","Acceleration"],"picked":"TreasureHunter","floor":2.0},{"not_picked":["PropBag","MysteriousBeam","AsteroidBelt","BlazeAway"],"picked":"StarBarrage","floor":5.0},{"not_picked":["OpenUniverse","Occultation","PropBag","AsteroidBelt"],"picked":"6A+1","floor":7.0},{"not_picked":["IllusionStar","BlazeAway","6A+1","AsteroidBelt","BlazingStar+1"],"picked":"SKIP","floor":10.0},{"not_picked":["MagicChant","WitchLeyline+1","Singularity","SporeBomb","WitchOfGreed"],"picked":"SKIP","floor":13.0},{"not_picked":["AsteroidBelt","ManaConvection","NonDirectionalLaser+1","LuminesStrike+1"],"picked":"EnergyFlow+1","floor":18},{"not_picked":["UnstableBomb+1","SprinkleStarSeal","RefractionSpark+1","SporeBomb"],"picked":"GalacticHalo","floor":19},{"not_picked":["Orbital","ShootTheMoon+1","MilkyWay","ChargingUp","Robbery+1"],"picked":"SKIP","floor":24},{"not_picked":["AsteroidBelt+1","BinaryStars","ShootingEcho+1","WitchOfGreed","MillisecondPulsars"],"picked":"SKIP","floor":25},{"not_picked":["SuperPerseids","WitchLeyline+1","DarkMatter","SporeBomb","AsteroidBelt"],"picked":"SKIP","floor":27},{"not_picked":["PowerUp+1","6A+1","DeepEcoloBomb+1","IllusionStar+1","NonDirectionalLaser+1"],"picked":"SKIP","floor":28},{"not_picked":["SuperPerseids","StarBarrage+1","PropBag","OpenUniverse","FairyDestructionRay+1"],"picked":"SKIP","floor":30},{"not_picked":["WitchLeyline+1","SuperPerseids","SporeBomb+1","Acceleration+1","IllusionStar"],"picked":"SKIP","floor":31},{"not_picked":[],"picked":"Gensokyo:ShootingStar","floor":33},{"not_picked":["EscapeVelocity","JA+1","ManaRampage","BigCrunch"],"picked":"CollectingQuirk+1","floor":33},{"not_picked":["AlicesGift+1","FairyDestructionRay+1","AsteroidBelt","GrandCross+1","RefractionSpark+1"],"picked":"SKIP","floor":35},{"not_picked":["WitchLeyline+1","UnstableBomb+1","OortCloud+1","DarkSpark+1","GrandCross+1"],"picked":"SKIP","floor":37},{"not_picked":["MilkyWay","PowerUp+1","Orbital","MagicAbsorber","AsteroidBelt"],"picked":"SKIP","floor":41},{"not_picked":["DeepEcoloBomb+1","NonDirectionalLaser+1","MilkyWay+1","OortCloud+1","RefractionSpark+1"],"picked":"SKIP","floor":45},{"not_picked":["LuminesStrike+1","FollowUp+1","AsteroidBelt+1","ShootTheMoon+1","WreathOfFlame"],"picked":"SKIP","floor":47}],"player_experience":250978,"relics_obtained":[{"floor":1.0,"key":"SynthV:TestCard"},{"floor":7.0,"key":"Molten Egg 2"},{"floor":7.0,"key":"Gremlin Horn"},{"floor":9.0,"key":"ReplayTheSpireMod:Shallot"},{"floor":13.0,"key":"Chameleon Ring"},{"floor":16,"key":"testmod-Brilliant"},{"floor":25,"key":"Akabeko"},{"floor":25,"key":"Orichalcum"},{"floor":26,"key":"hubris:PeanutButter"},{"floor":30,"key":"Oddly Smooth Stone"},{"floor":33,"key":"BionicSphere"},{"floor":41,"key":"hubris:ToyBattleship"},{"floor":41,"key":"Dota2Spire:Satanic"},{"floor":43,"key":"testmod-IndustrialRevolution"},{"floor":44,"key":"Blue Candle"},{"floor":47,"key":"Vajra"},{"floor":47,"key":"Replay:Baseball"}],"event_choices":[],"is_beta":false,"boss_relics":[{"not_picked":["PatriotShield","ReplayTheSpireMod:DimensionalGlitch"],"picked":"hubris:VirtuousBlindfold"},{"not_picked":[]},{"not_picked":["Tiny House","Replay:Bronze Core"],"picked":"GuanYuAspect"},{"not_picked":[]}],"items_purged_floors":[4,11,17,38],"is_endless":false,"potions_floor_spawned":[1,2,13,16,18,24,25,28,35,37,47],"ascension_level":7}}