{"host":"684z1xpuwaoqmmh1","time":1610969954,"event":{"mods":["Bard","BaseMod","Downfall","Hermit","Jorbs\u0027s Wanderer Trilogy","Marisa????????","Minty Spire (QoL Compilation)","Robot Space Explorer","Shade Mod","StSLib","The Bug Knight","The Cursed","The Hayseed","The Hierophant","The Marked","The Mystic","The Runesmith","The Senshi","The Spell Scribe"],"gold_per_floor":[114,14,14,33,48,48,78,92,92,127,127,156,156,231,231,231,231],"floor_reached":16,"language":"ENG","playtime":891,"items_purged":["TheSimpletonMod:Strike_TheSimpleton"],"score":157,"play_id":"13bc56ee-93e7-4360-84de-df8fdf576bf3","local_time":"20210118133914","is_ascension_mode":true,"campfire_choices":[{"data":"TheSimpletonMod:Turnips","floor":6,"key":"SMITH"},{"data":"TheSimpletonMod:Haymaker","floor":13,"key":"SMITH"},{"data":"TheSimpletonMod:Thresh","floor":15,"key":"SMITH"}],"circlet_count":0,"master_deck":["TheSimpletonMod:Strike_TheSimpleton","TheSimpletonMod:Strike_TheSimpleton","TheSimpletonMod:Defend_TheSimpleton","TheSimpletonMod:Defend_TheSimpleton","TheSimpletonMod:Defend_TheSimpleton","TheSimpletonMod:Defend_TheSimpleton","TheSimpletonMod:Haymaker+1","TheSimpletonMod:ReapAndSow","Dramatic Entrance","TheSimpletonMod:Thresh+1","TheSimpletonMod:SlashAndBurn","TheSimpletonMod:Aerate","TheSimpletonMod:Turnips+1","TheSimpletonMod:Fertilaser","TheSimpletonMod:OnionBloom","TheSimpletonMod:Germinate"],"relics":["TheSimpletonMod:SpudOfTheInnocent","TheSimpletonMod:NightSoil","TheSimpletonMod:TheHarvester","TheSimpletonMod:GardenGlove","Eternal Feather","Molten Egg 2","Blue Candle"],"acts_visited":["Exordium"],"potions_floor_usage":[8,10],"damage_taken":[{"damage":6,"enemies":"2 Louse","floor":1,"turns":4},{"damage":0,"enemies":"Small Slimes","floor":4,"turns":3},{"damage":0,"enemies":"Cultist","floor":5,"turns":3},{"damage":21,"enemies":"Lagavulin","floor":7,"turns":7},{"damage":21,"enemies":"Exordium Thugs","floor":8,"turns":4},{"damage":0,"enemies":"Gremlin Nob","floor":10,"turns":3},{"damage":21,"enemies":"3 Sentries","floor":12,"turns":7},{"damage":37,"enemies":"The Guardian","floor":16,"turns":10}],"seed_played":"-8532825752768159921","potions_obtained":[{"floor":1,"key":"sneckomod:MuddlingPotion"},{"floor":8,"key":"AttackPotion"},{"floor":12,"key":"TheSimpletonMod:AbundancePotion"}],"is_trial":false,"path_per_floor":["M","$","?","M","M","R","E","M","T","E","?","E","R","?","R","B"],"character_chosen":"THE_SIMPLETON","items_purchased":["TheSimpletonMod:SlashAndBurn"],"campfire_rested":0,"item_purchase_floors":[2],"current_hp_per_floor":[73,73,66,70,70,70,53,36,36,40,40,23,32,21,30,0,0],"gold":231,"neow_bonus":"RANDOM_COLORLESS","is_daily":false,"chose_seed":false,"campfire_upgraded":3,"win_rate":0.0,"timestamp":1610969954,"path_taken":["M","$","?","M","M","R","E","M","T","E","?","E","R","?","R","BOSS"],"items_purchased_type":["Card"],"build_version":"2020-12-22","purchased_purges":1,"victory":false,"max_hp_per_floor":[75,75,75,75,75,75,75,75,75,75,75,75,75,75,75,75,75],"card_choices":[{"not_picked":["Madness","Dark Shackles"],"picked":"Dramatic Entrance","floor":0},{"not_picked":["TheSimpletonMod:Rototilling","TheSimpletonMod:SaladShooter"],"picked":"TheSimpletonMod:Thresh","floor":1},{"not_picked":["TheSimpletonMod:DoubleBarrel","TheSimpletonMod:SpiceUp"],"picked":"TheSimpletonMod:Aerate","floor":4},{"not_picked":["TheSimpletonMod:RootDown","TheSimpletonMod:Rototilling"],"picked":"TheSimpletonMod:Turnips","floor":5},{"not_picked":["TheSimpletonMod:ToughenUp","TheSimpletonMod:DoubleBarrel","TheSimpletonMod:Fertilaser"],"picked":"SKIP","floor":7},{"not_picked":["TheSimpletonMod:ToughenUp","TheSimpletonMod:DoubleBarrel"],"picked":"TheSimpletonMod:Fertilaser","floor":7},{"not_picked":["TheSimpletonMod:Sunchoke","TheSimpletonMod:Turnips"],"picked":"TheSimpletonMod:OnionBloom","floor":8},{"not_picked":["TheSimpletonMod:StockTheCellar","TheSimpletonMod:Mulch","TheSimpletonMod:Sunchoke+1"],"picked":"SKIP","floor":10},{"not_picked":["TheSimpletonMod:SpiceUp","TheSimpletonMod:KeenEdge+1"],"picked":"TheSimpletonMod:Germinate","floor":12}],"player_experience":2876487,"relics_obtained":[{"floor":7,"key":"TheSimpletonMod:GardenGlove"},{"floor":9,"key":"Eternal Feather"},{"floor":10,"key":"Molten Egg 2"},{"floor":12,"key":"Blue Candle"}],"event_choices":[{"cards_removed":["TheSimpletonMod:Strike_TheSimpleton"],"damage_healed":0,"gold_gain":0,"player_choice":"Card Removal","damage_taken":7,"max_hp_gain":0,"max_hp_loss":0,"event_name":"Golden Wing","floor":3,"gold_loss":0},{"damage_healed":0,"gold_gain":0,"player_choice":"Ignored","damage_taken":0,"max_hp_gain":0,"max_hp_loss":0,"event_name":"Liars Game","floor":11,"gold_loss":0},{"damage_healed":0,"gold_gain":75,"player_choice":"Gather Gold","damage_taken":11,"max_hp_gain":0,"max_hp_loss":0,"event_name":"World of Goop","floor":14,"gold_loss":0}],"is_beta":false,"boss_relics":[],"items_purged_floors":[2],"is_endless":false,"potions_floor_spawned":[1,8,12],"killed_by":"The Guardian","ascension_level":2}}