{"host":"00f1p9ihhzi7hxfk","time":1610971559,"event":{"mods":["BaseMod","Colored Map","Colored Powertips","Minty Spire (QoL Compilation)","Rare Cards Sparkle","Relic Stats"],"gold_per_floor":[116,126,136,38,38,38,103,135,158,158,198,37,58,79,79,198,198,221,234,234,249,266,266,181,181,258,258,273,273,283,296,296,296,296],"floor_reached":33,"language":"DEU","playtime":1692,"items_purged":[],"score":259,"play_id":"f5f60f0a-7f2b-467e-9ae1-c3b93c48daae","local_time":"20210118130559","is_ascension_mode":false,"campfire_choices":[{"floor":6.0,"key":"REST"},{"floor":15.0,"key":"REST"},{"data":"True Grit","floor":23,"key":"SMITH"},{"data":"Armaments","floor":25,"key":"SMITH"},{"data":"Demon Form","floor":27,"key":"SMITH"},{"data":"Heavy Blade","floor":29,"key":"SMITH"},{"floor":32,"key":"REST"}],"circlet_count":0,"master_deck":["Strike_R","Strike_R","Strike_R","Strike_R","Strike_R","Defend_R","Defend_R","Defend_R","Defend_R","Bash","The Bomb+1","Thunderclap","Armaments+1","Heavy Blade","Flex","Iron Wave","Bludgeon","Demon Form+1","Searing Blow","Perfected Strike","Reaper","CurseOfTheBell","True Grit+1","Heavy Blade+1","Inflame"],"relics":["Burning Blood","Bronze Scales","Bag of Preparation","Bloody Idol","Torii","Calling Bell","Boot","Mercury Hourglass","Calipers","Red Skull","Kunai"],"acts_visited":["Exordium","TheCity"],"potions_floor_usage":[21,31,31,33],"damage_taken":[{"damage":18.0,"enemies":"Jaw Worm","floor":1.0,"turns":3.0},{"damage":15.0,"enemies":"Small Slimes","floor":2.0,"turns":3.0},{"damage":3.0,"enemies":"2 Louse","floor":3.0,"turns":2.0},{"damage":22.0,"enemies":"3 Sentries","floor":8.0,"turns":4.0},{"damage":15.0,"enemies":"Gremlin Nob","floor":11.0,"turns":4.0},{"damage":5.0,"enemies":"Lots of Slimes","floor":13.0,"turns":3.0},{"damage":3.0,"enemies":"Exordium Thugs","floor":14.0,"turns":4.0},{"damage":48.0,"enemies":"Hexaghost","floor":16.0,"turns":9.0},{"damage":1.0,"enemies":"Spheric Guardian","floor":18.0,"turns":3.0},{"damage":3.0,"enemies":"Chosen","floor":19.0,"turns":4.0},{"damage":37,"enemies":"Centurion and Healer","floor":21,"turns":4},{"damage":19,"enemies":"Snecko","floor":22,"turns":4},{"damage":28,"enemies":"Shelled Parasite and Fungi","floor":28,"turns":3},{"damage":15,"enemies":"Snake Plant","floor":30,"turns":3},{"damage":1,"enemies":"Centurion and Healer","floor":31,"turns":4},{"damage":76,"enemies":"Automaton","floor":33,"turns":10}],"seed_played":"8089811403938209734","potions_obtained":[{"floor":2.0,"key":"Fire Potion"},{"floor":3.0,"key":"FearPotion"},{"floor":30,"key":"PowerPotion"}],"is_trial":false,"path_per_floor":["M","M","M","$","?","R","?","E","T","?","E","$","M","M","R","B",null,"M","M","?","M","M","R","?","R","T","R","M","R","M","M","R","B"],"character_chosen":"IRONCLAD","items_purchased":["Flex","SpeedPotion","Demon Form"],"campfire_rested":3,"item_purchase_floors":[4,4,12],"current_hp_per_floor":[44,35,38,38,38,62,62,46,46,46,37,37,38,41,63,21,74,74,74,74,48,46,46,46,46,51,51,34,34,30,40,62,0,0],"gold":296,"neow_bonus":"RANDOM_COLORLESS_2","is_daily":false,"chose_seed":false,"campfire_upgraded":4,"win_rate":0.0,"timestamp":1610971559,"path_taken":["M","M","M","$","?","R","?","E","T","?","E","$","M","M","R","BOSS","M","M","?","M","M","R","?","R","T","R","M","R","M","M","R","BOSS"],"items_purchased_type":["Card","Potion","Card"],"build_version":"2020-12-22","purchased_purges":0,"victory":false,"max_hp_per_floor":[80,80,80,80,80,80,80,80,80,74,74,74,74,74,74,74,74,74,74,74,74,74,74,74,74,74,74,74,74,74,74,74,74,74],"relic_stats":{"Torii":63,"counters":[16,66],"Bronze Scales":[154],"Bloody Idol":30,"Bag of Preparation":[24],"Kunai":[1],"Boot":[1],"obtain_stats":[{"Calling Bell":17,"Calipers":17,"Torii":11,"Golden Idol":10,"Bronze Scales":8,"Bloody Idol":20,"Bag of Preparation":9,"Kunai":26,"Boot":17,"Burning Blood":0,"Red Skull":24,"Mercury Hourglass":17},{"Calling Bell":8,"Calipers":8,"Torii":5,"Golden Idol":4,"Bronze Scales":4,"Bloody Idol":10,"Bag of Preparation":4,"Kunai":12,"Boot":8,"Burning Blood":0,"Red Skull":12,"Mercury Hourglass":8},{"Calling Bell":32,"Calipers":32,"Torii":16,"Golden Idol":12,"Bronze Scales":12,"Bloody Idol":39,"Bag of Preparation":12,"Kunai":47,"Boot":32,"Burning Blood":0,"Red Skull":47,"Mercury Hourglass":32}],"Burning Blood":82,"Mercury Hourglass":[104]},"card_choices":[{"not_picked":["Metamorphosis","Magnetism"],"picked":"The Bomb","floor":0.0},{"not_picked":["Disarm","Warcry"],"picked":"Thunderclap","floor":1.0},{"not_picked":["Headbutt","Body Slam"],"picked":"Armaments","floor":2.0},{"not_picked":["Blood for Blood","Combust"],"picked":"Heavy Blade","floor":3.0},{"not_picked":["Searing Blow","Pommel Strike"],"picked":"Iron Wave","floor":8.0},{"not_picked":["Cleave","Headbutt"],"picked":"Bludgeon","floor":11.0},{"not_picked":["Warcry","Pummel"],"picked":"Searing Blow","floor":13.0},{"not_picked":["Entrench","Clothesline"],"picked":"Perfected Strike","floor":14.0},{"not_picked":["Demon Form","Immolate"],"picked":"Reaper","floor":16.0},{"not_picked":["Evolve","Iron Wave"],"picked":"True Grit","floor":18.0},{"not_picked":["Iron Wave","Thunderclap"],"picked":"Heavy Blade","floor":19.0},{"not_picked":["Metallicize","Warcry","Armaments+1"],"picked":"SKIP","floor":21},{"not_picked":["Armaments+1","Warcry+1","Clothesline"],"picked":"SKIP","floor":22},{"not_picked":["Flex","Clash+1","Iron Wave"],"picked":"SKIP","floor":28},{"not_picked":["Perfected Strike","Twin Strike"],"picked":"Inflame","floor":30},{"not_picked":["Flex","Pommel Strike+1","True Grit"],"picked":"SKIP","floor":31}],"player_experience":58909,"relics_obtained":[{"floor":8.0,"key":"Bronze Scales"},{"floor":9.0,"key":"Bag of Preparation"},{"floor":11.0,"key":"Torii"},{"floor":17.0,"key":"Boot"},{"floor":17.0,"key":"Mercury Hourglass"},{"floor":17.0,"key":"Calipers"},{"floor":26,"key":"Kunai"}],"event_choices":[{"damage_healed":0.0,"max_hp_gain":0.0,"max_hp_loss":0.0,"gold_gain":0.0,"event_name":"Living Wall","player_choice":"Grow","floor":5.0,"gold_loss":0.0,"damage_taken":0.0,"cards_upgraded":["The Bomb"]},{"damage_healed":0.0,"max_hp_gain":0.0,"max_hp_loss":0.0,"gold_gain":65.0,"event_name":"Golden Wing","player_choice":"Gained Gold","floor":7.0,"gold_loss":0.0,"damage_taken":0.0},{"damage_healed":0.0,"max_hp_gain":0.0,"max_hp_loss":6.0,"gold_gain":0.0,"event_name":"Golden Idol","player_choice":"Lose Max HP","floor":10.0,"gold_loss":0.0,"damage_taken":0.0,"relics_obtained":["Golden Idol"]},{"damage_healed":0,"gold_gain":0,"player_choice":"Gave Idol","damage_taken":0,"relics_obtained":["Bloody Idol"],"max_hp_gain":0,"max_hp_loss":0,"event_name":"Forgotten Altar","floor":20,"relics_lost":["Golden Idol"],"gold_loss":0},{"damage_healed":0,"gold_gain":0,"player_choice":"Obtained Relic","damage_taken":0,"relics_obtained":["Red Skull"],"max_hp_gain":0,"max_hp_loss":0,"event_name":"Addict","floor":24,"gold_loss":85}],"is_beta":false,"boss_relics":[{"not_picked":["Philosopher\u0027s Stone","Runic Cube"],"picked":"Calling Bell"}],"items_purged_floors":[],"is_endless":false,"potions_floor_spawned":[2,3,11,16,18,30],"killed_by":"Automaton","ascension_level":0}}