{"host":"tqrb8wakxbnpyjmr","time":1610956365,"event":{"mods":["Act Like it!","BaseMod","Bestiary","Better Altar","Better Skull","Better Third Choice","BetterRewards","Fox Events","Gensokyo","Minty Spire (QoL Compilation)","Replay The Spire","Shop Mod","StSLib","The Blue Laboratory","The Servant 0.9.4"],"gold_per_floor":[116,127,127,127,141,141,158,88,88,100,100,112,7,7,7,106,106,419,436,436,436,836,836,848,848,848],"floor_reached":25,"language":"ENG","playtime":1595,"items_purged":[],"score":193,"play_id":"46a579b8-2d11-43f1-90aa-883e75741bd3","local_time":"25640118145245","is_ascension_mode":false,"campfire_choices":[{"floor":6.0,"key":"REST"},{"data":"Spin","floor":11.0,"key":"SMITH"},{"floor":15.0,"key":"REST"},{"floor":23.0,"key":"REST"}],"circlet_count":0,"master_deck":["Strike_S+1","Strike_S","Strike_S","Strike_S","Defend_S","Defend_S","Defend_S","KidneyShot","Exchange","Spin+1","SurpressingFire","Comet+1","ShiftingGears","KillingDoll","Ricochet","Moonlight","Gensokyo:EightFeetTall","Starlight+1"],"relics":["Uniform","Divine Protection","Pear","ReplayTheSpireMod:Ring of Addiction","Potion Belt","Chameleon Ring","Ring of Searing","Ring of Chaos","Replay:WaspNest","WingedGreaves"],"acts_visited":["Gensokyo:Gensokyo","Gensokyo:Gensokyoer"],"potions_floor_usage":[],"damage_taken":[{"damage":6.0,"enemies":"Gensokyo:Gryphon","floor":1.0,"turns":4.0},{"damage":0.0,"enemies":"Gensokyo:3_Fairies","floor":2.0,"turns":4.0},{"damage":0.0,"enemies":"Gensokyo:Python","floor":5.0,"turns":3.0},{"damage":0.0,"enemies":"Gensokyo:2_Rabbits","floor":7.0,"turns":3.0},{"damage":0.0,"enemies":"Gensokyo:3_Kodama","floor":10.0,"turns":3.0},{"damage":0.0,"enemies":"Gensokyo:LivingMonolith","floor":12.0,"turns":3.0},{"damage":28.0,"enemies":"Gensokyo:Reimu","floor":16.0,"turns":9.0},{"damage":23.0,"enemies":"Gensokyo:Chomper","floor":18.0,"turns":5.0},{"damage":19.0,"enemies":"Gensokyo:CosmicMonolith","floor":19.0,"turns":8.0},{"damage":48,"enemies":"Gensokyo:Slime_Group","floor":24,"turns":5},{"damage":3,"enemies":"Gensokyo:Chomper_and_Gloop","floor":25,"turns":2}],"seed_played":"2305312209142316571","potions_obtained":[{"floor":2.0,"key":"FearPotion"},{"floor":12.0,"key":"Dexterity Potion"},{"floor":14.0,"key":"Ancient Potion"},{"floor":14.0,"key":"blueLaboratory:ImpenetrablePotion"},{"floor":14.0,"key":"Energy Potion"},{"floor":16.0,"key":"SpeedPotion"},{"floor":19.0,"key":"blueLaboratory:SavagePotion"}],"is_trial":false,"path_per_floor":["M","M","?","?","M","R","M","?","T","M","R","M","COS","?","R","B",null,"M","M","?","?","?","R","M","M"],"character_chosen":"THE_SERVANT","items_purchased":[],"campfire_rested":3,"item_purchase_floors":[],"current_hp_per_floor":[41,41,28,28,28,47,47,47,57,57,57,57,57,57,75,47,75,52,33,33,33,33,51,3,0,0],"gold":848,"neow_bonus":"ONE_RARE_RELIC","is_daily":false,"chose_seed":false,"campfire_upgraded":1,"win_rate":0.0,"timestamp":1610956365,"path_taken":["M","M","?","?","M","R","M","?","T","M","R","?","COS","?","R","BOSS","M","M","?","?","?","R","?","M"],"items_purchased_type":[],"build_version":"2020-12-22","purchased_purges":0,"victory":false,"max_hp_per_floor":[65,65,65,65,65,65,65,65,75,75,75,75,75,75,75,75,75,75,75,69,63,63,61,61,61,61],"card_choices":[{"not_picked":["BottledTime","Rearm"],"picked":"Spin","floor":1.0},{"not_picked":["DoubleEdge","FastForward"],"picked":"SurpressingFire","floor":2.0},{"not_picked":["Alleviate","Advance"],"picked":"Comet","floor":5.0},{"not_picked":["Potential","Alleviate","DualDimension"],"picked":"SKIP","floor":7.0},{"not_picked":["Foresight","Unruled"],"picked":"ShiftingGears","floor":10.0},{"not_picked":["StarChef","Replace","DoubleEdge"],"picked":"SKIP","floor":12.0},{"not_picked":["Solidify","PendulumOfEternity"],"picked":"KillingDoll","floor":16.0},{"not_picked":["Alleviate","Rearm"],"picked":"Ricochet","floor":18.0},{"not_picked":["Replace+1","Defy+1"],"picked":"Moonlight","floor":19.0},{"not_picked":["Gensokyo:SevenSchoolMysteries","Gensokyo:MonkeysPaw"],"picked":"Gensokyo:EightFeetTall","floor":21.0},{"not_picked":["TimeWarp","Embodiment"],"picked":"Starlight+1","floor":24}],"player_experience":253747,"relics_obtained":[{"floor":9.0,"key":"Pear"},{"floor":14.0,"key":"ReplayTheSpireMod:Ring of Addiction"},{"floor":14.0,"key":"Potion Belt"},{"floor":14.0,"key":"Chameleon Ring"},{"floor":14.0,"key":"Ring of Searing"}],"event_choices":[],"is_beta":false,"boss_relics":[{"not_picked":["Tiny House","Snecko Eye"],"picked":"Ring of Chaos"}],"items_purged_floors":[],"is_endless":false,"potions_floor_spawned":[2,12,16,19],"killed_by":"Gensokyo:Chomper_and_Gloop","ascension_level":0}}