{"host":"6bsan6hkua32tfq7","time":1610993445,"event":{"mods":["BaseMod","Better Third Choice","Colored Map","Highlight Path","Minty Spire (QoL Compilation)","StSLib"],"gold_per_floor":[19,19,37,37,49,74,85,104,104,104,123,123,137,171,171,171,171],"floor_reached":16,"language":"ENG","playtime":647,"items_purged":[],"score":278,"play_id":"7479543c-1908-4584-92a2-db79db8d9ff1","local_time":"20210118191045","is_ascension_mode":true,"campfire_choices":[{"data":"Study","floor":10,"key":"SMITH"},{"data":"SignatureMove","floor":12,"key":"SMITH"},{"data":"WaveOfTheHand","floor":15,"key":"SMITH"}],"circlet_count":0,"master_deck":["AscendersBane","Strike_P","Strike_P","Strike_P","Defend_P","Defend_P","Eruption+1","Vigilance","Crescendo","Vault+1","WaveOfTheHand+1","SignatureMove+1","Study+1","FollowUp"],"relics":["PureWater","Strawberry","Ginger","Pocketwatch"],"acts_visited":["Exordium"],"potions_floor_usage":[6,13,14,14],"damage_taken":[{"damage":3.0,"enemies":"2 Louse","floor":1.0,"turns":3.0},{"damage":2.0,"enemies":"Jaw Worm","floor":3.0,"turns":4.0},{"damage":0.0,"enemies":"Small Slimes","floor":5.0,"turns":3.0},{"damage":7,"enemies":"Lagavulin","floor":6,"turns":5},{"damage":0,"enemies":"Exordium Wildlife","floor":7,"turns":3},{"damage":4,"enemies":"Exordium Thugs","floor":8,"turns":2},{"damage":15,"enemies":"3 Louse","floor":11,"turns":3},{"damage":4,"enemies":"Exordium Wildlife","floor":13,"turns":2},{"damage":0,"enemies":"3 Sentries","floor":14,"turns":5},{"damage":17,"enemies":"Hexaghost","floor":16,"turns":5}],"seed_played":"3487213800288028997","potions_obtained":[{"floor":1.0,"key":"SkillPotion"},{"floor":6,"key":"StancePotion"},{"floor":7,"key":"BottledMiracle"},{"floor":13,"key":"EssenceOfSteel"}],"is_trial":false,"path_per_floor":["M","?","M","?","M","E","M","M","T","R","M","R","M","E","R","B"],"character_chosen":"WATCHER","items_purchased":[],"campfire_rested":0,"item_purchase_floors":[],"current_hp_per_floor":[58,58,56,36,36,36,36,32,32,32,17,17,13,13,13,0,0],"gold":171,"neow_bonus":"REMOVE_TWO","is_daily":false,"chose_seed":false,"campfire_upgraded":3,"win_rate":0.0,"timestamp":1610993445,"path_taken":["M","?","M","?","M","E","M","?","T","R","M","R","M","E","R","BOSS"],"items_purchased_type":[],"build_version":"2020-12-22","purchased_purges":0,"victory":false,"max_hp_per_floor":[68,68,68,68,68,75,75,75,75,75,75,75,75,75,75,75,75],"card_choices":[{"not_picked":["Wireheading","JustLucky"],"picked":"Crescendo","floor":1.0},{"not_picked":["ClearTheMind","Prostrate"],"picked":"Vault","floor":3.0},{"not_picked":["Consecrate","Prostrate"],"picked":"WaveOfTheHand","floor":5.0},{"not_picked":["BattleHymn","Halt"],"picked":"SignatureMove","floor":6},{"not_picked":["Halt","BowlingBash"],"picked":"Study","floor":7},{"not_picked":["Collect","Halt","ThirdEye"],"picked":"SKIP","floor":8},{"not_picked":["Collect","Halt","ThirdEye"],"picked":"SKIP","floor":8},{"not_picked":["Indignation","FlyingSleeves"],"picked":"FollowUp","floor":11},{"not_picked":["BattleHymn","EmptyBody","Wireheading"],"picked":"SKIP","floor":13},{"not_picked":["EmptyMind","EmptyFist","EmptyBody"],"picked":"SKIP","floor":14}],"player_experience":5304672,"relics_obtained":[{"floor":6,"key":"Strawberry"},{"floor":9,"key":"Ginger"},{"floor":14,"key":"Pocketwatch"}],"event_choices":[{"cards_removed":["Defend_P"],"damage_healed":0.0,"max_hp_gain":0.0,"max_hp_loss":0.0,"gold_gain":0.0,"event_name":"Living Wall","player_choice":"Forget","floor":2.0,"gold_loss":0.0,"damage_taken":0.0},{"damage_healed":56.0,"max_hp_gain":0.0,"max_hp_loss":68.0,"gold_gain":0.0,"event_name":"betterThird:BetterShining","player_choice":"Upgrade","floor":4.0,"gold_loss":0.0,"damage_taken":20.0,"cards_upgraded":["Eruption","Vault"]}],"is_beta":false,"boss_relics":[],"items_purged_floors":[],"is_endless":false,"potions_floor_spawned":[1,6,7,8,13],"killed_by":"Hexaghost","ascension_level":20}}