{"host":"6h0diz2ap0m56grs","time":1610951886,"event":{"mods":["2.2 Compatiblity","BaseMod","Colored Map","Marisa????????","Minty Spire (QoL Compilation)","Quick Restart","Replay The Spire","Shop Mod","StSLib","The Servant 0.9.4"],"gold_per_floor":[116,131,131,151,151,181,181,215,242,242,275,88,113,138,138,235,235,251,266,266,266,16,48,77,105,105,137,137,137,137,137,137,236,236,252,252,252,271,128,154,188,223,277,277,304,147,180,23,23,23],"floor_reached":51,"language":"ENG","playtime":1377,"items_purged":[],"score":1568,"play_id":"8c205fa6-d964-4a96-98a5-7de3a9b26dc0","local_time":"20210118003806","daily_mods":["SealedDeck","Heirloom","Time Dilation","Flight"],"is_ascension_mode":true,"campfire_choices":[{"data":"MilkyWay","floor":7,"key":"SMITH"},{"data":"MilkyWay","floor":10,"key":"SMITH"},{"data":"Apotheosis","floor":15,"key":"SMITH"},{"data":"1","floor":28,"key":"LIFT"},{"data":"2","floor":30,"key":"LIFT"},{"data":"3","floor":32,"key":"LIFT"},{"floor":44,"key":"REST"},{"floor":49,"key":"DIG"}],"circlet_count":0,"master_deck":["ShootTheMoon","NonDirectionalLaser","PowerUp","PowerUp","OortCloud","6A","6A","6A","MilkyWay+1","MilkyWay+1","PropBag","MachineGunSpark","UnstableBomb","MilkyWay","CollectingQuirk","Apotheosis+1","SporeBomb+1","AlicesGift+1","MillisecondPulsars+1","UnstableBomb+1","StarBarrage","MilkyWay+1"],"relics":["MiniHakkero","replay:Trail_Library","Thread and Needle","Replay:Mystery Machine","Orichalcum","Sundial","Nunchaku","Girya","Darkstone Periapt","FossilizedHelix","ReplayTheSpireMod:DimensionalGlitch","Mirror","Question Card","AmplifyWand","Frozen Egg 2","Replay:WaspNest","Replay:PocketPolymizer","Fusion Hammer","Medical Kit","Bag of Preparation","Blood Vial","Turnip","Juzu Bracelet","Toy Ornithopter","ReplayFunnel","Replay:Ringing Soul","OrangePellets","Boot"],"acts_visited":["Exordium","TheCity","TheBeyond"],"potions_floor_usage":[24,45,50,50],"damage_taken":[{"damage":0,"enemies":"Small Slimes","floor":1,"turns":3},{"damage":0,"enemies":"Cultist","floor":2,"turns":3},{"damage":0,"enemies":"Jaw Worm","floor":4,"turns":2},{"damage":0,"enemies":"Lagavulin","floor":6,"turns":4},{"damage":0,"enemies":"3 Sentries","floor":8,"turns":5},{"damage":0,"enemies":"Gremlin Nob","floor":11,"turns":3},{"damage":0,"enemies":"Lagavulin","floor":13,"turns":5},{"damage":0,"enemies":"3 Sentries","floor":14,"turns":4},{"damage":0,"enemies":"The Guardian","floor":16,"turns":6},{"damage":0,"enemies":"3 Byrds","floor":18,"turns":4},{"damage":0,"enemies":"Shell Parasite","floor":19,"turns":3},{"damage":0,"enemies":"Gremlin Leader","floor":23,"turns":2},{"damage":0,"enemies":"Replay:Snechameleon","floor":24,"turns":3},{"damage":6,"enemies":"Gremlin Leader","floor":25,"turns":3},{"damage":0,"enemies":"Replay:Snechameleon","floor":27,"turns":3},{"damage":0,"enemies":"Automaton","floor":33,"turns":4},{"damage":0,"enemies":"3 Shapes","floor":35,"turns":2},{"damage":0,"enemies":"Orb Walker","floor":38,"turns":2},{"damage":0,"enemies":"Nemesis","floor":40,"turns":4},{"damage":0,"enemies":"R_Hoarder","floor":41,"turns":2},{"damage":0,"enemies":"Giant Head","floor":42,"turns":4},{"damage":30,"enemies":"Nemesis","floor":45,"turns":3},{"damage":0,"enemies":"Reptomancer","floor":47,"turns":2},{"damage":0,"enemies":"Donu and Deca","floor":50,"turns":6}],"seed_played":"-1849280928223004494","potions_obtained":[{"floor":1,"key":"ColorlessPotion"},{"floor":2,"key":"Block Potion"},{"floor":19,"key":"Cursed Concoction"},{"floor":25,"key":"Swift Potion"},{"floor":38,"key":"BottledSpark"},{"floor":40,"key":"Fire Potion"},{"floor":45,"key":"DistilledChaos"}],"is_trial":true,"path_per_floor":["M","M","?","M","?","E","R","E","T","R","E","$","E","E","R","B",null,"M","M","?","?","$","E","E","E","T","E","R","?","R","?","R","B",null,"M","?","?","M","$","E","E","E","T","R","E","$","E","$","R_BF","B",null],"character_chosen":"MARISA","items_purchased":["Apotheosis","Mirror","Medical Kit","ReplayFunnel","OrangePellets"],"campfire_rested":1,"item_purchase_floors":[12,22,39,46,48],"current_hp_per_floor":[75,75,75,75,75,75,75,75,75,75,75,75,75,75,75,75,75,75,75,75,61,61,61,61,55,55,55,55,55,55,55,55,55,80,80,80,76,76,76,76,76,76,76,76,46,46,47,47,47,54],"gold":23,"neow_bonus":"","is_daily":false,"chose_seed":false,"campfire_upgraded":3,"win_rate":0.0,"timestamp":1610951886,"path_taken":["M","M","?","?","?","E","R","E","T","R","E","$","E","E","R","BOSS","M","?","?","?","$","E","E","E","T","E","R","?","R","?","R","BOSS","M","?","?","M","$","E","E","E","T","R","E","$","E","?","R_BF","BOSS"],"items_purchased_type":["Card","Relic","Relic","Relic","Relic"],"build_version":"2020-12-22","purchased_purges":0,"victory":true,"max_hp_per_floor":[75,75,75,75,75,75,75,75,75,75,75,75,75,75,75,75,75,75,75,75,80,80,80,80,80,80,80,80,80,80,80,80,80,80,80,80,76,76,76,76,76,76,76,76,76,76,76,76,76,76],"card_choices":[{"not_picked":["ShootingEcho","MeteoricShower","FairyDestructionRay"],"picked":"SKIP","floor":1},{"not_picked":["ChargingUp","GalacticHalo"],"picked":"PropBag","floor":2},{"not_picked":["Acceleration","DoubleSpark"],"picked":"MachineGunSpark","floor":4},{"not_picked":["PowerUp","ShootingEcho","SatelliteIllusion"],"picked":"SKIP","floor":6},{"not_picked":["Acceleration","EscapeVelocity"],"picked":"UnstableBomb","floor":8},{"not_picked":["MysteriousBeam","EnergyFlow"],"picked":"CollectingQuirk","floor":11},{"not_picked":["LuminesStrike","WitchOfGreed","WitchLeyline"],"picked":"SKIP","floor":13},{"not_picked":["MagicAbsorber","GalacticHalo","MaximisePower"],"picked":"SKIP","floor":14},{"not_picked":["MagicChant","WitchLeyline"],"picked":"SporeBomb+1","floor":18},{"not_picked":["GalacticHalo","RefractionSpark","SuperPerseids+1"],"picked":"SKIP","floor":19},{"not_picked":["NonDirectionalLaser","LuminesStrike+1"],"picked":"AlicesGift+1","floor":23},{"not_picked":["WitchLeyline","GrandCross","DragonMeteor","GravityBeat"],"picked":"SKIP","floor":24},{"not_picked":["OrrerysSun+1","AlicesGift","SatelliteIllusion+1","MeteoricShower+1"],"picked":"SKIP","floor":25},{"not_picked":["EnergyFlow+1","GravityBeat","LuminesStrike","GrandCross"],"picked":"SKIP","floor":27},{"not_picked":["JA","UltimateShortwave","CasketOfStar+1"],"picked":"MillisecondPulsars+1","floor":33},{"not_picked":["PowerUp","GravityBeat","AlicesGift+1","RefractionSpark"],"picked":"SKIP","floor":35},{"not_picked":["DarkMatter","LuminesStrike+1","WitchLeyline+1"],"picked":"UnstableBomb+1","floor":38},{"not_picked":["RefractionSpark","OrrerysSun+1","BlazingStar","SporeBomb"],"picked":"SKIP","floor":40},{"not_picked":["SuperNova+1","PowerUp","MagicAbsorber","6A+1"],"picked":"SKIP","floor":41},{"not_picked":["ShootTheMoon","6A+1","ManaConvection+1","Singularity+1"],"picked":"SKIP","floor":42},{"not_picked":["StarBarrage","6A+1","CasketOfStar+1"],"picked":"MilkyWay+1","floor":45},{"not_picked":["DragonMeteor+1","Singularity+1","WitchLeyline+1","GrandCross+1"],"picked":"SKIP","floor":47}],"player_experience":205719,"relics_obtained":[{"floor":6,"key":"Orichalcum"},{"floor":8,"key":"Sundial"},{"floor":9,"key":"Nunchaku"},{"floor":11,"key":"Girya"},{"floor":13,"key":"Darkstone Periapt"},{"floor":14,"key":"FossilizedHelix"},{"floor":23,"key":"Question Card"},{"floor":24,"key":"AmplifyWand"},{"floor":25,"key":"Frozen Egg 2"},{"floor":26,"key":"Replay:WaspNest"},{"floor":27,"key":"Replay:PocketPolymizer"},{"floor":40,"key":"Bag of Preparation"},{"floor":41,"key":"Blood Vial"},{"floor":42,"key":"Turnip"},{"floor":43,"key":"Juzu Bracelet"},{"floor":45,"key":"Toy Ornithopter"},{"floor":47,"key":"Replay:Ringing Soul"},{"floor":49,"key":"Boot"}],"event_choices":[{"damage_healed":0,"gold_gain":0,"player_choice":"Ignored","damage_taken":0,"max_hp_gain":0,"max_hp_loss":0,"event_name":"Purifier","floor":3,"gold_loss":0},{"damage_healed":0,"gold_gain":0,"player_choice":"Gave Potion","damage_taken":0,"relics_obtained":["Replay:Mystery Machine"],"max_hp_gain":0,"max_hp_loss":0,"event_name":"WeMeetAgain","floor":5,"gold_loss":0},{"damage_healed":0,"gold_gain":0,"player_choice":"Ignored","damage_taken":0,"max_hp_gain":0,"max_hp_loss":0,"event_name":"The Mausoleum","floor":20,"gold_loss":0},{"damage_healed":0,"gold_gain":0,"player_choice":"Shed Blood","damage_taken":19,"max_hp_gain":5,"max_hp_loss":0,"event_name":"Forgotten Altar","floor":21,"gold_loss":0},{"damage_healed":0,"gold_gain":0,"player_choice":"Ignored","damage_taken":0,"max_hp_gain":0,"max_hp_loss":0,"event_name":"Vampires","floor":31,"gold_loss":0},{"damage_healed":0,"gold_gain":0,"player_choice":"Memory 1","damage_taken":0,"max_hp_gain":0,"max_hp_loss":0,"event_name":"SensoryStone","floor":36,"gold_loss":0},{"damage_healed":0,"gold_gain":0,"player_choice":"Max HP","damage_taken":0,"max_hp_gain":0,"max_hp_loss":4,"event_name":"Winding Halls","floor":37,"gold_loss":0}],"is_beta":false,"boss_relics":[{"not_picked":["Ring of Chaos","Ectoplasm"],"picked":"ReplayTheSpireMod:DimensionalGlitch"},{"not_picked":["Empty Cage","Kintsugi"],"picked":"Fusion Hammer"}],"items_purged_floors":[],"is_endless":false,"potions_floor_spawned":[1,2,19,25,38,40,45],"ascension_level":1}}