{"host":"a8rzj4nfw2w5de5r","time":1610990361,"event":{"mods":["BaseMod","Bestiary","Block Reminder","Colored Map","Downfall","Highlight Path","Minty Spire (QoL Compilation)","Relic Sorter","Relic Stats","StSLib"],"gold_per_floor":[99,112,129,148,163,163,163,175,45,45,62,92,92,109,123,219,219,219,236,246,114,132,160,210,210,210],"floor_reached":25,"language":"ENG","playtime":4537,"items_purged":["Pain"],"score":252,"play_id":"0f70091d-dad2-434f-9282-6a358c1220fd","local_time":"20210118224921","is_ascension_mode":false,"campfire_choices":[{"data":"bronze:Replicate","floor":1,"key":"SMITH"},{"floor":10,"key":"REST"},{"data":"bronze:ItsAFeature","floor":13,"key":"SMITH"},{"data":"bronze:Optimize","floor":18,"key":"SMITH"}],"circlet_count":0,"master_deck":["bronze:Strike","bronze:Strike","bronze:Strike+1","bronze:Strike","bronze:Defend","bronze:Defend","bronze:Defend","bronze:Defend","bronze:Replicate+1","bronze:Goto","bronze:DelayedSlice+1","bronze:MaxOutput+1","bronze:ChosenStrike+1","bronze:WhirlingStrike","bronze:Optimize+1","bronze:ItsAFeature+1","bronze:Shield","bronze:ItsAFeature","bronze:FindAndReplace","bronze:FineTuning","bronze:BugBarrage+1","bronze:MaxOutput","bronze:Shell","bronze:DelayedGuard+1"],"relics":["bronze:BronzeCore","Ornamental Fan","Question Card","Sozu","Whetstone","Centennial Puzzle"],"acts_visited":["Exordium","TheCity"],"potions_floor_usage":[8,16,16],"damage_taken":[{"damage":2,"enemies":"2 Louse","floor":2,"turns":3},{"damage":1,"enemies":"Cultist","floor":3,"turns":3},{"damage":7,"enemies":"Small Slimes","floor":4,"turns":3},{"damage":7,"enemies":"3 Louse","floor":5,"turns":3},{"damage":17,"enemies":"Gremlin Gang","floor":8,"turns":4},{"damage":6,"enemies":"downfall:FleeingMerchant","floor":9,"turns":4},{"damage":7,"enemies":"Blue Slaver","floor":11,"turns":3},{"damage":0,"enemies":"3 Sentries","floor":12,"turns":4},{"damage":4,"enemies":"Large Slime","floor":14,"turns":4},{"damage":8,"enemies":"Gremlin Gang","floor":15,"turns":3},{"damage":31,"enemies":"IC_STATUS_ARCHETYPE","floor":16,"turns":10},{"damage":5,"enemies":"Chosen","floor":19,"turns":4},{"damage":1,"enemies":"3 Byrds","floor":20,"turns":4},{"damage":11,"enemies":"downfall:FleeingMerchant","floor":21,"turns":4},{"damage":0,"enemies":"3 Cultists","floor":22,"turns":4},{"damage":55,"enemies":"Slavers","floor":23,"turns":5},{"damage":10,"enemies":"Centurion and Healer","floor":25,"turns":1}],"seed_played":"-9120936423548658829","potions_obtained":[{"floor":3,"key":"Dexterity Potion"},{"floor":8,"key":"Strength Potion"},{"floor":11,"key":"SteroidPotion"},{"floor":12,"key":"BlessingOfTheForge"}],"is_trial":false,"path_per_floor":["R","M","M","M","M","?","T","M","$","R","M","E","R","M","M","B",null,"R","M","M","$","M","E","T","M"],"character_chosen":"THE_AUTOMATON","items_purchased":["bronze:Optimize","bronze:MaxOutput","bronze:Shell"],"campfire_rested":1,"item_purchase_floors":[9,21,21],"current_hp_per_floor":[77,75,74,67,60,60,60,43,37,60,53,53,53,49,41,10,77,77,72,71,60,60,5,5,0,0],"gold":210,"neow_bonus":"TEN_PERCENT_HP_BONUS","is_daily":false,"chose_seed":false,"campfire_upgraded":3,"win_rate":0.0,"timestamp":1610990361,"path_taken":["R","M","M","M","M","?","T","M","$","R","M","E","R","M","M","BOSS","R","M","M","$","?","E","T","M"],"items_purchased_type":["Card","Card","Card"],"build_version":"2020-12-22","purchased_purges":1,"victory":false,"max_hp_per_floor":[77,77,77,77,77,77,77,77,77,77,77,77,77,77,77,77,77,77,77,77,77,77,77,77,77,77],"relic_stats":{"Sozu":1,"Centennial Puzzle":[3],"counters":[17,66],"Ornamental Fan":[84],"Whetstone":["bronze:ChosenStrike","bronze:Strike"],"Question Card":8,"obtain_stats":[{"Sozu":17,"Centennial Puzzle":24,"bronze:BronzeCore":0,"Ornamental Fan":7,"Whetstone":23,"Question Card":12},{"Sozu":11,"Centennial Puzzle":16,"bronze:BronzeCore":0,"Ornamental Fan":4,"Whetstone":16,"Question Card":8},{"Sozu":44,"Centennial Puzzle":65,"bronze:BronzeCore":0,"Ornamental Fan":12,"Whetstone":65,"Question Card":27}]},"card_choices":[{"not_picked":["bronze:BuggyMess","bronze:BugBarrage"],"picked":"bronze:DelayedSlice","floor":2},{"not_picked":["bronze:Safeguard","bronze:Backtrace"],"picked":"bronze:MaxOutput","floor":3},{"not_picked":["bronze:BitShift","bronze:Shield"],"picked":"bronze:ChosenStrike","floor":4},{"not_picked":["bronze:DigitalCarnage","bronze:Frontload","bronze:Safeguard"],"picked":"SKIP","floor":5},{"not_picked":["bronze:Philosophize","bronze:Shell","bronze:Flail"],"picked":"SKIP","floor":8},{"not_picked":["bronze:Mutator","bronze:CloningBeam"],"picked":"bronze:WhirlingStrike","floor":9},{"not_picked":["bronze:BitShift","bronze:Branch","bronze:Overheat"],"picked":"SKIP","floor":11},{"not_picked":["bronze:Deprecate","bronze:Boost"],"picked":"bronze:ItsAFeature","floor":12},{"not_picked":["bronze:Backtrace","bronze:WhirlingStrike","bronze:DigitalCarnage"],"picked":"bronze:Shield","floor":14},{"not_picked":["bronze:Invalidate","bronze:DarkDash","bronze:ThunderWave"],"picked":"bronze:ItsAFeature","floor":15},{"not_picked":["bronze:HyperBeam","bronze:Mutator","bronze:Verify"],"picked":"bronze:FindAndReplace","floor":16},{"not_picked":["bronze:WhirlingStrike+1","bronze:Flail","bronze:WildBeam"],"picked":"bronze:FineTuning","floor":19},{"not_picked":["bronze:ItsAFeature","bronze:Overheat+1","bronze:ForceShield","bronze:BuggyMess+1"],"picked":"SKIP","floor":20},{"not_picked":["bronze:Repair","bronze:BronzeOrb","bronze:Invalidate"],"picked":"bronze:BugBarrage+1","floor":21},{"not_picked":["bronze:WildBeam","bronze:CutThrough","bronze:Deprecate"],"picked":"bronze:DelayedGuard+1","floor":22},{"not_picked":["bronze:ThunderWave","bronze:BitShift","bronze:DelayedSlice","bronze:Fortify"],"picked":"SKIP","floor":23}],"player_experience":597059,"relics_obtained":[{"floor":7,"key":"Ornamental Fan"},{"floor":12,"key":"Question Card"},{"floor":23,"key":"Whetstone"},{"floor":24,"key":"Centennial Puzzle"}],"event_choices":[],"is_beta":false,"boss_relics":[{"not_picked":["expansioncontent:StudyCardRelic","Fusion Hammer"],"picked":"Sozu"}],"items_purged_floors":[9],"is_endless":false,"potions_floor_spawned":[3,8,11,12,14,22],"killed_by":"Centurion and Healer","ascension_level":0}}