{"host":"d66n7ln59ex8canu","time":1610945885,"event":{"mods":["AchievementEnabler","BaseMod","Colored Map","Minty Spire (QoL Compilation)","Quick Restart","StSLib"],"gold_per_floor":[110,125,144,99,274,306,50,76,76,76,87,116,116,116,116,215,215,225,236,236,236],"floor_reached":20,"language":"ENG","playtime":624,"items_purged":[],"score":255,"play_id":"82ef98e7-d0fb-4e27-81c1-b81abc3dc98b","local_time":"20210117235805","is_ascension_mode":true,"campfire_choices":[{"data":"Deadly Poison","floor":10,"key":"SMITH"},{"data":"Deadly Poison","floor":13,"key":"SMITH"},{"data":"Poisoned Stab","floor":15,"key":"SMITH"}],"circlet_count":0,"master_deck":["Strike_G","Strike_G","Strike_G","Strike_G","Strike_G","Defend_G","Defend_G","Defend_G","Defend_G","Defend_G","Survivor","Neutralize","Poisoned Stab","Poisoned Stab+1","Cloak And Dagger","Poisoned Stab","Doubt","Backflip","Deadly Poison+1","Deadly Poison+1","Envenom"],"relics":["Ring of the Snake","NeowsBlessing","WingedGreaves","Lee\u0027s Waffle","Kunai","Eternal Feather","Pear","Pantograph","Runic Pyramid"],"acts_visited":["Exordium","TheCity"],"potions_floor_usage":[16,20,20],"damage_taken":[{"damage":0,"enemies":"Cultist","floor":1,"turns":1},{"damage":0,"enemies":"Jaw Worm","floor":2,"turns":1},{"damage":0,"enemies":"Small Slimes","floor":3,"turns":1},{"damage":31,"enemies":"Gremlin Nob","floor":6,"turns":4},{"damage":31,"enemies":"3 Sentries","floor":8,"turns":10},{"damage":7,"enemies":"Exordium Wildlife","floor":11,"turns":3},{"damage":18,"enemies":"Lagavulin","floor":12,"turns":6},{"damage":45,"enemies":"Hexaghost","floor":16,"turns":7},{"damage":23,"enemies":"3 Byrds","floor":18,"turns":6},{"damage":43,"enemies":"2 Thieves","floor":19,"turns":4},{"damage":26,"enemies":"Snake Plant","floor":20,"turns":4}],"seed_played":"6339110497598202414","potions_obtained":[{"floor":2,"key":"EssenceOfSteel"},{"floor":11,"key":"DuplicationPotion"}],"is_trial":false,"path_per_floor":["M","M","M","$","?","E","$","E","T","R","M","E","R","T","R","B",null,"M","M","M"],"character_chosen":"THE_SILENT","items_purchased":["Poisoned Stab","Deadly Poison","Lee\u0027s Waffle","Poison Potion"],"campfire_rested":0,"item_purchase_floors":[4,7,7,7],"current_hp_per_floor":[70,70,70,70,70,39,77,46,46,58,51,43,55,55,67,42,87,64,21,0,0],"gold":236,"neow_bonus":"THREE_ENEMY_KILL","is_daily":false,"chose_seed":false,"campfire_upgraded":3,"win_rate":0.0,"timestamp":1610945885,"path_taken":["M","?","M","?","?","E","$","E","T","R","M","E","R","?","R","BOSS","M","M","M"],"items_purchased_type":["Card","Card","Relic","Potion"],"build_version":"2020-12-22","purchased_purges":0,"victory":false,"max_hp_per_floor":[70,70,70,70,70,70,77,77,77,77,77,87,87,87,87,87,87,87,87,87,87],"card_choices":[{"not_picked":["Sucker Punch","Slice"],"picked":"Poisoned Stab","floor":1},{"not_picked":["Quick Slash","Flying Knee"],"picked":"Poisoned Stab","floor":2},{"not_picked":["Acrobatics","Reflex"],"picked":"Cloak And Dagger","floor":3},{"not_picked":["Eviscerate","Quick Slash"],"picked":"Backflip","floor":6},{"not_picked":["Backflip","Well Laid Plans"],"picked":"Deadly Poison","floor":8},{"not_picked":["Blade Dance","Distraction","Well Laid Plans"],"picked":"SKIP","floor":11},{"not_picked":["Tools of the Trade","Leg Sweep","Finisher"],"picked":"SKIP","floor":12},{"not_picked":["Doppelganger","Grand Finale"],"picked":"Envenom","floor":16},{"not_picked":["Cloak And Dagger","Outmaneuver","Quick Slash"],"picked":"SKIP","floor":18},{"not_picked":["Escape Plan+1","Cloak And Dagger+1","Infinite Blades"],"picked":"SKIP","floor":19}],"player_experience":330410,"relics_obtained":[{"floor":6,"key":"WingedGreaves"},{"floor":8,"key":"Kunai"},{"floor":9,"key":"Eternal Feather"},{"floor":12,"key":"Pear"},{"floor":14,"key":"Pantograph"}],"event_choices":[{"damage_healed":0,"gold_gain":175,"player_choice":"AGREE","damage_taken":0,"max_hp_gain":0,"max_hp_loss":0,"event_name":"Liars Game","floor":5,"gold_loss":0,"cards_obtained":["Doubt"]}],"is_beta":false,"boss_relics":[{"not_picked":["Coffee Dripper","Runic Dome"],"picked":"Runic Pyramid"}],"items_purged_floors":[],"is_endless":false,"potions_floor_spawned":[2,11,12],"killed_by":"Snake Plant","ascension_level":4}}