{"host":"1i8zkjbir2oea10k","time":1610989469,"event":{"mods":["Act Like it!","Aspiration","BaseMod","Challenge The Spire","ChefMod","Colored Map","Conspire","Dota2Spire","Ekko","Elementarium","Energized Spire","GifTheSpireLib","Googly Eyes","Halation","Hermit","Hubris","Hyrulean Relics","Infinite Spire","JesterMod","Mari Mod (Legacy)","Mari\u0027s V1 Patch","Marisa????????","Minty Spire (QoL Compilation)","Pale of the Ancients","Replay The Spire","Shade Mod","Shop Mod","Small Relic Pack","Spikes Relics","StSLib","Stuff the Spire","The Alterego","The Animator","The Blue Laboratory","The Jungle","The Mystic","The Poker Player","The Servant 0.9.4","Trackpad","Waifu the Spire","Wandering Minibosses","WarShipGirlsR/????R mod","everything is the same but u backflip on backflip"],"gold_per_floor":[109,109,35,48,82,82,126,146,146,146,171,190,190,180,180,297,297,322,322,322,322,346,346,490,514,514,553,587,587,587,587,775,817,817,944,944,967,967,354,368,0,158,233,233,278,325,325,495,495,495,495,519,519],"floor_reached":52,"language":"ENG","playtime":4083,"items_purged":[],"score":698,"play_id":"e42e31a2-8f1e-4243-8c65-851a88d77ec0","local_time":"20210118180429","is_ascension_mode":false,"campfire_choices":[{"data":"hermit:Manifest","floor":6,"key":"SMITH"},{"data":"hermit:Scavenge","floor":13,"key":"SMITH"},{"floor":15,"key":"DIG"},{"data":"hermit:Adapt","floor":23,"key":"SMITH"},{"data":"infinitespire:Collect","floor":34,"key":"SMITH"},{"data":"hermit:Combo","floor":47,"key":"SMITH"},{"data":"hermit:HighNoon","floor":49,"key":"SMITH"},{"data":"hermit:Cheat","floor":51,"key":"SMITH"}],"circlet_count":0,"master_deck":["hermit:Strike_Hermit","hermit:Strike_Hermit","hermit:Strike_Hermit","hermit:Strike_Hermit","hermit:Defend_Hermit","hermit:Defend_Hermit","hermit:Defend_Hermit","hermit:Defend_Hermit","hermit:Snapshot+1","hermit:Covet","hermit:Scavenge","hermit:GhostlyPresence","hermit:Manifest+1","hermit:Scavenge+1","hermit:Enervate","hermit:GhostlyPresence","hermit:Deadeye","hermit:FlashPowder","hermit:EyeOfTheStorm","hermit:HighNoon+1","hermit:Adapt+1","hermit:Combo+1","hermit:DeadOrAlive","hermit:Scavenge","hermit:TakeAim+1","hermit:Cheat+1","infinitespire:Collect+1","hermit:Scavenge","hermit:Dissolve","hermit:CalledShot","Parasite","hermit:TakeAim+1"],"relics":["StuffTheSpire:OccultApparatus","NeowsBlessing","relicPack:AllForOne","trackpad:IceCube","Dota2Spire:Satanic","Juzu Bracelet","StuffTheSpire:TintedRock","Dota2Spire:Bloodstone","hubris:Towel","halation:StarCompass","hubris:MedicalManual","Frozen Egg 2","Quantum Egg","infinitespire:Cupcake","halation:PapillonHeart","Happy Flower","Bottled Lightning","MerchantsRug","Red Mask","Dota2Spire:MagicBottle","Mirror","relicPack:DSword","Replay:Wax Seal","Chameleon Ring"],"acts_visited":["Exordium","TheCity","TheBeyond"],"potions_floor_usage":[7,25,27,35,35,42,52],"damage_taken":[{"damage":0,"enemies":"Jaw Worm","floor":1,"turns":1},{"damage":0,"enemies":"Small Slimes","floor":4,"turns":1},{"damage":0,"enemies":"conspire:MimicChest","floor":5,"turns":1},{"damage":4,"enemies":"3 Sentries","floor":7,"turns":12},{"damage":0,"enemies":"conspire:RoseBush","floor":8,"turns":3},{"damage":2,"enemies":"Looter","floor":11,"turns":3},{"damage":1,"enemies":"3 Louse","floor":12,"turns":4},{"damage":12,"enemies":"Fading Forest","floor":16,"turns":11},{"damage":3,"enemies":"conspire:FuzzyDice","floor":18,"turns":6},{"damage":6,"enemies":"Shell Parasite","floor":22,"turns":8},{"damage":0,"enemies":"conspire:Head Lice","floor":24,"turns":7},{"damage":0,"enemies":"Sentry and Sphere","floor":25,"turns":5},{"damage":0,"enemies":"Snecko","floor":27,"turns":8},{"damage":1,"enemies":"Centurion and Healer","floor":28,"turns":6},{"damage":0,"enemies":"conspire:SneckoGhost","floor":32,"turns":7},{"damage":0,"enemies":"Snake Plant","floor":33,"turns":5},{"damage":16,"enemies":"Collector","floor":35,"turns":13},{"damage":0,"enemies":"3 Shapes","floor":37,"turns":8},{"damage":0,"enemies":"Orb Walker","floor":40,"turns":3},{"damage":20,"enemies":"Nightmare","floor":42,"turns":9},{"damage":0,"enemies":"Writhing Mass","floor":46,"turns":5},{"damage":0,"enemies":"R_Hoarder","floor":48,"turns":4},{"damage":37,"enemies":"infinitespire:MassOfShapes","floor":52,"turns":7}],"seed_played":"-2131103792883085734","potions_obtained":[{"floor":1,"key":"Strength Potion"},{"floor":7,"key":"blueLaboratory:HorrorPotion"},{"floor":11,"key":"blueLaboratory:HeartbeatPotion"},{"floor":18,"key":"blueLaboratory:CorrosionFlask"},{"floor":25,"key":"PowerPotion"},{"floor":27,"key":"blueLaboratory:LouseDecoction"},{"floor":32,"key":"SkillPotion"},{"floor":35,"key":"blueLaboratory:EmptyBottle"},{"floor":37,"key":"Reflective Coating"},{"floor":42,"key":"Languid Potion"}],"is_trial":false,"path_per_floor":["M","?","$","M","?","R","E","M","T","?","M","M","R","?","R_BF","B",null,"M","?","?","?","M","R","E","M","T","M","M","PTL","PTL","?","E","M","R","B",null,"M","?","$","M","?","NM","T","?","T","M","R","E","R","?","R","B"],"character_chosen":"HERMIT","items_purchased":["hermit:GhostlyPresence","Happy Flower","hermit:CalledShot","Bottled Lightning","MerchantsRug"],"campfire_rested":0,"item_purchase_floors":[3,39,39,39,39],"current_hp_per_floor":[75,75,75,75,75,75,71,71,71,71,69,68,68,68,68,62,75,72,72,72,72,66,66,66,66,66,66,65,65,65,47,63,63,63,47,75,75,71,71,71,71,51,51,16,16,28,28,37,37,37,37,0,0],"gold":519,"neow_bonus":"THREE_ENEMY_KILL","is_daily":false,"chose_seed":false,"campfire_upgraded":7,"win_rate":0.0,"timestamp":1610989469,"path_taken":["M","?","$","M","?","R","E","M","T","?","M","M","R","?","R_BF","BOSS","M","?","?","?","M","R","E","M","T","M","M","PTL","PTL","?","E","M","R","BOSS","M","?","$","M","?","NM","?","?","T","M","R","E","R","?","R","BOSS"],"items_purchased_type":["Card","Relic","Card","Relic","Relic"],"build_version":"2020-12-22","purchased_purges":0,"victory":false,"max_hp_per_floor":[75,75,75,75,75,75,75,75,75,75,75,75,75,75,75,75,75,75,75,75,75,75,75,75,75,75,75,75,75,75,75,75,75,75,75,75,75,71,71,71,71,71,71,71,71,71,71,71,71,71,71,71,71],"card_choices":[{"not_picked":["hermit:FlashPowder","hermit:LuckOfTheDraw"],"picked":"hermit:Scavenge","floor":1},{"not_picked":["hermit:Glare","hermit:CalledShot"],"picked":"hermit:Manifest","floor":4},{"not_picked":["hermit:Feint","hermit:Quickdraw"],"picked":"hermit:Scavenge","floor":5},{"not_picked":["hermit:TakeCover","hermit:SprayPray"],"picked":"hermit:Enervate","floor":7},{"not_picked":["hermit:BigShot","hermit:Spite"],"picked":"hermit:GhostlyPresence","floor":8},{"not_picked":["hermit:WideOpen","hermit:CalledShot"],"picked":"hermit:Deadeye","floor":11},{"not_picked":["hermit:Snipe","hermit:CalledShot"],"picked":"hermit:FlashPowder","floor":12},{"not_picked":[],"picked":"hermit:EyeOfTheStorm","floor":14},{"not_picked":[],"picked":"hermit:HighNoon","floor":14},{"not_picked":["hermit:FromBeyond","hermit:HighNoon"],"picked":"hermit:Adapt","floor":16},{"not_picked":["hermit:LowProfile","hermit:PistolWhip+1","hermit:Roulette"],"picked":"SKIP","floor":18},{"not_picked":["hermit:BodyArmor","hermit:Roulette"],"picked":"hermit:Combo","floor":22},{"not_picked":["hermit:Reprieve","hermit:TakeAim"],"picked":"hermit:DeadOrAlive","floor":24},{"not_picked":["hermit:Misfire","hermit:Feint"],"picked":"hermit:Scavenge","floor":25},{"not_picked":["hermit:Virtue","hermit:SprayPray+1"],"picked":"hermit:TakeAim+1","floor":27},{"not_picked":["hermit:Snipe","hermit:Manifest"],"picked":"hermit:Cheat","floor":28},{"not_picked":["infinitespire:Execution","infinitespire:FinalStrike"],"picked":"infinitespire:Collect","floor":31},{"not_picked":["hermit:FlashPowder","hermit:Brawl+1"],"picked":"hermit:Scavenge","floor":32},{"not_picked":["hermit:Virtue+1","hermit:Deadeye","hermit:Feint"],"picked":"SKIP","floor":33},{"not_picked":["hermit:EternalForm+1","hermit:RoundhouseKick"],"picked":"hermit:Dissolve","floor":35},{"not_picked":["hermit:Snipe+1","hermit:Cheat+1","hermit:Feint"],"picked":"SKIP","floor":37},{"not_picked":["hermit:LowProfile+1","hermit:Misfire","hermit:Headshot"],"picked":"SKIP","floor":40},{"not_picked":["hermit:Glare+1","hermit:Showdown+1","hermit:LowProfile+1"],"picked":"SKIP","floor":42},{"not_picked":["hermit:HoleUp+1","hermit:Spite","hermit:Headshot"],"picked":"SKIP","floor":46},{"not_picked":["hermit:LowProfile","hermit:Gambit"],"picked":"hermit:TakeAim+1","floor":48}],"player_experience":576563,"relics_obtained":[{"floor":5,"key":"trackpad:IceCube"},{"floor":7,"key":"Dota2Spire:Satanic"},{"floor":9,"key":"Juzu Bracelet"},{"floor":15,"key":"StuffTheSpire:TintedRock"},{"floor":24,"key":"hubris:MedicalManual"},{"floor":26,"key":"Frozen Egg 2"},{"floor":32,"key":"Quantum Egg"},{"floor":42,"key":"Dota2Spire:MagicBottle"},{"floor":43,"key":"Mirror"},{"floor":45,"key":"Replay:Wax Seal"},{"floor":48,"key":"Chameleon Ring"}],"event_choices":[{"damage_healed":0,"gold_gain":0,"player_choice":"Paid","damage_taken":0,"relics_obtained":["Red Mask"],"max_hp_gain":0,"max_hp_loss":0,"event_name":"Tomb of Lord Red Mask","floor":41,"gold_loss":368}],"is_beta":false,"boss_relics":[{"not_picked":["conspire:SeveredTorchhead","energizedSpire:EnergizedDie"],"picked":"Dota2Spire:Bloodstone"},{"not_picked":["halation:PinkAlligatorPlush","halation:LoveArrow"],"picked":"infinitespire:Cupcake"}],"items_purged_floors":[],"is_endless":true,"potions_floor_spawned":[1,7,11,18,25,27,32,35,37,42],"killed_by":"infinitespire:MassOfShapes","ascension_level":0}}