{"host":"ux1e5jwgl66eze79","time":1610983562,"event":{"mods":["2.2 Compatiblity","Act Like it!","Aspiration","BaseMod","Conspire","Downfall","Duelist Mod","GifTheSpireLib","Hermit","Hubris","Minty Spire (QoL Compilation)","StSLib","The Construct","The Cursed","The Disciple","Wandering Minibosses"],"gold_per_floor":[145,145,162,90,90,115,115,131,131,107,97,97,131,149,149,247,247,263,9,9,0,0],"floor_reached":21,"language":"ENG","playtime":1157,"items_purged":["theDuelist:Sparks","theDuelist:ToonWorld"],"score":244,"play_id":"f11a3e87-c178-45eb-af02-3ee7823bae8e","local_time":"20210118162602","is_ascension_mode":true,"campfire_choices":[{"data":"theDuelist:ToonCannonSoldier","floor":7,"key":"SMITH"},{"floor":12,"key":"REST"},{"data":"theDuelist:ComicHand","floor":15,"key":"SMITH"}],"circlet_count":0,"master_deck":["theDuelist:CastleWalls","theDuelist:CastleWalls","theDuelist:MangaRyuRan","theDuelist:Sparks","theDuelist:ToonAncientGear","theDuelist:ToonMermaid","theDuelist:ToonSummonedSkull+1","theDuelist:ToonMermaid","theDuelist:ToonCannonSoldier+1","theDuelist:ToonSummonedSkull","theDuelist:ToonCannonSoldier","theDuelist:ComicHand+1","theDuelist:ToonMermaid","theDuelist:Solidarity"],"relics":["theDuelist:MillenniumPuzzle","theDuelist:CardPoolRelic","theDuelist:CardPoolBasicRelic","theDuelist:BoosterPackPoolRelic","theDuelist:CardPoolAddRelic","theDuelist:CardPoolMinusRelic","theDuelist:CardPoolSaveRelic","theDuelist:CardPoolOptionsRelic","NeowsBlessing","hubris:TinFlute","conspire:IceCreamScoop","theDuelist:PointPass","Blood Vial","theDuelist:MillenniumPeriapt","hubris:TerracottaHorce","Red Skull","Nilry\u0027s Codex"],"acts_visited":["Exordium","TheCity"],"potions_floor_usage":[13,14,16],"damage_taken":[{"damage":1,"enemies":"Cultist","floor":1,"turns":1},{"damage":1,"enemies":"Jaw Worm","floor":3,"turns":1},{"damage":2,"enemies":"Lagavulin","floor":6,"turns":1},{"damage":14,"enemies":"Small Slimes","floor":8,"turns":2},{"damage":25,"enemies":"Exordium Wildlife","floor":11,"turns":6},{"damage":14,"enemies":"3 Sentries","floor":13,"turns":3},{"damage":4,"enemies":"3 Louse","floor":14,"turns":2},{"damage":33,"enemies":"Hexaghost","floor":16,"turns":5},{"damage":47,"enemies":"3 Byrds","floor":18,"turns":4},{"damage":7,"enemies":"2 Thieves","floor":21,"turns":1}],"seed_played":"-6585434528618969107","potions_obtained":[{"floor":6,"key":"theDuelist:FlamingBottle"},{"floor":8,"key":"theDuelist:WaterBottle"},{"floor":11,"key":"theDuelist:FusionPotion"}],"is_trial":false,"path_per_floor":["M","?","M","$","?","E","R","M","T","$","M","R","E","M","R","B",null,"M","$","?","M"],"character_chosen":"THE_DUELIST","items_purchased":["theDuelist:ToonSummonedSkull","theDuelist:PointPass","Blood Vial","Red Skull"],"campfire_rested":1,"item_purchase_floors":[4,10,10,19],"current_hp_per_floor":[79,79,78,78,78,76,76,62,62,62,39,63,51,49,49,18,65,20,20,4,0,0],"gold":0,"neow_bonus":"THREE_ENEMY_KILL","is_daily":false,"chose_seed":false,"campfire_upgraded":2,"win_rate":0.0,"timestamp":1610983562,"path_taken":["M","?","M","$","?","E","R","M","T","$","?","R","E","M","R","BOSS","M","$","?","M"],"items_purchased_type":["Card","Relic","Relic","Relic"],"build_version":"2020-12-22","purchased_purges":2,"victory":false,"max_hp_per_floor":[80,80,80,80,80,80,80,80,80,80,80,80,80,80,80,80,80,80,80,80,80,80],"card_choices":[{"not_picked":["theDuelist:RedEyesToon","theDuelist:CheerfulCoffin","theDuelist:ToonBarrelDragon","theDuelist:ToonBriefcase"],"picked":"theDuelist:ToonMermaid","floor":1},{"not_picked":["theDuelist:ToonBriefcase","theDuelist:ToonKingdom","theDuelist:ToonWorld"],"picked":"theDuelist:ToonCannonSoldier","floor":3},{"not_picked":["theDuelist:SpellShatteringArrow","theDuelist:CheerfulCoffin","theDuelist:ToonMermaid","theDuelist:FlyingSaucer"],"picked":"theDuelist:ToonCannonSoldier","floor":6},{"not_picked":["theDuelist:SpellShatteringArrow","theDuelist:ShadowToon","theDuelist:ToonRollback","theDuelist:ToonKingdom"],"picked":"theDuelist:ComicHand","floor":8},{"not_picked":["theDuelist:BlueEyesToon","theDuelist:ToonSummonedSkull","theDuelist:FlyingSaucer","theDuelist:ToonGeminiElf","theDuelist:ToonAncientGear"],"picked":"SKIP","floor":11},{"not_picked":["theDuelist:ToonBarrelDragon","theDuelist:FlyingSaucer","theDuelist:ToonAncientGear","theDuelist:ToonGoblin"],"picked":"theDuelist:ToonMermaid","floor":13},{"not_picked":["theDuelist:MangaRyuRan","theDuelist:GreenGraveOni","theDuelist:PurplePainOni","theDuelist:RainbowKuriboh","theDuelist:RedHeadedOni"],"picked":"SKIP","floor":14},{"not_picked":["theDuelist:SmashingGround","theDuelist:WingedKuribohLv10","theDuelist:YamiForm","theDuelist:YellowBelliedOni"],"picked":"theDuelist:Solidarity","floor":16},{"not_picked":["theDuelist:FeatherShot","theDuelist:SwordsConcealing","theDuelist:HeartUnderdog+1"],"picked":"SKIP","floor":18}],"player_experience":155850,"relics_obtained":[{"floor":6,"key":"hubris:TinFlute"},{"floor":9,"key":"conspire:IceCreamScoop"},{"floor":13,"key":"theDuelist:MillenniumPeriapt"},{"floor":20,"key":"Nilry\u0027s Codex"}],"event_choices":[{"cards_removed":["theDuelist:Sparks"],"damage_healed":0,"gold_gain":0,"player_choice":"Offered Basic","damage_taken":0,"max_hp_gain":0,"max_hp_loss":0,"event_name":"Bonfire Elementals","floor":5,"gold_loss":0},{"damage_healed":0,"gold_gain":0,"player_choice":"Obtained Book","damage_taken":16,"max_hp_gain":0,"max_hp_loss":0,"event_name":"Cursed Tome","floor":20,"gold_loss":0}],"is_beta":false,"boss_relics":[{"not_picked":["conspire:SlowCooker","Empty Cage"],"picked":"hubris:TerracottaHorce"}],"items_purged_floors":[10,19],"is_endless":false,"potions_floor_spawned":[6,8,11],"killed_by":"2 Thieves","ascension_level":3}}