{"host":"vucub2jtaeo9vgh1","time":1610994341,"event":{"mods":["BaseMod","BetterRewards","Minty Spire (QoL Compilation)","Quick Restart","Rare Cards Sparkle","Replay The Spire","StSLib"],"gold_per_floor":[369,380,400,58,158,188,188,198,198,198,209,209,220,235,235,331,381,399,157,167,167,181,215,215,215,215,225,225,150,179,7,7,106,106,125,172,7,26,42,77,77,88,88,138,157,12,40,53,53,53],"floor_reached":51,"language":"ENG","playtime":1906,"items_purged":["Strike_R","Defend_R"],"score":799,"play_id":"9d5ad12d-5158-439f-9e87-e2dd8c33ed33","local_time":"20210118192541","is_ascension_mode":false,"campfire_choices":[{"data":"Shockwave","floor":7.0,"key":"SMITH"},{"data":"Twin Strike","floor":7.0,"key":"SMITH"},{"floor":10.0,"key":"REST"},{"data":"Shrug It Off","floor":12.0,"key":"SMITH"},{"data":"Bash","floor":12.0,"key":"SMITH"},{"floor":15.0,"key":"DIG"},{"data":"Heavy Blade","floor":24.0,"key":"SMITH"},{"data":"Berserk","floor":24.0,"key":"SMITH"},{"data":"Dropkick","floor":28.0,"key":"SMITH"},{"data":"Double Tap","floor":28.0,"key":"SMITH"},{"data":"Pummel","floor":32.0,"key":"SMITH"},{"data":"Defend_R","floor":32.0,"key":"SMITH"},{"data":"Apotheosis","floor":41,"key":"SMITH"},{"data":"Limit Break","floor":41,"key":"SMITH"},{"floor":49,"key":"REST"}],"circlet_count":0,"master_deck":["Strike_R+1","Strike_R+1","Strike_R","Defend_R+1","Defend_R","Defend_R","Bash+1","Shockwave+1","Twin Strike+1","Shrug It Off+1","Inflame+1","Double Tap+1","Dropkick+1","Berserk+1","Iron Wave+1","Heavy Blade+1","Shockwave+1","Pot Of Greed","Pot Of Greed","Sword Boomerang+1","Pummel+1","Bloodletting","Apotheosis+1","Limit Break+1","Pot Of Greed","Spot Weakness","Massacre+1","Shrug It Off+1"],"relics":["Burning Blood","Replay:Arrowhead","Incense Burner","Ice Cream","Replay:Towering Pillar of Hats","Tiny House","Sling","MutagenicStrength","Grinning Jar","Counterbalance","Garlic","Runic Pyramid","CaptainsWheel","Gremlin Food","Replay:Bottled Steam","FossilizedHelix","Vajra","PreservedInsect"],"acts_visited":["Exordium","TheCity","TheBeyond"],"potions_floor_usage":[50,50],"damage_taken":[{"damage":8.0,"enemies":"Small Slimes","floor":1.0,"turns":3.0},{"damage":6.0,"enemies":"Cultist","floor":2.0,"turns":4.0},{"damage":11.0,"enemies":"Jaw Worm","floor":3.0,"turns":3.0},{"damage":28.0,"enemies":"3 Sentries","floor":6.0,"turns":6.0},{"damage":11.0,"enemies":"Blue Slaver","floor":8.0,"turns":3.0},{"damage":0.0,"enemies":"Exordium Thugs","floor":11.0,"turns":4.0},{"damage":10.0,"enemies":"Lots of Slimes","floor":13.0,"turns":5.0},{"damage":1.0,"enemies":"2 Fungi Beasts","floor":14.0,"turns":3.0},{"damage":17.0,"enemies":"The Guardian","floor":16.0,"turns":10.0},{"damage":17.0,"enemies":"3 Byrds","floor":18.0,"turns":6.0},{"damage":8.0,"enemies":"Shell Parasite","floor":20.0,"turns":5.0},{"damage":0.0,"enemies":"Snecko","floor":22.0,"turns":4.0},{"damage":7.0,"enemies":"Replay:Snechameleon","floor":23.0,"turns":4.0},{"damage":0.0,"enemies":"Centurion and Healer","floor":27.0,"turns":5.0},{"damage":50.0,"enemies":"Slavers","floor":30.0,"turns":5.0},{"damage":37.0,"enemies":"Collector","floor":33.0,"turns":8.0},{"damage":10.0,"enemies":"3 Shapes","floor":35.0,"turns":3.0},{"damage":10.0,"enemies":"2 Orb Walkers","floor":36.0,"turns":4.0},{"damage":8.0,"enemies":"Orb Walker","floor":38.0,"turns":3.0},{"damage":14.0,"enemies":"4 Shapes","floor":39.0,"turns":6.0},{"damage":14,"enemies":"Giant Head","floor":40,"turns":5},{"damage":20,"enemies":"3 Darklings","floor":42,"turns":5},{"damage":0,"enemies":"Mind Bloom Boss Battle","floor":44,"turns":3},{"damage":8,"enemies":"Jaw Worm Horde","floor":45,"turns":5},{"damage":35,"enemies":"Nemesis","floor":47,"turns":3},{"damage":0,"enemies":"4 Shapes","floor":48,"turns":5},{"damage":27,"enemies":"Time Eater","floor":50,"turns":7}],"seed_played":"-786925901961820781","potions_obtained":[{"floor":1.0,"key":"EssenceOfSteel"},{"floor":11.0,"key":"Ancient Potion"},{"floor":13.0,"key":"Languid Potion"},{"floor":14.0,"key":"DuplicationPotion"},{"floor":17.0,"key":"SneckoOil"},{"floor":22.0,"key":"Reflective Coating"},{"floor":30.0,"key":"FearPotion"},{"floor":33.0,"key":"Elixir"},{"floor":39,"key":"Toxic Potion"}],"is_trial":false,"path_per_floor":["M","M","M","$","?","E","R","M","T","R","M","R","M","M","R","B",null,"M","$","M","?","M","E","R","?","T","M","R","?","E","$","R","B",null,"M","?","$","M","M","E","R","M","T","?","M","$","E","M","R","B",null],"character_chosen":"IRONCLAD","items_purchased":["Replay:Arrowhead","Inflame+1","Sling","Heavy Blade","Pummel","Apotheosis","Vajra"],"campfire_rested":2,"item_purchase_floors":[4,4,19,19,31,37,46],"current_hp_per_floor":[54,54,49,49,49,27,27,22,22,46,52,52,48,53,53,42,85,74,74,72,72,78,77,77,77,77,83,83,83,39,39,39,8,85,81,77,77,75,67,59,59,45,45,51,49,49,20,26,51,30],"gold":53,"neow_bonus":"TWO_FIFTY_GOLD","is_daily":false,"chose_seed":false,"campfire_upgraded":12,"win_rate":0.0,"timestamp":1610994341,"path_taken":["M","M","M","$","?","E","R","?","T","R","M","R","M","?","R","BOSS","M","$","M","?","M","E","R","?","T","M","R","?","E","$","R","BOSS","M","?","?","M","?","E","R","M","T","?","M","$","E","M","R","BOSS"],"items_purchased_type":["Relic","Card","Relic","Card","Card","Card","Relic"],"build_version":"2020-12-22","purchased_purges":2,"victory":true,"max_hp_per_floor":[80,80,80,80,80,80,80,80,80,80,80,80,80,80,80,80,85,85,85,85,85,85,85,85,85,85,85,85,85,85,85,85,85,85,85,85,85,85,85,85,85,85,85,85,85,85,85,85,85,85],"card_choices":[{"not_picked":["Headbutt","ReplayTheSpireMod:Strike From Hell"],"picked":"Shockwave","floor":1.0},{"not_picked":["Uppercut","Heavy Blade"],"picked":"Twin Strike","floor":2.0},{"not_picked":["Sword Boomerang","Iron Wave"],"picked":"Shrug It Off","floor":3.0},{"not_picked":["Wild Strike","Havoc"],"picked":"Double Tap","floor":6.0},{"not_picked":["Clash","Battle Trance","Warcry"],"picked":"SKIP","floor":8.0},{"not_picked":["Carnage","Entrench","Run Through"],"picked":"SKIP","floor":11.0},{"not_picked":["Headbutt","True Grit","Shrug It Off"],"picked":"SKIP","floor":13.0},{"not_picked":["Flame Barrier","Warcry"],"picked":"Dropkick","floor":14.0},{"not_picked":["Reaper","Barricade"],"picked":"Berserk","floor":16.0},{"not_picked":["Clash+1","Perfected Strike"],"picked":"Iron Wave+1","floor":18.0},{"not_picked":["Life Link","Wild Strike"],"picked":"Shockwave+1","floor":20.0},{"not_picked":["Clothesline","Replay:Undeath\u0027s Touch+1","Run Through+1"],"picked":"SKIP","floor":22.0},{"not_picked":["Life Link","Dark Embrace","Run Through"],"picked":"SKIP","floor":23.0},{"not_picked":["Twin Strike","Flex+1","Reaper"],"picked":"SKIP","floor":27.0},{"not_picked":["True Grit","Anger"],"picked":"Sword Boomerang+1","floor":30.0},{"not_picked":["Pommel Strike+1","Body Slam+1"],"picked":"Bloodletting","floor":35.0},{"not_picked":["Clothesline+1","ReplayTheSpireMod:Muscle Training+1"],"picked":"Limit Break","floor":38.0},{"not_picked":["Second Wind+1","Wild Strike+1","Armaments+1"],"picked":"SKIP","floor":39},{"not_picked":["Carnage+1","Immolate","Hemogenesis"],"picked":"SKIP","floor":40},{"not_picked":["Evolve","ReplayTheSpireMod:Strike From Hell","Twin Strike+1"],"picked":"SKIP","floor":42},{"not_picked":["ReplayReversal+1","Cleave"],"picked":"Spot Weakness","floor":44},{"not_picked":["Twin Strike","Armaments"],"picked":"Massacre+1","floor":45},{"not_picked":["Thunderclap","Iron Wave","Cleave"],"picked":"SKIP","floor":47},{"not_picked":["ReplayReversal","Havoc"],"picked":"Shrug It Off+1","floor":48}],"player_experience":284568,"relics_obtained":[{"floor":6.0,"key":"Incense Burner"},{"floor":9.0,"key":"Ice Cream"},{"floor":15.0,"key":"Replay:Towering Pillar of Hats"},{"floor":23.0,"key":"Grinning Jar"},{"floor":26.0,"key":"Counterbalance"},{"floor":30.0,"key":"Garlic"},{"floor":36.0,"key":"CaptainsWheel"},{"floor":40,"key":"Gremlin Food"},{"floor":43,"key":"Replay:Bottled Steam"},{"floor":44,"key":"FossilizedHelix"},{"floor":47,"key":"PreservedInsect"}],"event_choices":[{"damage_healed":0.0,"max_hp_gain":0.0,"max_hp_loss":0.0,"gold_gain":100.0,"event_name":"Golden Shrine","player_choice":"Pray","floor":5.0,"gold_loss":0.0,"damage_taken":0.0},{"damage_healed":0.0,"max_hp_gain":0.0,"max_hp_loss":0.0,"gold_gain":0.0,"event_name":"Drug Dealer","player_choice":"Inject Mutagens","floor":21.0,"gold_loss":0.0,"damage_taken":0.0,"relics_obtained":["MutagenicStrength"]},{"damage_healed":0.0,"max_hp_gain":0.0,"max_hp_loss":0.0,"gold_gain":0.0,"event_name":"Ghosts","player_choice":"Ignored","floor":25.0,"gold_loss":0.0,"damage_taken":0.0},{"cards_removed":["Strike_R"],"damage_healed":0.0,"max_hp_gain":0.0,"max_hp_loss":0.0,"gold_gain":0.0,"event_name":"Beggar","player_choice":"Gave Gold","floor":29.0,"gold_loss":75.0,"damage_taken":0.0},{"damage_healed":0.0,"max_hp_gain":0.0,"max_hp_loss":0.0,"gold_gain":0.0,"event_name":"Mysterious Sphere","player_choice":"Fight","floor":36.0,"gold_loss":0.0,"damage_taken":0.0},{"damage_healed":0,"gold_gain":0,"player_choice":"Fight","damage_taken":0,"max_hp_gain":0,"max_hp_loss":0,"event_name":"MindBloom","floor":44,"gold_loss":0}],"is_beta":false,"boss_relics":[{"not_picked":["Sozu","Honey Jar"],"picked":"Tiny House"},{"not_picked":["Runic Dome","Pandora\u0027s Box"],"picked":"Runic Pyramid"}],"items_purged_floors":[19,31],"is_endless":false,"potions_floor_spawned":[1,11,13,14,18,22,30,33,39,40,44,47],"ascension_level":0}}