{"host":"a8rzj4nfw2w5de5r","time":1610995716,"event":{"mods":["BaseMod","Bestiary","Block Reminder","Colored Map","Downfall","Highlight Path","Minty Spire (QoL Compilation)","Relic Sorter","Relic Stats","StSLib"],"gold_per_floor":[99,118,136,151,168,197,197,36,62,79,79,64,64,76,92,203,203,203,229,94,121,121,147,147,147,173,66,66,100,122,122,149,262,262,162,180,180,190,280,280,280,305,329,353,253,271,271,300,200,200,200,200],"floor_reached":50,"language":"ENG","playtime":3701,"items_purged":["hexamod:Strike","Doubt","hexamod:Strike"],"score":583,"play_id":"a1b540d2-dc49-471c-a998-0c5a6e352d33","local_time":"20210119001836","is_ascension_mode":false,"campfire_choices":[{"data":"hexamod:Float","floor":1.0,"key":"SMITH"},{"floor":11.0,"key":"REST"},{"floor":13.0,"key":"REST"},{"data":"hexamod:DynamicBlow","floor":18.0,"key":"SMITH"},{"data":"hexamod:RainOfEmbers","floor":25.0,"key":"SMITH"},{"data":"hexamod:HeatMetal","floor":28.0,"key":"SMITH"},{"floor":35.0,"key":"RECALL"},{"data":"hexamod:ExtraCrispy","floor":45.0,"key":"SMITH"},{"data":"hexamod:ThermalTransfer","floor":47.0,"key":"SMITH"},{"floor":49,"key":"REST"}],"circlet_count":0,"master_deck":["hexamod:Strike","hexamod:Defend","hexamod:Defend","hexamod:Sear","hexamod:Float+1","hexamod:NightmareGuise","hexamod:InspiringFlames","hexamod:SpectersWail","hexamod:DynamicBlow+1","hexamod:GhostflameBarrier","hexamod:PhantomFireball","hexamod:Hexaguard","hexamod:ThermalTransfer","hexamod:SecondSeal","hexamod:VolcanoVisage","hexamod:RecurringNightmare","hexamod:RainOfEmbers+1","hexamod:ThermalTransfer+1","hexamod:HeatMetal+1","hexamod:ThermalTransfer","hexamod:Firestarter+1","hexamod:ThermalTransfer","hexamod:GhostflameBarrier","hexamod:SuperheatedStrike+1","hexamod:NightmareStrike+1","Parasite","hexamod:ExtraCrispy+1"],"relics":["hexamod:SpiritBrand","InkBottle","HornCleat","Oddly Smooth Stone","Cursed Key","Anchor","Sozu","downfall:HeartBlessingBlue","Chemical X","downfall:HeartBlessingRed","Akabeko","downfall:HeartBlessingGreen"],"acts_visited":["Exordium","TheCity","TheBeyond"],"potions_floor_usage":[48,48],"damage_taken":[{"damage":0.0,"enemies":"Cultist","floor":2.0,"turns":3.0},{"damage":0.0,"enemies":"Small Slimes","floor":3.0,"turns":3.0},{"damage":1.0,"enemies":"Jaw Worm","floor":4.0,"turns":3.0},{"damage":19.0,"enemies":"Gremlin Gang","floor":5.0,"turns":6.0},{"damage":18.0,"enemies":"Gremlin Nob","floor":6.0,"turns":5.0},{"damage":0.0,"enemies":"downfall:FleeingMerchant","floor":8.0,"turns":4.0},{"damage":8.0,"enemies":"3 Sentries","floor":9.0,"turns":8.0},{"damage":6.0,"enemies":"Exordium Thugs","floor":10.0,"turns":5.0},{"damage":0.0,"enemies":"downfall:FleeingMerchant","floor":12.0,"turns":4.0},{"damage":2.0,"enemies":"Red Slaver","floor":14.0,"turns":3.0},{"damage":0.0,"enemies":"Blue Slaver","floor":15.0,"turns":3.0},{"damage":45.0,"enemies":"DF_ARCHETYPE_STREAMLINE","floor":16.0,"turns":12.0},{"damage":1.0,"enemies":"Shell Parasite","floor":19.0,"turns":7.0},{"damage":0.0,"enemies":"downfall:FleeingMerchant","floor":20.0,"turns":4.0},{"damage":0.0,"enemies":"3 Byrds","floor":21.0,"turns":4.0},{"damage":0.0,"enemies":"Centurion and Healer","floor":23.0,"turns":6.0},{"damage":0.0,"enemies":"Snecko","floor":26.0,"turns":5.0},{"damage":0.0,"enemies":"downfall:FleeingMerchant","floor":27.0,"turns":4.0},{"damage":30.0,"enemies":"Slavers","floor":29.0,"turns":6.0},{"damage":0.0,"enemies":"Cultist and Chosen","floor":30.0,"turns":6.0},{"damage":2.0,"enemies":"Centurion and Healer","floor":32.0,"turns":6.0},{"damage":29.0,"enemies":"WA_ARCHETYPE_CALM","floor":33.0,"turns":10.0},{"damage":0.0,"enemies":"3 Shapes","floor":36.0,"turns":4.0},{"damage":0.0,"enemies":"Orb Walker","floor":38.0,"turns":4.0},{"damage":0.0,"enemies":"downfall:FleeingMerchant","floor":39.0,"turns":3.0},{"damage":0.0,"enemies":"Jaw Worm Horde","floor":42.0,"turns":5.0},{"damage":2.0,"enemies":"Writhing Mass","floor":43.0,"turns":6.0},{"damage":5.0,"enemies":"4 Shapes","floor":44.0,"turns":4.0},{"damage":0.0,"enemies":"Jaw Worm Horde","floor":46.0,"turns":4.0},{"damage":51,"enemies":"Reptomancer","floor":48,"turns":6},{"damage":59,"enemies":"IC_BLOCK_ARCHETYPE","floor":50,"turns":4}],"seed_played":"-6143176262019318626","potions_obtained":[{"floor":4.0,"key":"Dexterity Potion"},{"floor":6.0,"key":"Block Potion"},{"floor":9.0,"key":"CultistPotion"},{"floor":16.0,"key":"Guardian:BlockOnCardUsePotion"},{"floor":23.0,"key":"Ancient Potion"},{"floor":32.0,"key":"SpeedPotion"}],"is_trial":false,"path_per_floor":["R","M","M","M","M","E","T","$","E","M","R","$","R","M","M","B",null,"R","M","$","M","?","M","T","R","M","$","R","E","M","?","M","B",null,"R","M","?","M","$","?","T","M","M","M","R","M","R","E","R","B"],"character_chosen":"THE_SPIRIT","items_purchased":["hexamod:GhostflameBarrier","hexamod:PhantomFireball","hexamod:ThermalTransfer","Chemical X"],"campfire_rested":3,"item_purchase_floors":[8,8,20,39],"current_hp_per_floor":[70,70,70,69,50,32,32,32,24,18,39,39,60,58,58,13,70,70,69,69,69,69,69,69,69,69,69,69,39,39,39,37,8,70,80,80,80,80,80,80,80,80,78,73,73,73,73,22,46,0,0,0],"gold":200,"neow_bonus":"REMOVE_CARD","is_daily":false,"chose_seed":false,"campfire_upgraded":6,"win_rate":0.0,"timestamp":1610995716,"path_taken":["R","M","M","M","M","E","T","?","E","M","R","$","R","M","M","BOSS","R","M","?","M","?","M","T","R","M","$","R","E","?","?","M","BOSS","R","M","?","?","$","?","T","M","?","M","R","M","R","E","R","BOSS"],"items_purchased_type":["Card","Card","Card","Relic"],"build_version":"2020-12-22","purchased_purges":3,"victory":false,"max_hp_per_floor":[70,70,70,70,70,70,70,70,70,70,70,70,70,70,70,70,70,70,70,70,70,70,70,70,70,70,70,70,70,70,70,70,70,70,80,80,80,80,80,80,80,80,80,80,80,80,80,80,80,80,80,80],"relic_stats":{"Sozu":3,"counters":[31,157],"Chemical X":[7],"Cursed Key":1,"obtain_stats":[{"Sozu":34,"Anchor":29,"HornCleat":7,"downfall:HeartBlessingRed":45,"downfall:HeartBlessingBlue":35,"Oddly Smooth Stone":9,"downfall:HeartBlessingGreen":49,"Chemical X":39,"Cursed Key":17,"hexamod:SpiritBrand":0,"InkBottle":6,"Akabeko":48},{"Sozu":22,"Anchor":19,"HornCleat":5,"downfall:HeartBlessingRed":28,"downfall:HeartBlessingBlue":22,"Oddly Smooth Stone":7,"downfall:HeartBlessingGreen":30,"Chemical X":25,"Cursed Key":12,"hexamod:SpiritBrand":0,"InkBottle":5,"Akabeko":30},{"Sozu":117,"Anchor":95,"HornCleat":20,"downfall:HeartBlessingRed":143,"downfall:HeartBlessingBlue":117,"Oddly Smooth Stone":32,"downfall:HeartBlessingGreen":153,"Chemical X":128,"Cursed Key":59,"hexamod:SpiritBrand":0,"InkBottle":20,"Akabeko":153}],"InkBottle":[44]},"card_choices":[{"not_picked":["hexamod:HeatCrush","hexamod:FastForward"],"picked":"hexamod:NightmareGuise","floor":2.0},{"not_picked":["hexamod:HeatShield","hexamod:Again","hexamod:HauntingEcho"],"picked":"SKIP","floor":3.0},{"not_picked":["hexamod:GhostOfSpirePast","hexamod:NightmareGuise"],"picked":"hexamod:InspiringFlames","floor":4.0},{"not_picked":["hexamod:InspiringFlames","hexamod:SwordOfDarkness"],"picked":"hexamod:SpectersWail","floor":5.0},{"not_picked":["hexamod:BurningTouch","hexamod:PhantomCloak"],"picked":"hexamod:DynamicBlow","floor":6.0},{"not_picked":["hexamod:SpectralAdrenaline","hexamod:UnlimitedPower","hexamod:SpectersWail"],"picked":"SKIP","floor":8.0},{"not_picked":["hexamod:SwordOfDarkness","hexamod:FifthSeal","hexamod:SpectralAdrenaline"],"picked":"SKIP","floor":9.0},{"not_picked":["hexamod:GhostOfSpirePast","hexamod:SwordOfDarkness"],"picked":"hexamod:Hexaguard","floor":10.0},{"not_picked":["hexamod:HeatMetal","hexamod:BurningTouch"],"picked":"hexamod:ThermalTransfer","floor":12.0},{"not_picked":["hexamod:NightmareStrike","hexamod:NightmareGuise","hexamod:GiftsFromTheDead"],"picked":"SKIP","floor":14.0},{"not_picked":["hexamod:GhostLash","hexamod:ThermalTransfer"],"picked":"hexamod:SecondSeal","floor":15.0},{"not_picked":["hexamod:ApocalypseNow","hexamod:HexaLevel"],"picked":"hexamod:VolcanoVisage","floor":16.0},{"not_picked":["hexamod:SwordOfDarkness","hexamod:BacktrackSmack"],"picked":"hexamod:RecurringNightmare","floor":19.0},{"not_picked":["hexamod:PowerFromBeyond","hexamod:Rewind"],"picked":"hexamod:RainOfEmbers","floor":20.0},{"not_picked":["hexamod:SecondSeal","hexamod:AdvancingGuard"],"picked":"hexamod:HeatMetal","floor":21.0},{"not_picked":["hexamod:PhantomFireball","hexamod:FourthSeal"],"picked":"hexamod:ThermalTransfer","floor":23.0},{"not_picked":["hexamod:Hexaguard","hexamod:InspiringFlames"],"picked":"hexamod:Firestarter+1","floor":26.0},{"not_picked":["hexamod:Firestarter","hexamod:SpectralSpark"],"picked":"hexamod:ThermalTransfer","floor":27.0},{"not_picked":["hexamod:EmpoweredFlame","hexamod:PhantomFireball","hexamod:FifthSeal"],"picked":"SKIP","floor":29.0},{"not_picked":["hexamod:FlamesFromBeyond","hexamod:GhostShield","hexamod:SkipABeat+1"],"picked":"SKIP","floor":30.0},{"not_picked":["hexamod:BacktrackSmack+1","hexamod:ThirdSeal"],"picked":"hexamod:GhostflameBarrier","floor":32.0},{"not_picked":["hexamod:StepThrough+1","hexamod:GhostOfSpireFuture+1"],"picked":"hexamod:SuperheatedStrike+1","floor":36.0},{"not_picked":["hexamod:SpectersWail+1","hexamod:HeatMetal+1","hexamod:FlamesFromBeyond"],"picked":"SKIP","floor":38.0},{"not_picked":["hexamod:InspiringFlames+1","hexamod:ChargedBarrage","hexamod:RetreatToShadows"],"picked":"SKIP","floor":39.0},{"not_picked":["hexamod:GhostOfSpireFuture+1","hexamod:SwordOfDarkness+1"],"picked":"hexamod:NightmareStrike+1","floor":42.0},{"not_picked":["hexamod:FastForward+1","hexamod:CatchUp","hexamod:ShieldOfDarkness"],"picked":"SKIP","floor":43.0},{"not_picked":["hexamod:SuperheatedStrike","hexamod:RainOfEmbers"],"picked":"hexamod:ExtraCrispy","floor":44.0},{"not_picked":["hexamod:FlamesFromBeyond","hexamod:GhostLash+1","hexamod:NightmareStrike"],"picked":"SKIP","floor":46.0},{"not_picked":["hexamod:TurnItUp","hexamod:RadiantFlame","hexamod:FourthSeal"],"picked":"SKIP","floor":48}],"player_experience":602829,"relics_obtained":[{"floor":6.0,"key":"InkBottle"},{"floor":7.0,"key":"HornCleat"},{"floor":9.0,"key":"Oddly Smooth Stone"},{"floor":29.0,"key":"Anchor"},{"floor":48,"key":"Akabeko"}],"event_choices":[{"cards_removed":["hexamod:Strike"],"damage_healed":0.0,"max_hp_gain":0.0,"max_hp_loss":0.0,"gold_gain":0.0,"event_name":"Bonfire Elementals","player_choice":"Offered Basic","floor":22.0,"gold_loss":0.0,"damage_taken":0.0}],"is_beta":false,"boss_relics":[{"not_picked":["bronze:MakeshiftBattery","Astrolabe"],"picked":"Cursed Key"},{"not_picked":["Snecko Eye","SacredBark"],"picked":"Sozu"}],"items_purged_floors":[20,27,39],"is_endless":false,"potions_floor_spawned":[4,6,9,16,19,23,26,32,42,43,46],"killed_by":"IC_BLOCK_ARCHETYPE","ascension_level":0}}