{"host":"r3wf7np1ri0mrd3j","time":1610978783,"event":{"mods":["AchievementEnabler","BaseMod","Minty Spire (QoL Compilation)","everything is the same but u backflip on backflip","slay the spire mod where everything is the same but ironclad has a cowboy hat"],"gold_per_floor":[114,32,47,62,77,107,107,137,137,102,102,117,132,147,147,247,247,262,262,287,237,237,267,267,297,322,352,352,352,382,412,412,512,512,527,527,377,677,677,707,722,722,722,722,722,722,752,752,752,752,752],"floor_reached":50,"language":"ENG","playtime":2648,"items_purged":[],"score":750,"play_id":"08509329-9822-4d20-98cc-d7d62a15aa06","local_time":"20210119010623","daily_mods":["Draft","Flight","Lethality"],"is_ascension_mode":false,"campfire_choices":[{"data":"Limit Break","floor":7,"key":"SMITH"},{"data":"Armaments","floor":15,"key":"SMITH"},{"floor":28,"key":"REST"},{"floor":32,"key":"REST"},{"floor":44,"key":"REST"},{"data":"Madness","floor":46,"key":"SMITH"},{"data":"Mayhem","floor":49,"key":"SMITH"}],"circlet_count":0,"master_deck":["Metallicize","Anger","Armaments","Armaments","Cleave","Iron Wave","Heavy Blade","Thunderclap","Armaments+1","Clothesline","Armaments","Wild Strike+1","Cleave","Metallicize","Cleave","Clash","Limit Break+1","Heavy Blade","Heavy Blade","Twin Strike","Thunderclap","Cleave","Ghostly Armor","Demon Form","Fire Breathing","Sword Boomerang+1","Sword Boomerang","Intimidate","Ghostly Armor","Shrug It Off","Ghostly Armor","Double Tap","Heavy Blade+1","Armaments+1","Headbutt+1","Pommel Strike+1","Twin Strike","Infernal Blade","Armaments+1","Whirlwind+1","Metallicize+1","Madness","Madness+1","Whirlwind+1","Heavy Blade","Jack Of All Trades","Mayhem+1","Trip","Infernal Blade"],"relics":["Burning Blood","Juzu Bracelet","Tiny Chest","Boot","Odd Mushroom","Mark of Pain","Omamori","Bird Faced Urn","Happy Flower","Lantern","Pocketwatch","PreservedInsect","Darkstone Periapt","Astrolabe","HornCleat","Orrery","Red Skull","Eternal Feather","Whetstone","Nunchaku","Sundial"],"acts_visited":["Exordium","TheCity","TheBeyond"],"potions_floor_usage":[5,8,23,27,33,40,41,50],"damage_taken":[{"damage":0,"enemies":"Cultist","floor":1,"turns":2},{"damage":0,"enemies":"2 Louse","floor":3,"turns":1},{"damage":6,"enemies":"Small Slimes","floor":4,"turns":2},{"damage":6,"enemies":"Blue Slaver","floor":5,"turns":2},{"damage":27,"enemies":"Lagavulin","floor":6,"turns":4},{"damage":8,"enemies":"Gremlin Nob","floor":8,"turns":3},{"damage":22,"enemies":"The Mushroom Lair","floor":11,"turns":3},{"damage":10,"enemies":"Looter","floor":12,"turns":2},{"damage":0,"enemies":"3 Louse","floor":13,"turns":1},{"damage":0,"enemies":"Gremlin Gang","floor":14,"turns":1},{"damage":11,"enemies":"Slime Boss","floor":16,"turns":6},{"damage":13,"enemies":"2 Thieves","floor":18,"turns":2},{"damage":64,"enemies":"Book of Stabbing","floor":23,"turns":5},{"damage":55,"enemies":"Slavers","floor":25,"turns":4},{"damage":36,"enemies":"Book of Stabbing","floor":27,"turns":4},{"damage":18,"enemies":"Gremlin Leader","floor":30,"turns":4},{"damage":2,"enemies":"Book of Stabbing","floor":31,"turns":2},{"damage":20,"enemies":"Champ","floor":33,"turns":8},{"damage":0,"enemies":"3 Shapes","floor":35,"turns":3},{"damage":58,"enemies":"Nemesis","floor":40,"turns":5},{"damage":18,"enemies":"3 Darklings","floor":41,"turns":2},{"damage":39,"enemies":"Giant Head","floor":47,"turns":6},{"damage":91,"enemies":"Awakened One","floor":50,"turns":6}],"seed_played":"-1283480827410872575","potions_obtained":[{"floor":1,"key":"Energy Potion"},{"floor":3,"key":"LiquidBronze"},{"floor":4,"key":"HeartOfIron"},{"floor":13,"key":"SpeedPotion"},{"floor":25,"key":"Fire Potion"},{"floor":40,"key":"EntropicBrew"}],"is_trial":false,"path_per_floor":["M","$","M","M","M","E","R","E","T","?","?","M","M","M","R","B",null,"M","?","T","$","?","E","?","E","T","E","R","?","E","E","R","B",null,"M","T","$","?","?","E","M","T","T","R","?","R","E","?","R","B"],"character_chosen":"IRONCLAD","items_purchased":["Metallicize","Cleave","Sword Boomerang","Orrery"],"campfire_rested":3,"item_purchase_floors":[2,2,21,37],"current_hp_per_floor":[80,80,80,80,80,59,59,57,57,77,61,57,63,69,69,64,80,73,73,73,73,73,15,80,33,33,7,31,57,45,49,73,67,80,80,80,80,80,70,20,8,8,8,59,49,76,47,47,74,0,0],"gold":752,"neow_bonus":"","is_daily":true,"chose_seed":false,"campfire_upgraded":4,"win_rate":0.0,"timestamp":1610978783,"path_taken":["M","$","?","M","M","E","R","E","T","?","?","M","M","M","R","BOSS","M","?","?","$","?","E","?","E","T","E","R","?","E","E","R","BOSS","M","?","?","?","?","E","M","?","T","R","?","R","E","?","R","BOSS"],"items_purchased_type":["Card","Card","Card","Relic"],"build_version":"2020-12-22","purchased_purges":0,"victory":false,"max_hp_per_floor":[80,80,80,80,80,80,80,80,80,80,80,80,80,80,80,80,80,80,80,80,80,80,80,80,80,80,80,80,80,80,80,80,80,80,80,80,80,80,80,80,80,80,80,80,80,80,80,80,80,80,80],"card_choices":[{"not_picked":["Second Wind","True Grit"],"picked":"Rampage","floor":0},{"not_picked":["Cleave","Feel No Pain"],"picked":"Metallicize","floor":0},{"not_picked":["Flex","Hemokinesis"],"picked":"Anger","floor":0},{"not_picked":["Twin Strike","Clash"],"picked":"Armaments","floor":0},{"not_picked":["Sword Boomerang","Hemokinesis"],"picked":"Armaments","floor":0},{"not_picked":["Inflame","Sentinel"],"picked":"Cleave","floor":0},{"not_picked":["Wild Strike","Entrench"],"picked":"Iron Wave","floor":0},{"not_picked":["True Grit","Cleave"],"picked":"Heavy Blade","floor":0},{"not_picked":["Dual Wield","Cleave"],"picked":"Thunderclap","floor":0},{"not_picked":["Dropkick","Flex"],"picked":"Armaments","floor":0},{"not_picked":["True Grit","Feel No Pain"],"picked":"Anger","floor":0},{"not_picked":["Sentinel","Anger"],"picked":"Clothesline","floor":0},{"not_picked":["True Grit","Anger"],"picked":"Armaments","floor":0},{"not_picked":["Armaments","Flex"],"picked":"Wild Strike","floor":0},{"not_picked":["Shrug It Off","Bloodletting"],"picked":"Warcry","floor":0},{"not_picked":["Body Slam","True Grit"],"picked":"Cleave","floor":1},{"not_picked":["Reckless Charge","Cleave"],"picked":"Clash","floor":3},{"not_picked":["Havoc","Heavy Blade"],"picked":"Limit Break","floor":4},{"not_picked":["Combust","True Grit"],"picked":"Heavy Blade","floor":5},{"not_picked":["Thunderclap","Entrench"],"picked":"Heavy Blade","floor":6},{"not_picked":["Havoc","Perfected Strike"],"picked":"Hemokinesis","floor":8},{"not_picked":["Headbutt","Rupture"],"picked":"Twin Strike","floor":11},{"not_picked":["Rampage","Impervious"],"picked":"Thunderclap","floor":12},{"not_picked":["Headbutt","Burning Pact"],"picked":"Cleave","floor":13},{"not_picked":["Twin Strike","Searing Blow"],"picked":"Ghostly Armor","floor":14},{"not_picked":["Impervious","Limit Break"],"picked":"Demon Form","floor":16},{"not_picked":["Iron Wave","Clash"],"picked":"Fire Breathing","floor":18},{"not_picked":["Disarm","Anger"],"picked":"Sword Boomerang","floor":23},{"not_picked":["Cleave+1","Perfected Strike"],"picked":"Intimidate","floor":25},{"not_picked":["Combust+1","Clash"],"picked":"Ghostly Armor","floor":27},{"not_picked":["Hemokinesis","Armaments+1"],"picked":"Shrug It Off","floor":30},{"not_picked":["Perfected Strike+1","Body Slam+1"],"picked":"Ghostly Armor","floor":31},{"not_picked":["Exhume","Fiend Fire"],"picked":"Double Tap","floor":33},{"not_picked":["Clash","Sword Boomerang+1"],"picked":"Pommel Strike+1","floor":35},{"not_picked":["Clash+1","Headbutt+1"],"picked":"Twin Strike","floor":37},{"not_picked":["Burning Pact+1","Clothesline"],"picked":"Infernal Blade","floor":37},{"not_picked":["Thunderclap","Perfected Strike+1"],"picked":"Armaments+1","floor":37},{"not_picked":["Juggernaut","Perfected Strike"],"picked":"Whirlwind+1","floor":37},{"not_picked":["Combust+1","Clothesline"],"picked":"Metallicize+1","floor":37},{"not_picked":["Wild Strike","Clothesline"],"picked":"Whirlwind+1","floor":40},{"not_picked":["Perfected Strike","Bloodletting"],"picked":"Heavy Blade","floor":41},{"not_picked":["Sadistic Nature","The Bomb"],"picked":"Jack Of All Trades","floor":45},{"not_picked":["Jack Of All Trades","Panache"],"picked":"Mayhem","floor":45},{"not_picked":["Swift Strike","Jack Of All Trades"],"picked":"Trip","floor":45},{"not_picked":["True Grit+1","Fire Breathing"],"picked":"Infernal Blade","floor":47}],"player_experience":201106,"relics_obtained":[{"floor":6,"key":"Juzu Bracelet"},{"floor":8,"key":"Tiny Chest"},{"floor":9,"key":"Boot"},{"floor":11,"key":"Odd Mushroom"},{"floor":20,"key":"Omamori"},{"floor":23,"key":"Bird Faced Urn"},{"floor":25,"key":"Happy Flower"},{"floor":26,"key":"Lantern"},{"floor":27,"key":"Pocketwatch"},{"floor":30,"key":"PreservedInsect"},{"floor":31,"key":"Darkstone Periapt"},{"floor":36,"key":"HornCleat"},{"floor":40,"key":"Red Skull"},{"floor":42,"key":"Eternal Feather"},{"floor":43,"key":"Whetstone"},{"floor":47,"key":"Nunchaku"}],"event_choices":[{"damage_healed":20,"gold_gain":0,"player_choice":"Healed","damage_taken":0,"max_hp_gain":0,"max_hp_loss":0,"event_name":"The Cleric","floor":10,"gold_loss":35},{"damage_healed":0,"gold_gain":0,"player_choice":"Fought Mushrooms","damage_taken":0,"max_hp_gain":0,"max_hp_loss":0,"event_name":"Mushrooms","floor":11,"gold_loss":0},{"damage_healed":0,"gold_gain":0,"player_choice":"Ignored","damage_taken":0,"max_hp_gain":0,"max_hp_loss":0,"event_name":"Beggar","floor":19,"gold_loss":0},{"damage_healed":0,"gold_gain":0,"player_choice":"Ignored","damage_taken":0,"max_hp_gain":0,"max_hp_loss":0,"event_name":"Ghosts","floor":22,"gold_loss":0},{"cards_removed":["Hemokinesis"],"damage_healed":65,"gold_gain":0,"player_choice":"Offered Uncommon","damage_taken":0,"max_hp_gain":0,"max_hp_loss":0,"event_name":"Bonfire Elementals","floor":24,"gold_loss":0},{"damage_healed":26,"gold_gain":0,"player_choice":"Heal","damage_taken":0,"max_hp_gain":0,"max_hp_loss":0,"event_name":"The Library","floor":29,"gold_loss":0},{"damage_healed":0,"gold_gain":300,"player_choice":"Gold","damage_taken":0,"max_hp_gain":0,"max_hp_loss":0,"event_name":"Wheel of Change","floor":38,"gold_loss":0},{"damage_healed":0,"gold_gain":0,"player_choice":"Embrace Madness","damage_taken":10,"max_hp_gain":0,"max_hp_loss":0,"event_name":"Winding Halls","floor":39,"gold_loss":0,"cards_obtained":["Madness","Madness"]},{"damage_healed":0,"gold_gain":0,"player_choice":"Memory 3","damage_taken":10,"max_hp_gain":0,"max_hp_loss":0,"event_name":"SensoryStone","floor":45,"gold_loss":0},{"damage_healed":0,"gold_gain":0,"player_choice":"Gave Potion","damage_taken":0,"relics_obtained":["Sundial"],"max_hp_gain":0,"max_hp_loss":0,"event_name":"WeMeetAgain","floor":48,"gold_loss":0}],"is_beta":false,"boss_relics":[{"not_picked":["Runic Dome","Sozu"],"picked":"Mark of Pain"},{"not_picked":["Velvet Choker","Coffee Dripper"],"picked":"Astrolabe"}],"items_purged_floors":[],"is_endless":false,"potions_floor_spawned":[1,3,4,13,25,40],"killed_by":"Awakened One","ascension_level":0}}