{"host":"h3vysik1bw5w0dm6","time":1610958737,"event":{"mods":["AchievementEnabler","Aspiration","BaseMod","Better Note","Better Sensory Stone","Better Vampires","BetterRewards","Colored Powertips","Conspire","Downfall","Friendly Minions","Googly Eyes","Gremlin Skip","Halation","Infinite Spire","Minty Spire (QoL Compilation)","Quick Restart","Shop Mod","StSLib"],"gold_per_floor":[118,134,134,134,134,161,181,215,215,233,252,276,276,63,63,161,161,177,196,212,232,249,284,284,301,353,353,363,363,397,413,413,510,510,524,524,536,536,536,565,576,593,620,620,748,748,782,802,802,907,907,909,909,917,917,917,935,935,954,954,957,957,954,954,955,955,1029,1029,1030,1031,1031,1023,1022,1028,1028,1037,1037,1042,1042,1051,1051,1051,1051,1114,1114,1113,1118,1124,1094,1094,1097,1132,1132,1155,1155,1155,1157,1160,1178,1190,1268,1280,1295,1307,1319,1331,1351,1378,1390,1414,1507,1519,1546,1558,1570,1582,1594,1685,1697,1710,1731,1743,1680,1692,1716,1728,1759,1797,1812,1832,1844,1856,1868,1880,1869,1881,1895,1910,1956,1972,1978,2002,2014,2048,2060,2072,2044,2082,2106,2126,2138,2083,2095,2107,2119,2150,2296],"floor_reached":158,"language":"ENG","playtime":9255,"items_purged":[],"score":5149,"play_id":"99354824-06e7-430d-8f5d-ccf0acb365c2","local_time":"20210118093217","is_ascension_mode":true,"campfire_choices":[{"data":"Heatsinks","floor":15.0,"key":"SMITH"},{"data":"Creative AI","floor":24.0,"key":"SMITH"},{"data":"infinitespire:UltimateForm","floor":49.0,"key":"SMITH"},{"data":"Buffer","floor":58.0,"key":"SMITH"},{"data":"Buffer","floor":62.0,"key":"SMITH"},{"data":"Fission","floor":64.0,"key":"SMITH"},{"data":"Fission","floor":66.0,"key":"SMITH"},{"data":"Genetic Algorithm","floor":75.0,"key":"SMITH"},{"data":"Loop","floor":79.0,"key":"SMITH"},{"data":"Coolheaded","floor":83.0,"key":"SMITH"},{"data":"Reboot","floor":93.0,"key":"SMITH"},{"data":"Genetic Algorithm","floor":100.0,"key":"SMITH"},{"data":"conspire:SharedLibrary","floor":109.0,"key":"SMITH"},{"data":"Electrodynamics","floor":112.0,"key":"SMITH"},{"data":"Zap","floor":117,"key":"SMITH"},{"data":"Capacitor","floor":126,"key":"SMITH"},{"data":"Defragment","floor":134,"key":"SMITH"},{"data":"Buffer","floor":146,"key":"SMITH"},{"data":"Echo Form","floor":151,"key":"SMITH"},{"data":"Echo Form","floor":154,"key":"SMITH"}],"circlet_count":0,"master_deck":["conspire:GhostlyStrike+1","conspire:GhostlyStrike+1","conspire:GhostlyDefend+1","conspire:GhostlyDefend+1","conspire:GhostlyDefend+1","conspire:GhostlyDefend+1","Zap+1","Dualcast","Machine Learning","Heatsinks+1","Melter+1","infinitespire:NeuralNetwork","Cold Snap","Self Repair","Fission+1","conspire:SharedLibrary+1","Creative AI+1","Capacitor+1","Storm+1","Cold Snap+1","Storm+1","Blizzard+1","Biased Cognition","CurseOfTheBell","aspiration:Polymerization+1","Biased Cognition","infinitespire:UltimateForm+1","Genetic Algorithm+1","Buffer+1","Buffer+1","Coolheaded+1","Fission+1","Defragment+1","Echo Form","Hello World","Loop+1","Storm+1","Echo Form+1","Coolheaded+1","Reboot+1","Self Repair+1","infinitespire:Collect+1","Genetic Algorithm+1","Electrodynamics+1","Buffer+1","Capacitor+1","Amplify+1","Echo Form+1","Electrodynamics"],"relics":["FrozenCore","Bird Faced Urn","Mummified Hand","Boot","Lantern","aspiration:HummingbirdHeart","infinitespire:Lucky Rock","aspiration:StickyExplosives_weak","conspire:TopHat","halation:ForbiddenBikini","infinitespire:Satchel","aspiration:ArtOfWarUpgrade","halation:PinkSoulGem","Mercury Hourglass","halation:Gekota","Calling Bell","Nunchaku","White Beast Statue","Calipers","halation:EternalFortune","Centennial Puzzle","halation:IllGainedPizza","Bottled Lightning","Unceasing Top","DataDisk","infinitespire:Cupcake","Odd Mushroom","Smiling Mask","Bronze Scales","conspire:DeflatedDodgeball","infinitespire:FocusingShard","aspiration:RitualDagger","Juzu Bracelet","Turnip","HornCleat","Orichalcum","aspiration:PoetsPen_weak","conspire:RunicOctahedron","Pantograph","infinitespire:Magic Flask","aspiration:Lifesprig","MawBank","halation:AfternoonTea","Toxic Egg 2","Omamori","Whetstone","Singing Bowl","Oddly Smooth Stone","halation:Yufonium","War Paint","Bag of Marbles","PreservedInsect","Strawberry","halation:VictoryRuler","aspiration:Stellarator","aspiration:HatOfInfinitePower","halation:TwoAmDonut","Prayer Wheel","aspiration:AnachronicSnailShell","aspiration:EnhancedActuators","Dream Catcher","halation:Prosthetics","infinitespire:Beetle Shell"],"acts_visited":["Exordium","TheCity","TheBeyond","Exordium","TheCity","TheBeyond","Exordium","TheCity","TheBeyond","TheEnding"],"potions_floor_usage":[152,156],"damage_taken":[{"damage":1.0,"enemies":"2 Louse","floor":1.0,"turns":2.0},{"damage":4.0,"enemies":"Small Slimes","floor":2.0,"turns":4.0},{"damage":27.0,"enemies":"3 Sentries","floor":6.0,"turns":7.0},{"damage":0.0,"enemies":"Cultist","floor":7.0,"turns":3.0},{"damage":13.0,"enemies":"Lagavulin","floor":8.0,"turns":5.0},{"damage":0.0,"enemies":"Exordium Wildlife","floor":10.0,"turns":2.0},{"damage":1.0,"enemies":"Blue Slaver","floor":11.0,"turns":3.0},{"damage":28.0,"enemies":"Slime Boss","floor":16.0,"turns":9.0},{"damage":0.0,"enemies":"Chosen","floor":18.0,"turns":4.0},{"damage":0.0,"enemies":"Spheric Guardian","floor":19.0,"turns":1.0},{"damage":8.0,"enemies":"3 Cultists","floor":20.0,"turns":5.0},{"damage":26.0,"enemies":"Cultist and Chosen","floor":21.0,"turns":6.0},{"damage":14.0,"enemies":"Shelled Parasite and Fungi","floor":22.0,"turns":5.0},{"damage":0.0,"enemies":"Gremlin Leader","floor":23.0,"turns":3.0},{"damage":4.0,"enemies":"Snake Plant","floor":25.0,"turns":3.0},{"damage":0.0,"enemies":"Cultist and Chosen","floor":28.0,"turns":3.0},{"damage":6.0,"enemies":"Book of Stabbing","floor":30.0,"turns":3.0},{"damage":2.0,"enemies":"Centurion and Healer","floor":31.0,"turns":2.0},{"damage":5.0,"enemies":"conspire:MysteriousRune","floor":33.0,"turns":6.0},{"damage":12.0,"enemies":"3 Darklings","floor":35.0,"turns":3.0},{"damage":0.0,"enemies":"3 Shapes","floor":37.0,"turns":2.0},{"damage":0.0,"enemies":"Giant Head","floor":40.0,"turns":7.0},{"damage":0.0,"enemies":"Writhing Mass","floor":41.0,"turns":2.0},{"damage":5.0,"enemies":"3 Darklings","floor":42.0,"turns":3.0},{"damage":17.0,"enemies":"infinitespire:Three Voidlings","floor":45.0,"turns":3.0},{"damage":35.0,"enemies":"Nightmare_Alpha","floor":45.0,"turns":7.0},{"damage":9.0,"enemies":"Nemesis","floor":47.0,"turns":3.0},{"damage":13.0,"enemies":"4 Shapes","floor":48.0,"turns":3.0},{"damage":17.0,"enemies":"conspire:OrnateMirror","floor":50.0,"turns":3.0},{"damage":9.0,"enemies":"2 Louse","floor":52.0,"turns":2.0},{"damage":6.0,"enemies":"The Mushroom Lair","floor":54.0,"turns":2.0},{"damage":0.0,"enemies":"Lagavulin","floor":57.0,"turns":4.0},{"damage":15.0,"enemies":"3 Sentries","floor":59.0,"turns":3.0},{"damage":0.0,"enemies":"Cultist","floor":61.0,"turns":2.0},{"damage":0.0,"enemies":"Jaw Worm","floor":63.0,"turns":2.0},{"damage":0.0,"enemies":"Lagavulin","floor":65.0,"turns":2.0},{"damage":16.0,"enemies":"Hexaghost","floor":67.0,"turns":4.0},{"damage":3.0,"enemies":"2 Thieves","floor":69.0,"turns":2.0},{"damage":3.0,"enemies":"3 Byrds","floor":70.0,"turns":1.0},{"damage":3.0,"enemies":"3 Cultists","floor":72.0,"turns":2.0},{"damage":3.0,"enemies":"Snake Plant","floor":73.0,"turns":2.0},{"damage":3.0,"enemies":"Book of Stabbing","floor":74.0,"turns":2.0},{"damage":3.0,"enemies":"Gremlin Leader","floor":76.0,"turns":3.0},{"damage":3.0,"enemies":"Snecko","floor":78.0,"turns":1.0},{"damage":6.0,"enemies":"Slavers","floor":80.0,"turns":2.0},{"damage":6.0,"enemies":"Automaton","floor":84.0,"turns":3.0},{"damage":3.0,"enemies":"3 Darklings","floor":86.0,"turns":1.0},{"damage":3.0,"enemies":"Orb Walker","floor":87.0,"turns":1.0},{"damage":3.0,"enemies":"Sphere and 2 Shapes","floor":88.0,"turns":1.0},{"damage":3.0,"enemies":"Transient","floor":89.0,"turns":5.0},{"damage":3.0,"enemies":"Giant Head","floor":91.0,"turns":2.0},{"damage":3.0,"enemies":"2 Orb Walkers","floor":92.0,"turns":2.0},{"damage":14.0,"enemies":"Spire Growth","floor":97.0,"turns":2.0},{"damage":3.0,"enemies":"Reptomancer","floor":98.0,"turns":1.0},{"damage":3.0,"enemies":"Sphere and 2 Shapes","floor":99.0,"turns":1.0},{"damage":3.0,"enemies":"Donu and Deca","floor":101.0,"turns":3.0},{"damage":3.0,"enemies":"2 Louse","floor":103.0,"turns":1.0},{"damage":3.0,"enemies":"Small Slimes","floor":107.0,"turns":1.0},{"damage":3.0,"enemies":"3 Sentries","floor":108.0,"turns":1.0},{"damage":32.0,"enemies":"Nightmare","floor":110.0,"turns":4.0},{"damage":3.0,"enemies":"3 Sentries","floor":113.0,"turns":1.0},{"damage":3,"enemies":"Slime Boss","floor":118,"turns":2},{"damage":15,"enemies":"2 Thieves","floor":120,"turns":2},{"damage":3,"enemies":"Shell Parasite","floor":121,"turns":1},{"damage":3,"enemies":"Book of Stabbing","floor":125,"turns":2},{"damage":6,"enemies":"Slavers","floor":127,"turns":2},{"damage":3,"enemies":"Nightmare","floor":129,"turns":3},{"damage":3,"enemies":"3 Cultists","floor":130,"turns":1},{"damage":6,"enemies":"infinitespire:LordOfFortification","floor":135,"turns":10},{"damage":3,"enemies":"Orb Walker","floor":137,"turns":2},{"damage":3,"enemies":"3 Darklings","floor":138,"turns":2},{"damage":3,"enemies":"Mind Bloom Boss Battle","floor":139,"turns":2},{"damage":6,"enemies":"Writhing Mass","floor":140,"turns":2},{"damage":3,"enemies":"Spire Growth","floor":141,"turns":2},{"damage":3,"enemies":"Reptomancer","floor":142,"turns":2},{"damage":38,"enemies":"Nightmare_Alpha","floor":144,"turns":4},{"damage":3,"enemies":"Reptomancer","floor":149,"turns":2},{"damage":3,"enemies":"4 Shapes","floor":150,"turns":1},{"damage":12,"enemies":"infinitespire:LordOfFortification","floor":152,"turns":15},{"damage":6,"enemies":"Shield and Spear","floor":156,"turns":2},{"damage":14,"enemies":"The Heart","floor":157,"turns":5}],"seed_played":"-1594938667097082671","potions_obtained":[{"floor":1.0,"key":"Dexterity Potion"},{"floor":6.0,"key":"FocusPotion"},{"floor":7.0,"key":"Explosive Potion"},{"floor":11.0,"key":"SkillPotion"},{"floor":19.0,"key":"FearPotion"},{"floor":20.0,"key":"FearPotion"},{"floor":22.0,"key":"SkillPotion"},{"floor":25.0,"key":"FearPotion"},{"floor":35.0,"key":"LiquidMemories"},{"floor":37.0,"key":"Swift Potion"},{"floor":40.0,"key":"CultistPotion"},{"floor":42.0,"key":"Guardian:BlockOnCardUsePotion"},{"floor":45.0,"key":"Swift Potion"},{"floor":54.0,"key":"PotionOfCapacity"},{"floor":80.0,"key":"sneckomod:MuddlingPotion"},{"floor":89.0,"key":"FocusPotion"}],"is_trial":false,"path_per_floor":["M","M","?","?","?","E","M","E","T","M","M","T","T","$","R","B",null,"M","M","M","M","M","E","R","M","T","?","M","AVR","E","M","R","B",null,"M","?","M","$","?","E","M","M","T","T","?","R","E","M","R","B",null,"M","?","?","?","$","E","R","E","T","M","R","M","R","E","R","B",null,"M","M","?","M","M","E","R","E","T","M","R","E","?","$","R","B",null,"M","M","M","M","AVR","E","?","R","T","?","?","M","E","M","R","B",null,"M","?","?","?","M","E","R","NM","T","R","E","$","?","$","R","B",null,"M","M","?","?","?","E","R","E","T","NM","M","$","?","?","R","B",null,"M","M","?","M","M","E","?","NM","T","R","?","T","E","M","R","B",null,"R","$","E","B",null],"character_chosen":"DEFECT","items_purchased":["Machine Learning","conspire:TopHat","conspire:SharedLibrary"],"campfire_rested":0,"item_purchase_floors":[0,14,14],"current_hp_per_floor":[75,75,58,66,59,38,44,37,37,46,60,60,60,60,60,49,75,75,75,75,62,75,75,75,75,75,75,75,75,75,75,75,75,75,75,78,78,78,78,78,78,78,78,78,67,67,78,71,71,81,81,77,77,84,84,84,84,84,84,84,84,84,84,84,84,84,84,84,87,90,90,90,90,90,90,90,90,93,93,93,93,93,93,93,93,93,93,93,93,93,93,93,93,93,93,93,88,93,93,93,93,93,93,93,93,86,93,93,93,83,83,83,95,95,95,95,95,95,95,97,97,97,97,97,97,97,99,99,108,110,110,110,110,110,112,112,114,116,118,120,122,124,124,128,128,128,128,128,130,134,134,134,99,99,99,101,101],"gold":2308,"neow_bonus":"","is_daily":false,"chose_seed":false,"campfire_upgraded":20,"win_rate":0.0,"timestamp":1610958737,"path_taken":["M","M","?","?","?","E","M","E","T","M","M","?","?","?","R","BOSS","M","?","M","M","M","E","R","M","T","?","M","AVR","E","M","R","BOSS","M","?","M","$","?","E","M","?","T","?","?","R","E","M","R","BOSS","M","?","?","?","$","E","R","E","T","M","R","M","R","E","R","BOSS","M","M","?","M","M","E","R","E","T","M","R","E","?","?","R","BOSS","M","M","M","M","AVR","E","?","R","T","?","?","M","E","M","R","BOSS","M","?","?","?","M","E","R","NM","T","R","E","?","?","?","R","BOSS","M","M","?","?","?","E","R","E","T","NM","M","$","?","?","R","BOSS","M","M","?","M","M","E","?","NM","T","R","?","?","E","M","R","BOSS","R","$","E","BOSS"],"items_purchased_type":["Card","Relic","Card"],"build_version":"2020-12-22","purchased_purges":0,"victory":true,"max_hp_per_floor":[75,75,75,75,75,75,75,75,75,75,75,75,75,75,75,75,75,75,75,75,75,75,75,75,75,75,75,75,75,75,75,75,75,75,75,78,78,78,78,78,78,78,78,78,78,78,78,78,78,81,81,84,84,84,84,84,84,84,84,84,84,84,84,84,84,84,84,84,87,90,90,90,90,90,90,90,90,93,93,93,93,93,93,93,93,93,93,93,93,93,93,93,93,93,93,93,93,93,93,93,93,93,93,93,93,93,93,93,93,93,93,93,95,95,95,95,95,95,95,97,97,97,97,97,97,97,99,99,108,110,110,110,110,110,112,112,114,116,118,120,122,124,124,128,128,128,128,128,130,134,134,134,99,99,99,101,101],"card_choices":[{"not_picked":["Gash","Ball Lightning"],"picked":"Heatsinks","floor":1.0},{"not_picked":["Sweeping Beam","Redo"],"picked":"Melter","floor":2.0},{"not_picked":["infinitespire:SealOfDarkness+","infinitespire:FinalStrike"],"picked":"infinitespire:NeuralNetwork","floor":3.0},{"not_picked":["Undo","Auto Shields"],"picked":"Cold Snap","floor":6.0},{"not_picked":["conspire:SharedLibrary","Glacier","Hologram"],"picked":"SKIP","floor":7.0},{"not_picked":["Ball Lightning","Machine Learning"],"picked":"Self Repair","floor":8.0},{"not_picked":["Chill","Stack","Compile Driver"],"picked":"SKIP","floor":10.0},{"not_picked":["Turbo","Conserve Battery"],"picked":"Fission","floor":11.0},{"not_picked":["Electrodynamics","Core Surge"],"picked":"Creative AI","floor":16.0},{"not_picked":["Go for the Eyes","Barrage+1","Sweeping Beam"],"picked":"SKIP","floor":18.0},{"not_picked":["Go for the Eyes","Barrage+1","Sweeping Beam"],"picked":"SKIP","floor":18.0},{"not_picked":["Gash","Defragment"],"picked":"Capacitor+1","floor":19.0},{"not_picked":["Go for the Eyes+1","Compile Driver+1"],"picked":"Storm","floor":20.0},{"not_picked":["Blizzard","Conserve Battery"],"picked":"Cold Snap","floor":21.0},{"not_picked":["Recycle+1","Sweeping Beam"],"picked":"Storm+1","floor":22.0},{"not_picked":["All For One","Tempest","Gash"],"picked":"SKIP","floor":23.0},{"not_picked":["Rebound","Coolheaded+1","Barrage+1"],"picked":"SKIP","floor":25.0},{"not_picked":["Hologram+1","Melter"],"picked":"Blizzard","floor":28.0},{"not_picked":["Hologram+1","Thunder Strike","Conserve Battery"],"picked":"SKIP","floor":30.0},{"not_picked":["Leap","Rebound","Gash+1"],"picked":"SKIP","floor":31.0},{"not_picked":["Electrodynamics","Hyperbeam"],"picked":"Biased Cognition","floor":33.0},{"not_picked":["Steam","Turbo","Compile Driver+1"],"picked":"SKIP","floor":35.0},{"not_picked":["Go for the Eyes+1","Lockon+1"],"picked":"aspiration:Polymerization+1","floor":37.0},{"not_picked":["Ball Lightning","Compile Driver+1"],"picked":"Biased Cognition","floor":40.0},{"not_picked":["Rebound+1","Redo","Leap"],"picked":"SKIP","floor":41.0},{"not_picked":["Self Repair","Stack","Fusion"],"picked":"SKIP","floor":42.0},{"not_picked":["infinitespire:Execution","infinitespire:DeathsTouch"],"picked":"infinitespire:UltimateForm","floor":45.0},{"not_picked":["Conserve Battery+1","Barrage"],"picked":"Genetic Algorithm","floor":45.0},{"not_picked":["Turbo+1","conspire:SharedLibrary"],"picked":"Buffer","floor":47.0},{"not_picked":["Rebound","Ball Lightning+1","Redo+1"],"picked":"SKIP","floor":48.0},{"not_picked":["Multi-Cast","All For One"],"picked":"Buffer","floor":50.0},{"not_picked":["Ball Lightning","Lockon","BootSequence"],"picked":"SKIP","floor":52.0},{"not_picked":["Barrage","Go for the Eyes"],"picked":"Coolheaded","floor":54.0},{"not_picked":["Blizzard","Fusion","Conserve Battery"],"picked":"SKIP","floor":57.0},{"not_picked":["Gash","Streamline"],"picked":"Fission","floor":59.0},{"not_picked":["Rip and Tear","BootSequence","Aggregate"],"picked":"SKIP","floor":61.0},{"not_picked":["Stack","Go for the Eyes"],"picked":"Defragment","floor":63.0},{"not_picked":["Barrage","Consume","Beam Cell"],"picked":"SKIP","floor":65.0},{"not_picked":["Buffer","Electrodynamics"],"picked":"Echo Form","floor":67.0},{"not_picked":["Conserve Battery+1","Aggregate"],"picked":"Hello World","floor":69.0},{"not_picked":["Streamline","Conserve Battery","Loop"],"picked":"SKIP","floor":70.0},{"not_picked":["Gash","Turbo","Compile Driver"],"picked":"SKIP","floor":72.0},{"not_picked":["Ball Lightning","Reinforced Body+1"],"picked":"Loop","floor":73.0},{"not_picked":["Fusion","Stack"],"picked":"Storm+1","floor":74.0},{"not_picked":["Hologram","aspiration:Polymerization"],"picked":"Echo Form","floor":76.0},{"not_picked":["Double Energy","Turbo","Rebound"],"picked":"SKIP","floor":78.0},{"not_picked":["Gash","Blizzard+1"],"picked":"Coolheaded","floor":80.0},{"not_picked":["Thunder Strike","Hyperbeam"],"picked":"Reboot","floor":84.0},{"not_picked":["Sweeping Beam","Tempest","Rip and Tear+1"],"picked":"SKIP","floor":86.0},{"not_picked":["Doom and Gloom+1","Rebound+1","Streamline+1"],"picked":"SKIP","floor":87.0},{"not_picked":["Cold Snap+1","Stack+1","Tempest+1"],"picked":"SKIP","floor":88.0},{"not_picked":["Turbo","Ball Lightning+1","Streamline"],"picked":"SKIP","floor":89.0},{"not_picked":["Blizzard","aspiration:Polymerization"],"picked":"Self Repair+1","floor":91.0},{"not_picked":["Recycle","Fusion+1","Beam Cell"],"picked":"SKIP","floor":97.0},{"not_picked":["infinitespire:TheBestDefense","infinitespire:FinalStrike"],"picked":"infinitespire:Collect","floor":98.0},{"not_picked":["Turbo+1","Stack+1","Gash+1"],"picked":"SKIP","floor":98.0},{"not_picked":["Gash+1","Leap"],"picked":"Genetic Algorithm","floor":99.0},{"not_picked":["Echo Form","Machine Learning"],"picked":"Electrodynamics","floor":101.0},{"not_picked":["Streamline","Glacier","Force Field"],"picked":"SKIP","floor":103.0},{"not_picked":["Beam Cell","Hologram+1","Stack+1"],"picked":"SKIP","floor":107.0},{"not_picked":["FTL","Turbo+1","Cold Snap"],"picked":"SKIP","floor":108.0},{"not_picked":["Sweeping Beam","Conserve Battery+1","Undo+1"],"picked":"SKIP","floor":110.0},{"not_picked":["Thunder Strike","Stack+1","Steam+1"],"picked":"Singing Bowl","floor":113.0},{"not_picked":["Echo Form","Reboot+1"],"picked":"Buffer","floor":118},{"not_picked":["Melter+1","Beam Cell","Rebound"],"picked":"Singing Bowl","floor":120},{"not_picked":["Coolheaded+1","Aggregate+1"],"picked":"Capacitor","floor":121},{"not_picked":["White Noise+1","Blizzard"],"picked":"Amplify+1","floor":125},{"not_picked":["Stack+1","Gash","Beam Cell"],"picked":"Singing Bowl","floor":127},{"not_picked":["Redo+1","Cold Snap+1","Genetic Algorithm+1"],"picked":"Singing Bowl","floor":129},{"not_picked":["Steam+1","Streamline+1","Redo+1"],"picked":"Singing Bowl","floor":130},{"not_picked":["Hyperbeam","Core Surge","All For One"],"picked":"Singing Bowl","floor":135},{"not_picked":["Steam+1","Coolheaded+1","Streamline+1"],"picked":"Singing Bowl","floor":137},{"not_picked":["Steam+1","Go for the Eyes","Turbo+1"],"picked":"Singing Bowl","floor":138},{"not_picked":["Aggregate+1","Stack+1","Conserve Battery+1"],"picked":"Singing Bowl","floor":139},{"not_picked":["Go for the Eyes","FTL","Barrage+1"],"picked":"Singing Bowl","floor":140},{"not_picked":["Hello World","Steam+1","Auto Shields+1"],"picked":"Singing Bowl","floor":141},{"not_picked":["Darkness+1","Machine Learning","Sunder+1"],"picked":"Singing Bowl","floor":142},{"not_picked":["infinitespire:Collect","infinitespire:TheBestDefense","infinitespire:SevenWalls"],"picked":"Singing Bowl","floor":144},{"not_picked":["conspire:SharedLibrary+1","Compile Driver+1","Loop+1"],"picked":"Singing Bowl","floor":144},{"not_picked":["Blizzard","Stack+1","Steam+1"],"picked":"Singing Bowl","floor":149},{"not_picked":["Coolheaded+1","aspiration:Polymerization+1","Force Field+1"],"picked":"Singing Bowl","floor":150},{"not_picked":["Sweeping Beam+1","Barrage","Rebound+1"],"picked":"Singing Bowl","floor":150},{"not_picked":["Amplify+1","Thunder Strike"],"picked":"Echo Form","floor":152},{"not_picked":["Cold Snap+1","Redo+1","Double Energy+1"],"picked":"Singing Bowl","floor":156},{"not_picked":["Thunder Strike","Seek+1"],"picked":"Electrodynamics","floor":157}],"player_experience":385326,"relics_obtained":[{"floor":6.0,"key":"Boot"},{"floor":8.0,"key":"Lantern"},{"floor":9.0,"key":"aspiration:HummingbirdHeart"},{"floor":12.0,"key":"infinitespire:Lucky Rock"},{"floor":13.0,"key":"aspiration:StickyExplosives_weak"},{"floor":23.0,"key":"infinitespire:Satchel"},{"floor":26.0,"key":"Art of War"},{"floor":30.0,"key":"halation:Gekota"},{"floor":34.0,"key":"Nunchaku"},{"floor":34.0,"key":"White Beast Statue"},{"floor":34.0,"key":"Calipers"},{"floor":40.0,"key":"Centennial Puzzle"},{"floor":43.0,"key":"halation:IllGainedPizza"},{"floor":44.0,"key":"Bottled Lightning"},{"floor":45.0,"key":"Unceasing Top"},{"floor":47.0,"key":"DataDisk"},{"floor":50.0,"key":"halation:EternalFortune"},{"floor":52.0,"key":"halation:EternalFortune"},{"floor":54.0,"key":"Odd Mushroom"},{"floor":57.0,"key":"Smiling Mask"},{"floor":59.0,"key":"Bronze Scales"},{"floor":60.0,"key":"conspire:DeflatedDodgeball"},{"floor":65.0,"key":"infinitespire:FocusingShard"},{"floor":69.0,"key":"halation:EternalFortune"},{"floor":70.0,"key":"halation:EternalFortune"},{"floor":74.0,"key":"Juzu Bracelet"},{"floor":76.0,"key":"Turnip"},{"floor":77.0,"key":"HornCleat"},{"floor":78.0,"key":"halation:EternalFortune"},{"floor":80.0,"key":"Orichalcum"},{"floor":91.0,"key":"Pantograph"},{"floor":92.0,"key":"infinitespire:Magic Flask"},{"floor":94.0,"key":"aspiration:Lifesprig"},{"floor":98.0,"key":"MawBank"},{"floor":108.0,"key":"Omamori"},{"floor":110.0,"key":"Whetstone"},{"floor":111.0,"key":"Singing Bowl"},{"floor":113.0,"key":"Oddly Smooth Stone"},{"floor":125,"key":"War Paint"},{"floor":127,"key":"Bag of Marbles"},{"floor":128,"key":"PreservedInsect"},{"floor":129,"key":"Strawberry"},{"floor":139,"key":"aspiration:HatOfInfinitePower"},{"floor":142,"key":"halation:TwoAmDonut"},{"floor":144,"key":"Prayer Wheel"},{"floor":145,"key":"aspiration:AnachronicSnailShell"},{"floor":148,"key":"aspiration:EnhancedActuators"},{"floor":149,"key":"Dream Catcher"},{"floor":156,"key":"infinitespire:Beetle Shell"}],"event_choices":[{"damage_healed":0.0,"max_hp_gain":0.0,"max_hp_loss":0.0,"gold_gain":0.0,"event_name":"Scrap Ooze","player_choice":"Success","floor":5.0,"gold_loss":0.0,"damage_taken":7.0,"relics_obtained":["Mummified Hand"]},{"damage_healed":0.0,"max_hp_gain":0.0,"max_hp_loss":0.0,"gold_gain":0.0,"event_name":"Golden Shrine","player_choice":"Ignored","floor":39.0,"gold_loss":0.0,"damage_taken":0.0},{"damage_healed":0.0,"max_hp_gain":0.0,"max_hp_loss":0.0,"gold_gain":0.0,"event_name":"conspire:LoneGhost","player_choice":"Agree","floor":53.0,"gold_loss":0.0,"damage_taken":0.0},{"damage_healed":0.0,"max_hp_gain":0.0,"max_hp_loss":0.0,"gold_gain":0.0,"event_name":"Mushrooms","player_choice":"Fought Mushrooms","floor":54.0,"gold_loss":0.0,"damage_taken":0.0},{"damage_healed":0.0,"max_hp_gain":0.0,"max_hp_loss":0.0,"gold_gain":0.0,"event_name":"The Cleric","player_choice":"Leave","floor":55.0,"gold_loss":0.0,"damage_taken":0.0},{"damage_healed":0.0,"max_hp_gain":0.0,"max_hp_loss":0.0,"gold_gain":0.0,"event_name":"Lab","player_choice":"Got Potions","floor":71.0,"gold_loss":0.0,"damage_taken":0.0},{"damage_healed":0.0,"max_hp_gain":0.0,"max_hp_loss":0.0,"gold_gain":0.0,"event_name":"The Woman in Blue","player_choice":"Bought 0 Potions","floor":81.0,"gold_loss":0.0,"damage_taken":0.0},{"damage_healed":0.0,"max_hp_gain":0.0,"max_hp_loss":0.0,"gold_gain":0.0,"event_name":"Mysterious Sphere","player_choice":"Fight","floor":92.0,"gold_loss":0.0,"damage_taken":0.0},{"damage_healed":0.0,"max_hp_gain":0.0,"max_hp_loss":0.0,"gold_gain":0.0,"event_name":"conspire:Investor","player_choice":"Leave","floor":95.0,"gold_loss":0.0,"damage_taken":0.0},{"cards_removed":["conspire:GhostlyStrike"],"damage_healed":0.0,"max_hp_gain":0.0,"max_hp_loss":0.0,"gold_gain":0.0,"event_name":"Falling","player_choice":"Removed Attack","floor":96.0,"gold_loss":0.0,"damage_taken":0.0},{"damage_healed":0.0,"max_hp_gain":0.0,"max_hp_loss":0.0,"gold_gain":0.0,"event_name":"Big Fish","player_choice":"Box","floor":104.0,"gold_loss":0.0,"damage_taken":0.0,"relics_obtained":["halation:AfternoonTea"],"cards_obtained":["Regret"]},{"damage_healed":0.0,"max_hp_gain":0.0,"max_hp_loss":0.0,"gold_gain":0.0,"event_name":"Liars Game","player_choice":"Ignored","floor":105.0,"gold_loss":0.0,"damage_taken":0.0},{"damage_healed":0.0,"max_hp_gain":0.0,"max_hp_loss":0.0,"gold_gain":0.0,"event_name":"Scrap Ooze","player_choice":"Success","floor":106.0,"gold_loss":0.0,"damage_taken":7.0,"relics_obtained":["Toxic Egg 2"]},{"cards_removed":["conspire:GhostlyStrike"],"damage_healed":0,"gold_gain":0,"player_choice":"Forget","damage_taken":0,"max_hp_gain":0,"max_hp_loss":0,"event_name":"Living Wall","floor":115,"gold_loss":0},{"damage_healed":0,"gold_gain":0,"player_choice":"Ignored","damage_taken":0,"max_hp_gain":0,"max_hp_loss":0,"event_name":"Ghosts","floor":122,"gold_loss":0},{"cards_removed":["Regret"],"damage_healed":0,"gold_gain":0,"player_choice":"Gave Gold","damage_taken":0,"max_hp_gain":0,"max_hp_loss":0,"event_name":"Beggar","floor":123,"gold_loss":75},{"damage_healed":0,"gold_gain":0,"player_choice":"Bought 0 Potions","damage_taken":0,"max_hp_gain":0,"max_hp_loss":0,"event_name":"The Woman in Blue","floor":124,"gold_loss":0},{"damage_healed":0,"gold_gain":0,"player_choice":"Opened","damage_taken":0,"relics_obtained":["halation:VictoryRuler"],"max_hp_gain":0,"max_hp_loss":0,"event_name":"The Mausoleum","floor":132,"gold_loss":0},{"damage_healed":0,"gold_gain":0,"player_choice":"Simplicity","damage_taken":0,"max_hp_gain":0,"max_hp_loss":0,"event_name":"Back to Basics","floor":133,"gold_loss":0,"cards_upgraded":["conspire:GhostlyStrike","conspire:GhostlyStrike","conspire:GhostlyDefend","conspire:GhostlyDefend","conspire:GhostlyDefend","conspire:GhostlyDefend"]},{"damage_healed":0,"gold_gain":0,"player_choice":"Fight","damage_taken":0,"max_hp_gain":0,"max_hp_loss":0,"event_name":"MindBloom","floor":139,"gold_loss":0},{"damage_healed":0,"gold_gain":0,"player_choice":"Got Potions","damage_taken":0,"max_hp_gain":0,"max_hp_loss":0,"event_name":"Lab","floor":143,"gold_loss":0},{"damage_healed":0,"gold_gain":0,"player_choice":"Upgraded Two","damage_taken":0,"max_hp_gain":0,"max_hp_loss":0,"event_name":"Designer","floor":147,"gold_loss":40,"cards_upgraded":["Blizzard","Storm"]}],"is_beta":false,"boss_relics":[{"not_picked":["Astrolabe","halation:Yufonium"],"picked":"halation:ForbiddenBikini"},{"not_picked":["conspire:SlowCooker","Empty Cage"],"picked":"Calling Bell"},{"not_picked":["Snecko Eye","Coffee Dripper"],"picked":"infinitespire:Cupcake"},{"not_picked":["halation:Yufonium","halation:MonkeysPaw"],"picked":"aspiration:RitualDagger"},{"not_picked":["halation:SmartPhone","Pandora\u0027s Box"],"picked":"aspiration:PoetsPen_weak"},{"not_picked":["Astrolabe","Runic Pyramid"],"picked":"FrozenCore"},{"not_picked":["Philosopher\u0027s Stone","halation:Risk"],"picked":"halation:Yufonium"},{"not_picked":["Busted Crown","aspiration:WatcherSkillbook"],"picked":"aspiration:Stellarator"},{"not_picked":["Sozu","Runic Dome"],"picked":"halation:Prosthetics"}],"items_purged_floors":[],"is_endless":true,"potions_floor_spawned":[1,6,7,11,19,20,22,25,28,35,37,40,41,42,45,45,47,48,50,52,54,57,59,61,63,65,67,69,70,72,73,74,76,78,80,84,86,87,88,89,91,92,97,98,99,101,103,107,108,110,113,118,120,121,125,127,129,130,135,137,138,139,140,141,142,144,149,150,152,156,157],"ascension_level":2}}