{"host":"7koe0iw0zllko92h","time":1610942816,"event":{"mods":["Act Like it!","BaseMod","Colored Powertips","Hubris","Infinite Spire","Minty Spire (QoL Compilation)","StSLib"],"gold_per_floor":[111,190,190,200,210,240,240,269,349,365,382,347,347,45,45,148,148,167,167,177,192,208,208,233,233,233,233,267,267,282,350,350,454,454,469,469,53,353,353,381,381,410,455,455,467,486,502,517,517,517,517],"floor_reached":50,"language":"ENG","playtime":17397,"items_purged":["hubris:Disease"],"score":650,"play_id":"623d3154-3595-4424-91aa-a7c538a09b53","local_time":"20210117230656","is_ascension_mode":false,"campfire_choices":[{"floor":7,"key":"REST"},{"data":"Rupture","floor":13,"key":"SMITH"},{"data":"Hemokinesis","floor":15,"key":"SMITH"},{"floor":23,"key":"REST"},{"data":"Demon Form","floor":25,"key":"SMITH"},{"data":"Pummel","floor":27,"key":"SMITH"},{"floor":29,"key":"REST"},{"data":"Combust","floor":32,"key":"SMITH"},{"floor":41,"key":"REST"},{"floor":44,"key":"REST"},{"floor":49,"key":"REST"}],"circlet_count":0,"master_deck":["Strike_R","Strike_R","Strike_R","Strike_R","Strike_R","Defend_R","Defend_R","Defend_R","Defend_R","Bash","Hemokinesis+1","Searing Blow","Dramatic Entrance","Cleave","Rupture+1","Sword Boomerang","infinitespire:OneForAll","Pommel Strike","Clothesline","Blood for Blood","Demon Form+1","Combust+1","Body Slam+1","Heavy Blade+1","Pummel+1","Inflame","Immolate","Armaments","Perfected Strike","Barricade","CurseOfTheBell","Headbutt+1","Dark Embrace+1","Inflame+1","True Grit+1","Armaments+1","hubris:Sloth","Ghostly Armor+1","Perfected Strike+1","Dropkick","Dual Wield","Headbutt+1","Metallicize+1","Rupture+1","Heavy Blade"],"relics":["Burning Blood","Bird Faced Urn","Pen Nib","Strawberry","Pantograph","Omamori","Strange Spoon","Cursed Key","WarpedTongs","Lantern","Prayer Wheel","Happy Flower","Bottled Tornado","Calling Bell","infinitespire:Beetle Shell","Frozen Egg 2","StoneCalendar","Peace Pipe","ClockworkSouvenir","Paper Frog","infinitespire:Satchel"],"acts_visited":["Exordium","TheCity","TheBeyond"],"potions_floor_usage":[6,6,16,16,18,22,28,33,40,40,48],"damage_taken":[{"damage":2,"enemies":"Small Slimes","floor":1,"turns":4},{"damage":1,"enemies":"Jaw Worm","floor":4,"turns":3},{"damage":3,"enemies":"Cultist","floor":5,"turns":3},{"damage":38,"enemies":"Lagavulin","floor":6,"turns":5},{"damage":17,"enemies":"Gremlin Nob","floor":8,"turns":4},{"damage":10,"enemies":"Looter","floor":10,"turns":3},{"damage":11,"enemies":"3 Louse","floor":11,"turns":3},{"damage":34,"enemies":"The Guardian","floor":16,"turns":5},{"damage":12,"enemies":"2 Thieves","floor":18,"turns":2},{"damage":10,"enemies":"Shell Parasite","floor":20,"turns":3},{"damage":19,"enemies":"Centurion and Healer","floor":21,"turns":5},{"damage":23,"enemies":"Snake Plant","floor":22,"turns":3},{"damage":3,"enemies":"Gremlin Leader","floor":24,"turns":4},{"damage":53,"enemies":"Slavers","floor":28,"turns":4},{"damage":22,"enemies":"Shelled Parasite and Fungi","floor":30,"turns":4},{"damage":34,"enemies":"Champ","floor":33,"turns":5},{"damage":25,"enemies":"Orb Walker","floor":35,"turns":3},{"damage":69,"enemies":"Nemesis","floor":40,"turns":5},{"damage":25,"enemies":"Giant Head","floor":42,"turns":6},{"damage":15,"enemies":"3 Shapes","floor":45,"turns":1},{"damage":34,"enemies":"Maw","floor":46,"turns":6},{"damage":21,"enemies":"4 Shapes","floor":47,"turns":2},{"damage":14,"enemies":"Jaw Worm Horde","floor":48,"turns":2},{"damage":68,"enemies":"Awakened One","floor":50,"turns":3}],"seed_played":"-7978600889371806781","potions_obtained":[{"floor":4,"key":"Fire Potion"},{"floor":5,"key":"CultistPotion"},{"floor":6,"key":"Dexterity Potion"},{"floor":8,"key":"ColorlessPotion"},{"floor":10,"key":"PowerPotion"},{"floor":16,"key":"SteroidPotion"},{"floor":18,"key":"ColorlessPotion"},{"floor":28,"key":"Fruit Juice"},{"floor":30,"key":"BlessingOfTheForge"},{"floor":35,"key":"LiquidMemories"},{"floor":46,"key":"BlessingOfTheForge"}],"is_trial":false,"path_per_floor":["M","?","?","M","M","E","R","E","T","M","M","?","R","$","R","B",null,"M","?","M","M","M","R","E","R","T","R","E","R","M","T","R","B",null,"M","?","$","?","AVR","E","R","E","T","R","M","M","M","M","R","B"],"character_chosen":"IRONCLAD","items_purchased":["Omamori","Strange Spoon","Peace Pipe","Inflame+1"],"campfire_rested":6,"item_purchase_floors":[14,14,37,37],"current_hp_per_floor":[72,72,72,72,72,42,63,61,61,59,54,73,73,73,73,53,79,73,73,73,66,53,76,79,79,79,79,41,66,54,54,54,57,84,67,67,67,67,67,14,38,31,31,55,46,28,15,9,33,0,0],"gold":517,"neow_bonus":"ONE_RARE_RELIC","is_daily":false,"chose_seed":false,"campfire_upgraded":5,"win_rate":0.0,"timestamp":1610942816,"path_taken":["M","?","?","M","?","E","R","E","T","M","M","?","R","$","R","BOSS","M","?","?","M","M","R","E","R","T","R","E","R","M","?","R","BOSS","M","?","$","?","AVR","E","R","E","T","R","?","M","M","M","R","BOSS"],"items_purchased_type":["Relic","Relic","Relic","Card"],"build_version":"2020-12-22","purchased_purges":1,"victory":false,"max_hp_per_floor":[72,72,72,72,72,72,72,79,79,79,79,79,79,79,79,79,79,79,79,79,79,79,79,79,79,79,79,84,84,84,84,84,84,84,84,80,80,80,80,80,80,80,80,80,80,80,80,80,80,80,80],"card_choices":[{"not_picked":["Dual Wield","Body Slam"],"picked":"Hemokinesis","floor":1},{"not_picked":["Thunderclap","Perfected Strike"],"picked":"Rupture","floor":4},{"not_picked":["Sever Soul","Corruption"],"picked":"Sword Boomerang","floor":5},{"not_picked":["Havoc","Hemokinesis"],"picked":"infinitespire:OneForAll","floor":6},{"not_picked":["Cleave","Anger"],"picked":"Pommel Strike","floor":8},{"not_picked":["True Grit","Uppercut"],"picked":"Clothesline","floor":10},{"not_picked":["Clothesline","Sword Boomerang"],"picked":"Blood for Blood","floor":11},{"not_picked":["Brutality","hubris:StunningStrike"],"picked":"Demon Form","floor":16},{"not_picked":["Dual Wield","Searing Blow"],"picked":"Combust","floor":18},{"not_picked":["Clash","Cleave"],"picked":"Body Slam+1","floor":20},{"not_picked":["Entrench","Armaments"],"picked":"Heavy Blade+1","floor":21},{"not_picked":["Wild Strike","Sever Soul+1"],"picked":"Pummel","floor":22},{"not_picked":["Pommel Strike","Second Wind"],"picked":"Inflame","floor":24},{"not_picked":["Brutality","Flex"],"picked":"Immolate","floor":28},{"not_picked":["Cleave","Combust"],"picked":"Armaments","floor":30},{"not_picked":["Dark Embrace","Headbutt"],"picked":"Perfected Strike","floor":30},{"not_picked":["Reaper","Fiend Fire"],"picked":"Barricade","floor":33},{"not_picked":["Warcry+1","Clash+1"],"picked":"Headbutt+1","floor":35},{"not_picked":["Iron Wave+1","Sever Soul+1"],"picked":"Dark Embrace+1","floor":35},{"not_picked":["Demon Form+1","Immolate"],"picked":"True Grit+1","floor":40},{"not_picked":["Evolve+1","Perfected Strike+1"],"picked":"Armaments+1","floor":42},{"not_picked":["Clash","True Grit"],"picked":"Ghostly Armor+1","floor":45},{"not_picked":["Limit Break","infinitespire:OneForAll+1"],"picked":"Perfected Strike+1","floor":45},{"not_picked":["Warcry+1","Wild Strike"],"picked":"Dropkick","floor":46},{"not_picked":["hubris:ReadiedAction+1","Pommel Strike"],"picked":"Dual Wield","floor":46},{"not_picked":["Bloodletting+1","Dark Embrace+1"],"picked":"Headbutt+1","floor":47},{"not_picked":["Warcry","Armaments+1"],"picked":"Metallicize+1","floor":47},{"not_picked":["Shrug It Off+1","Warcry+1"],"picked":"Rupture+1","floor":48},{"not_picked":["Body Slam","Demon Form+1"],"picked":"Heavy Blade","floor":48}],"player_experience":686139,"relics_obtained":[{"floor":6,"key":"Pen Nib"},{"floor":8,"key":"Strawberry"},{"floor":9,"key":"Pantograph"},{"floor":24,"key":"Lantern"},{"floor":26,"key":"Prayer Wheel"},{"floor":28,"key":"Happy Flower"},{"floor":31,"key":"Bottled Tornado"},{"floor":34,"key":"infinitespire:Beetle Shell"},{"floor":34,"key":"Frozen Egg 2"},{"floor":34,"key":"StoneCalendar"},{"floor":40,"key":"Paper Frog"},{"floor":42,"key":"infinitespire:Satchel"}],"event_choices":[{"damage_healed":0,"gold_gain":79,"player_choice":"Gained Gold","damage_taken":0,"max_hp_gain":0,"max_hp_loss":0,"event_name":"Golden Wing","floor":2,"gold_loss":0},{"damage_healed":0,"gold_gain":0,"player_choice":"3 cards matched","damage_taken":0,"max_hp_gain":0,"max_hp_loss":0,"event_name":"Match and Keep!","floor":3,"gold_loss":0,"cards_obtained":["Searing Blow","Dramatic Entrance","Cleave"]},{"damage_healed":0,"gold_gain":0,"player_choice":"3 cards matched","damage_taken":0,"max_hp_gain":0,"max_hp_loss":0,"event_name":"Match and Keep!","floor":3,"gold_loss":0,"cards_obtained":["Searing Blow","Dramatic Entrance","Cleave"]},{"damage_healed":19,"gold_gain":0,"player_choice":"Healed","damage_taken":0,"max_hp_gain":0,"max_hp_loss":0,"event_name":"The Cleric","floor":12,"gold_loss":35},{"damage_healed":0,"gold_gain":0,"player_choice":"Rummage","damage_taken":0,"relics_obtained":["WarpedTongs"],"max_hp_gain":0,"max_hp_loss":0,"event_name":"Accursed Blacksmith","floor":19,"gold_loss":0,"cards_obtained":["Pain"]},{"damage_healed":0,"gold_gain":0,"player_choice":"Max HP","damage_taken":0,"max_hp_gain":0,"max_hp_loss":4,"event_name":"Winding Halls","floor":36,"gold_loss":0},{"damage_healed":0,"gold_gain":300,"player_choice":"Gold","damage_taken":0,"max_hp_gain":0,"max_hp_loss":0,"event_name":"Wheel of Change","floor":38,"gold_loss":0}],"is_beta":false,"boss_relics":[{"not_picked":["Empty Cage","Mark of Pain"],"picked":"Cursed Key"},{"not_picked":["Runic Dome","Busted Crown"],"picked":"Calling Bell"}],"items_purged_floors":[37],"is_endless":false,"potions_floor_spawned":[4,5,6,8,10,16,18,28,30,35,46],"killed_by":"Awakened One","ascension_level":0}}