{"host":"8d3fefv2347kqkpz","time":1610994673,"event":{"mods":["100% Spire Juice","AchievementEnabler","Act Like it!","Aspiration","BaseMod","Better Vampires","Colored Map","Colored Powertips","Conspire","GifTheSpireLib","Highlight Path","Mimic Mod","Minty Spire (QoL Compilation)","Quick Restart","Reimu£®≤©¿ˆ¡È√Œ£©","Relic Stats","Remilia£®¿Ÿ√◊¿Ú—«£©","Replay The Spire","Spicy Shops","StSLib","The Gatherer","The Jungle","The Senshi","The Servant 0.9.4","Waifu the Spire","vexMod"],"gold_per_floor":[210,8,19,34,48,48,48],"floor_reached":6,"language":"ZHS","playtime":399,"items_purged":["Strike_R"],"score":38,"play_id":"f7c15236-24eb-4e6c-8170-f1f3ec8b53cb","local_time":"20210119023113","is_ascension_mode":false,"campfire_choices":[],"circlet_count":0,"master_deck":["Strike_R","Strike_R","Strike_R","Strike_R","Defend_R","Defend_R","Defend_R","Defend_R","Bash","Body Slam","Armaments","ReplayReversal"],"relics":["Burning Blood","ScarletDevilRocket"],"acts_visited":["Exordium"],"potions_floor_usage":[],"damage_taken":[{"damage":6,"enemies":"2 Louse","floor":1,"turns":3},{"damage":6,"enemies":"Jaw Worm","floor":3,"turns":5},{"damage":7,"enemies":"Small Slimes","floor":4,"turns":5},{"damage":24,"enemies":"Gremlin Gang","floor":5,"turns":7},{"damage":46,"enemies":"Lagavulin","floor":6,"turns":11}],"seed_played":"4491778073873955772","potions_obtained":[{"floor":5,"key":"ZuzhouPotion:ReiMu"}],"is_trial":false,"path_per_floor":["M","$","M","M","M","E"],"character_chosen":"IRONCLAD","items_purchased":["ScarletDevilRocket","Armaments"],"campfire_rested":0,"item_purchase_floors":[2,2],"current_hp_per_floor":[80,80,80,79,61,15,15],"gold":48,"neow_bonus":"HUNDRED_GOLD","is_daily":false,"chose_seed":false,"campfire_upgraded":0,"win_rate":0.0,"timestamp":1610994673,"path_taken":["M","$","M","M","M","E"],"items_purchased_type":["Relic","Card"],"build_version":"2020-12-22","purchased_purges":1,"victory":false,"max_hp_per_floor":[80,80,80,80,80,80,80],"relic_stats":{"counters":[5,31],"obtain_stats":[{"ScarletDevilRocket":2,"Burning Blood":0},{"ScarletDevilRocket":1,"Burning Blood":0},{"ScarletDevilRocket":3,"Burning Blood":0}],"Burning Blood":24},"card_choices":[{"not_picked":["Warcry","Heavy Blade"],"picked":"Body Slam","floor":1},{"not_picked":["Pommel Strike","Thunderclap"],"picked":"ReplayReversal","floor":3},{"not_picked":["Wild Strike","Seeing Red","ReplayTheSpireMod:Strike From Hell"],"picked":"SKIP","floor":4},{"not_picked":["Shockwave","Pummel","Clash"],"picked":"SKIP","floor":5}],"player_experience":95583,"relics_obtained":[],"event_choices":[],"is_beta":false,"boss_relics":[],"items_purged_floors":[2],"is_endless":false,"potions_floor_spawned":[5],"killed_by":"Lagavulin","ascension_level":0}}