{"host":"1zjc08c6hob33401","time":1610991599,"event":{"mods":["AchievementEnabler","Act Like it!","Aspiration","BaseMod","Downfall","Energized Spire","Evolution","Friendly Minions","Gensokyo","GifTheSpireLib","Hubris","Infinite Spire","Jedi Mod","Minty Spire (QoL Compilation)","Pale of the Ancients","Quick Restart","Retaliation","Shop Mod","StS++","StSLib","Stuff the Spire","The Blue Laboratory","Wandering Minibosses","vexMod","??????REMEMod"],"gold_per_floor":[111,111,123,134,148,177,177,210,265,265,290,302,302,302,302,405,405,416,416,428,428,438,470,470,485,485,485,485,485,90,90,90,193,193,208,208,208,233,233,233,256,280,280,280,315,113,113,140,140,140,174,219,319,88,88,88,88,169,169,169],"floor_reached":61,"language":"RUS","playtime":2555,"items_purged":["hubris:Envy","hubris:Wrath"],"score":2067,"play_id":"f42d8996-f555-42e6-9307-c584e668d295","local_time":"20210118193959","is_ascension_mode":true,"campfire_choices":[{"data":"Vault","floor":7.0,"key":"SMITH"},{"data":"Capacitor","floor":10.0,"key":"SMITH"},{"data":"StSpp:Channeliser","floor":13.0,"key":"SMITH"},{"data":"hubris:PowerSurge","floor":15.0,"key":"SMITH"},{"data":"infinitespire:SevenWalls","floor":24.0,"key":"SMITH"},{"floor":32.0,"key":"REST"},{"data":"jedi:studyfrost","floor":40.0,"key":"SMITH"},{"data":"Barrage","floor":44.0,"key":"SMITH"},{"data":"Gensokyo:HAARP","floor":49.0,"key":"SMITH"},{"data":"jedi:reiji","floor":55,"key":"SMITH"},{"data":"jedi:sharpshooter","floor":57,"key":"SMITH"}],"circlet_count":0,"master_deck":["Rebound","Rebound","jedi:blockon","jedi:blockon","jedi:blockon","Vault+1","hubris:PowerSurge+1","jedi:hex","Blade Dance","StSpp:NonchalentStrike+1","jedi:reiji+1","Ball Lightning","FTL","jedi:sharpshooter+1","Capacitor+1","jedi:studyfrost+1","StSpp:Channeliser+1","StSpp:CopyPaste+1","StSpp:Pointer+1","infinitespire:SevenWalls+1","Steam+1","Blur","jedi:pocketpoison","Die Die Die+1","REME_Whirling+1","Barrage+1","Adrenaline+1","jedi:bruteforce+1","Sweeping Beam+1","downfall:Malfunctioning","hubris:Greed","hubris:Greed","hubris:InfiniteBlow+516","StSpp:Igniter+1","jedi:reiji+1","vexMod:UltimateCard","Gensokyo:HAARP+1","hubris:Greed","Heatsinks+1","hubris:Greed","hubris:Greed","Bandage Up+1","hubris:Greed","hubris:Greed","hubris:Greed","hubris:Greed","Pain","hubris:Greed","hubris:Greed","hubris:Greed","hubris:Greed","hubris:Greed","hubris:Greed"],"relics":["Cracked Core","EVO:Axolotl","REME_ComplimentaryCards","hubris:ToyBattleship","Pear","infinitespire:Lucky Rock","infinitespire:Satchel","Busted Crown","jedi:cryingmask","Toxic Egg 2","Blue Candle","aspiration:VileToxins","vexMod:PaidLearning","hubris:EmptyBottle","energizedSpire:StickyHand","Cursed Key","Ornamental Fan","Gensokyo:Companionship","hubris:TenFootPole","paleoftheancients:Timepiece","paleoftheancients:KeyRelic","CultistMask","paleoftheancients:SoulOfTheIroncluck","StuffTheSpire:ColdMirror"],"acts_visited":["Gensokyo:Gensokyo","Gensokyo:Gensokyoer","Gensokyo:Gensokyoest","paleoftheancients:PaleOfTheAncients"],"potions_floor_usage":[50,51,52,56,56,60,60,60],"damage_taken":[{"damage":0.0,"enemies":"Gensokyo:3_Fairies","floor":1.0,"turns":3.0},{"damage":8.0,"enemies":"Gensokyo:Gryphon","floor":3.0,"turns":3.0},{"damage":0.0,"enemies":"Gensokyo:2_Kodama","floor":4.0,"turns":4.0},{"damage":0.0,"enemies":"Gensokyo:VengefulSpirit","floor":5.0,"turns":3.0},{"damage":0.0,"enemies":"Gensokyo:Aya","floor":6.0,"turns":3.0},{"damage":0.0,"enemies":"Gensokyo:Mamizou","floor":8.0,"turns":4.0},{"damage":0.0,"enemies":"Gensokyo:Cirno","floor":11.0,"turns":5.0},{"damage":0.0,"enemies":"Gensokyo:Gryphon_and_Rabbit","floor":12.0,"turns":3.0},{"damage":42.0,"enemies":"Gensokyo:Reimu","floor":16.0,"turns":6.0},{"damage":7.0,"enemies":"Gensokyo:CosmicMonolith","floor":18.0,"turns":3.0},{"damage":0.0,"enemies":"Gensokyo:Chomper","floor":20.0,"turns":2.0},{"damage":0.0,"enemies":"Gensokyo:Swordslinger","floor":22.0,"turns":4.0},{"damage":12.0,"enemies":"Gensokyo:Reisen","floor":23.0,"turns":6.0},{"damage":6.0,"enemies":"Gensokyo:Slime_Group","floor":25.0,"turns":5.0},{"damage":9.0,"enemies":"Gensokyo:Kaguya","floor":33.0,"turns":7.0},{"damage":0.0,"enemies":"Gensokyo:3_Boulders","floor":35.0,"turns":2.0},{"damage":0.0,"enemies":"Gensokyo:AncientGuardian","floor":38.0,"turns":3.0},{"damage":0.0,"enemies":"Gensokyo:3_Boulders","floor":41.0,"turns":2.0},{"damage":5.0,"enemies":"Gensokyo:Sharpion","floor":42.0,"turns":4.0},{"damage":0.0,"enemies":"Gensokyo:Marisa","floor":45.0,"turns":1.0},{"damage":4.0,"enemies":"Gensokyo:Dusk_and_Dawn","floor":48.0,"turns":4.0},{"damage":3,"enemies":"Gensokyo:Scarlet_Devils","floor":50,"turns":5},{"damage":18,"enemies":"Gensokyo:Scarlet_Devils","floor":51,"turns":3},{"damage":10,"enemies":"Gensokyo:Scarlet_Devils","floor":52,"turns":2},{"damage":80,"enemies":"Gensokyo:Scarlet_Devils","floor":56,"turns":8},{"damage":18,"enemies":"paleoftheancients:N","floor":60,"turns":8}],"seed_played":"5609127751558826387","potions_obtained":[{"floor":3.0,"key":"LiquidBronze"},{"floor":4.0,"key":"AttackPotion"},{"floor":6.0,"key":"blueLaboratory:ConsumingVoid"},{"floor":12.0,"key":"blueLaboratory:FruitPunch"},{"floor":16.0,"key":"Block Potion"},{"floor":18.0,"key":"blueLaboratory:BiasPotion"},{"floor":20.0,"key":"LiquidMemories"},{"floor":22.0,"key":"blueLaboratory:HorrorPotion"},{"floor":41.0,"key":"StSpp:ScatteredWeakPotion"},{"floor":45.0,"key":"blueLaboratory:StoneskinPotion"},{"floor":48.0,"key":"ColorlessPotion"},{"floor":51,"key":"BlessingOfTheForge"}],"is_trial":false,"path_per_floor":["M","?","M","M","M","E","R","E","T","R","E","M","R","?","R","B",null,"M","?","M","?","M","E","R","M","T","?","T","?","COS","?","R","B",null,"M","?","?","M","AVR","R","M","M","T","R","E","COS","?","M","R","B","M","M","?","$","R","M","R","T","?","B",null],"character_chosen":"DEFECT","items_purchased":["Bandage Up+1"],"campfire_rested":1,"item_purchase_floors":[54],"current_hp_per_floor":[71,71,63,63,63,63,63,73,73,73,73,73,73,73,73,33,76,69,46,46,46,46,34,34,28,28,28,28,28,28,28,52,43,73,73,73,73,73,73,73,73,68,68,68,68,68,68,64,64,78,72,73,73,73,73,83,83,83,83,77],"gold":169,"neow_bonus":"THREE_CARDS","is_daily":false,"chose_seed":false,"campfire_upgraded":10,"win_rate":0.0,"timestamp":1610991599,"path_taken":["M","?","?","M","M","E","R","E","T","R","E","M","R","?","R","BOSS","M","?","M","?","M","E","R","?","T","?","?","?","COS","?","R","BOSS","M","?","?","M","AVR","R","M","M","T","R","E","COS","?","?","R","BOSS","M","M","?","$","R","M","R","T","?","BOSS"],"items_purchased_type":["Card"],"build_version":"2020-12-22","purchased_purges":2,"victory":true,"max_hp_per_floor":[78,78,78,78,78,78,78,88,88,88,88,88,88,88,88,90,90,90,90,90,90,90,90,90,90,90,83,83,83,83,83,83,83,83,83,83,83,83,83,83,83,83,83,83,83,83,83,83,83,83,83,83,83,83,83,83,83,83,83,83],"card_choices":[{"not_picked":["Redo","Cold Snap"],"picked":"hubris:PowerSurge","floor":0.0},{"not_picked":["jedi:BurstFrost","Conserve Battery"],"picked":"jedi:hex","floor":1.0},{"not_picked":["Go for the Eyes","Rebound"],"picked":"jedi:reiji","floor":3.0},{"not_picked":["Scrape","jedi:BurstFrost"],"picked":"Ball Lightning","floor":4.0},{"not_picked":["StuffTheSpire:LoadUp","Beam Cell"],"picked":"FTL","floor":5.0},{"not_picked":["Beam Cell","jedi:BurstLightning"],"picked":"jedi:sharpshooter","floor":6.0},{"not_picked":["jedi:BurstLightning","FTL"],"picked":"Capacitor","floor":8.0},{"not_picked":["StSpp:Fierceness","Cold Snap"],"picked":"jedi:studyfrost","floor":11.0},{"not_picked":["Conserve Battery","REME_Compress"],"picked":"StSpp:Channeliser","floor":12.0},{"not_picked":["Meteor Strike","StuffTheSpire:LaunchingStrike"],"picked":"StSpp:CopyPaste","floor":16.0},{"not_picked":[],"picked":"StSpp:Pointer+1","floor":18.0},{"not_picked":["infinitespire:DeathsTouch","infinitespire:Gouge"],"picked":"infinitespire:SevenWalls","floor":19.0},{"not_picked":[],"picked":"Steam+1","floor":20.0},{"not_picked":[],"picked":"REME_Whirling+1","floor":22.0},{"not_picked":["Gash"],"picked":"SKIP","floor":23.0},{"not_picked":[],"picked":"Barrage","floor":25.0},{"not_picked":[],"picked":"jedi:bruteforce+1","floor":33.0},{"not_picked":[],"picked":"Sweeping Beam+1","floor":35.0},{"not_picked":["Steam+1"],"picked":"SKIP","floor":38.0},{"not_picked":[],"picked":"StSpp:Igniter+1","floor":41.0},{"not_picked":[],"picked":"jedi:reiji+1","floor":42.0},{"not_picked":["Conserve Battery+1"],"picked":"SKIP","floor":45.0},{"not_picked":[],"picked":"Heatsinks+1","floor":48.0},{"not_picked":["Rebound"],"picked":"SKIP","floor":51},{"not_picked":["jedi:BurstFrost+1"],"picked":"SKIP","floor":52}],"player_experience":613122,"relics_obtained":[{"floor":6.0,"key":"hubris:ToyBattleship"},{"floor":8.0,"key":"Pear"},{"floor":9.0,"key":"infinitespire:Lucky Rock"},{"floor":11.0,"key":"infinitespire:Satchel"},{"floor":23.0,"key":"jedi:cryingmask"},{"floor":26.0,"key":"Toxic Egg 2"},{"floor":28.0,"key":"aspiration:VileToxins"},{"floor":43.0,"key":"Ornamental Fan"},{"floor":45.0,"key":"hubris:TenFootPole"},{"floor":52,"key":"paleoftheancients:SoulOfTheIroncluck"},{"floor":58,"key":"StuffTheSpire:ColdMirror"}],"event_choices":[{"damage_healed":0,"gold_gain":100,"player_choice":"Pray","damage_taken":0,"max_hp_gain":0,"max_hp_loss":0,"event_name":"Golden Shrine","floor":53,"gold_loss":0}],"is_beta":false,"boss_relics":[{"not_picked":["bronze:MakeshiftBattery","REME_ChargedStone"],"picked":"Busted Crown"},{"not_picked":["Nuclear Battery","vexMod:DeviousBotling"],"picked":"energizedSpire:StickyHand"}],"items_purged_floors":[54,54],"is_endless":false,"potions_floor_spawned":[3,4,6,12,16,18,20,22,41,45,48,51],"ascension_level":8}}