{"host":"thin","time":1610983592,"event":{"mods":["BaseMod","Colored Powertips","Minty Spire (QoL Compilation)","Replay The Spire","Shop Mod","StSLib","The Bug Knight"],"gold_per_floor":[113,113,113,130,55,55,67,67,67,67,83,99,128,146,146,245,245,256,256,45,61,81,101,101,130,155,155,155,186,186,230,230,337,337,356,378,398,398,398,425,446,446,484,484,510,540,30,64,64,78,78,78,78,78,34,87,87],"floor_reached":58,"language":"ZHS","playtime":2727,"items_purged":["Regret","HollowMod:NailStrikeStart"],"score":1933,"play_id":"21da3f80-5fe4-473c-86e5-120277a5ea65","local_time":"20210118232632","is_ascension_mode":true,"campfire_choices":[{"floor":6.0,"key":"RECALL"},{"data":"HollowMod:GrimmsGift","floor":8.0,"key":"SMITH"},{"data":"Infinite Blades","floor":15.0,"key":"SMITH"},{"floor":24.0,"key":"REST"},{"floor":27.0,"key":"REST"},{"floor":30.0,"key":"REST"},{"floor":32.0,"key":"REST"},{"floor":42.0,"key":"REST"},{"floor":44.0,"key":"REST"}],"circlet_count":0,"master_deck":["AscendersBane","HollowMod:NailStrikeStart","HollowMod:NailStrikeStart","HollowMod:QuickDashStart","HollowMod:QuickDashStart","HollowMod:QuickDashStart","HollowMod:FocusHealStart","HollowMod:PogoStrike+1","HollowMod:HuntersJournal","HollowMod:GrimmsGift+1","Beam Cell","Dagger Spray","Melter","Apotheosis","HollowMod:HuntersJournal","HollowMod:CloakDash","HollowMod:MonarchWings","Demon Form","ReplayTheSpireMod:Private Reserves","HollowMod:HuntersJournal","HollowMod:HornetsHelp","Finesse+1","Go for the Eyes+1","Eclipse","Purity","Secret Technique","ReplayUltimateDefense","Replay:Bootleg Shield Generator+1","HollowMod:CloakDash+1","Magnetism","HollowMod:SiblingsSouls"],"relics":["HollowMod:VesselMask","Calipers","Shuriken","Ornamental Fan","PrismaticShard","Onion Ring","Fusion Hammer","Omamori","Bronze Scales","Pen Nib","Oddly Smooth Stone","CeramicFish","Empty Cage","Replay:Baseball","Potion Belt","Pantograph","Chameleon Ring","Lantern","ReplayTheSpireMod:TigerMarble"],"acts_visited":["Exordium","TheCity","TheBeyond","TheEnding"],"potions_floor_usage":[57,57],"damage_taken":[{"damage":3.0,"enemies":"Small Slimes","floor":1.0,"turns":3.0},{"damage":4.0,"enemies":"Jaw Worm","floor":4.0,"turns":3.0},{"damage":6.0,"enemies":"Cultist","floor":7.0,"turns":3.0},{"damage":3.0,"enemies":"Lots of Slimes","floor":11.0,"turns":3.0},{"damage":8.0,"enemies":"Exordium Wildlife","floor":12.0,"turns":4.0},{"damage":22.0,"enemies":"Lagavulin","floor":13.0,"turns":6.0},{"damage":1.0,"enemies":"Looter","floor":14.0,"turns":2.0},{"damage":29.0,"enemies":"HollowMod:FalseKnight","floor":16.0,"turns":6.0},{"damage":0.0,"enemies":"3 Byrds","floor":18.0,"turns":3.0},{"damage":3.0,"enemies":"Shell Parasite","floor":21.0,"turns":2.0},{"damage":4.0,"enemies":"Chosen and Byrds","floor":22.0,"turns":3.0},{"damage":26.0,"enemies":"Centurion and Healer","floor":23.0,"turns":3.0},{"damage":8.0,"enemies":"HollowMod:Nosk","floor":25.0,"turns":5.0},{"damage":25.0,"enemies":"Replay:Snechameleon","floor":29.0,"turns":4.0},{"damage":0.0,"enemies":"Gremlin Leader","floor":31.0,"turns":4.0},{"damage":15.0,"enemies":"Champ","floor":33.0,"turns":6.0},{"damage":18.0,"enemies":"3 Darklings","floor":35.0,"turns":2.0},{"damage":13.0,"enemies":"3 Shapes","floor":36.0,"turns":4.0},{"damage":0.0,"enemies":"Transient","floor":37.0,"turns":5.0},{"damage":13.0,"enemies":"Jaw Worm Horde","floor":41.0,"turns":3.0},{"damage":0.0,"enemies":"Giant Head","floor":43.0,"turns":6.0},{"damage":9.0,"enemies":"Reptomancer","floor":46.0,"turns":4.0},{"damage":22.0,"enemies":"Nemesis","floor":48.0,"turns":7.0},{"damage":7.0,"enemies":"Sphere and 2 Shapes","floor":50.0,"turns":5.0},{"damage":0.0,"enemies":"Awakened One","floor":52.0,"turns":7.0},{"damage":5.0,"enemies":"Shield and Spear","floor":56.0,"turns":5.0},{"damage":87,"enemies":"The Heart","floor":57,"turns":9}],"seed_played":"7529367783727621030","potions_obtained":[{"floor":1.0,"key":"Block Potion"},{"floor":7.0,"key":"Strength Potion"},{"floor":11.0,"key":"PowerPotion"},{"floor":14.0,"key":"PowerPotion"},{"floor":22.0,"key":"FairyPotion"},{"floor":25.0,"key":"LiquidMemories"},{"floor":31.0,"key":"Fruit Juice"},{"floor":33.0,"key":"Cursed Concoction"},{"floor":36.0,"key":"CultistPotion"},{"floor":41.0,"key":"Flashbang"},{"floor":50.0,"key":"Dexterity Potion"},{"floor":51.0,"key":"LiquidBronze"},{"floor":51.0,"key":"Flashbang"},{"floor":54.0,"key":"Explosive Potion"},{"floor":54.0,"key":"LiquidMemories"},{"floor":56.0,"key":"Dexterity Potion"}],"is_trial":false,"path_per_floor":["M","?","?","M","$","R","M","R","T","?","M","M","E","M","R","B",null,"M","?","$","M","M","M","R","E","T","R","?","E","R","E","R","B",null,"M","M","M","PTL","PTL","?","M","R","E","R","T","E","$","E","?","M","R","B",null,"R","$","E","B",null],"character_chosen":"THE_BUGKNIGHT","items_purchased":["Omamori","HollowMod:HuntersJournal","Chameleon Ring","Magnetism","HollowMod:SiblingsSouls"],"campfire_rested":6,"item_purchase_floors":[20,20,47,47,55],"current_hp_per_floor":[68,68,68,68,68,68,68,68,68,68,65,57,45,44,44,27,58,64,64,64,61,67,41,61,59,59,68,68,43,63,68,73,68,72,60,57,67,67,67,57,44,65,65,73,73,64,64,51,51,54,54,73,73,73,73,68,7],"gold":87,"neow_bonus":"ONE_RARE_RELIC","is_daily":false,"chose_seed":false,"campfire_upgraded":2,"win_rate":0.0,"timestamp":1610983592,"path_taken":["M","?","?","?","?","R","M","R","T","?","M","M","E","M","R","BOSS","M","?","$","M","M","M","R","E","T","R","?","E","R","E","R","BOSS","M","?","M","PTL","PTL","?","M","R","E","R","T","E","$","E","?","M","R","BOSS","R","$","E","BOSS"],"items_purchased_type":["Relic","Card","Relic","Card","Card"],"build_version":"2020-12-18","purchased_purges":2,"victory":true,"max_hp_per_floor":[68,68,68,68,68,68,68,68,68,68,68,68,68,68,68,68,68,68,68,68,68,68,68,68,68,68,68,68,68,68,68,73,73,73,73,73,73,73,73,73,73,73,73,73,73,73,73,73,73,73,73,73,73,73,73,73,73],"card_choices":[{"not_picked":["HollowMod:NewJinnsSoul","HollowMod:ShadowDash"],"picked":"HollowMod:HuntersJournal","floor":1.0},{"not_picked":["HollowMod:FallenFury","HollowMod:HowlingWraiths"],"picked":"HollowMod:GrimmsGift","floor":4.0},{"not_picked":["HollowMod:InfectedCysts","HollowMod:MonomonsArchive","HollowMod:DescendingDark"],"picked":"SKIP","floor":7.0},{"not_picked":["HollowMod:RecoilStrike","Perfected Strike"],"picked":"Beam Cell","floor":11.0},{"not_picked":["Replay:Cycle","Steam"],"picked":"Infinite Blades","floor":12.0},{"not_picked":["Chill","ThirdEye"],"picked":"Dagger Spray","floor":13.0},{"not_picked":["Leap","Recycle"],"picked":"Melter","floor":14.0},{"not_picked":["Alpha","Glass Knife"],"picked":"Apotheosis","floor":16.0},{"not_picked":["FlurryOfBlows","Panic Button","Massacre"],"picked":"SKIP","floor":18.0},{"not_picked":["HollowMod:CycloneSlash","True Grit+1"],"picked":"HollowMod:CloakDash","floor":21.0},{"not_picked":["Rebound","HollowMod:DoubleDash+1"],"picked":"HollowMod:MonarchWings","floor":22.0},{"not_picked":["Heavy Blade","HollowMod:DescendingDark+1"],"picked":"Demon Form","floor":23.0},{"not_picked":["HollowMod:LuriensSpire+1","JustLucky"],"picked":"ReplayTheSpireMod:Private Reserves","floor":25.0},{"not_picked":["Replay:Bootleg Shield Generator","HollowMod:CycloneSlash","Dagger Throw"],"picked":"SKIP","floor":29.0},{"not_picked":["Combust","HollowMod:SoulStrike+1"],"picked":"HollowMod:HuntersJournal","floor":31.0},{"not_picked":["Demonic Infusion","Night Terror"],"picked":"HollowMod:HornetsHelp","floor":33.0},{"not_picked":["Streamline","HollowMod:InfectedCysts"],"picked":"Finesse+1","floor":35.0},{"not_picked":["Footwork","SashWhip+1"],"picked":"Go for the Eyes+1","floor":36.0},{"not_picked":["Poisoned Stab+1","PathToVictory"],"picked":"Eclipse","floor":37.0},{"not_picked":["The Bomb","Mind Blast"],"picked":"Purity","floor":40.0},{"not_picked":["Enlightenment","Blind"],"picked":"Secret Technique","floor":40.0},{"not_picked":["The Bomb","Replay:Sssssssssstrike"],"picked":"ReplayUltimateDefense","floor":40.0},{"not_picked":["Replay:BluntJabs+1","Steam Power"],"picked":"Replay:Bootleg Shield Generator+1","floor":41.0},{"not_picked":["Protect+1","EmptyMind"],"picked":"HollowMod:CloakDash+1","floor":43.0},{"not_picked":["HollowMod:MonarchWings","Weave","Underhanded Strike"],"picked":"SKIP","floor":46.0},{"not_picked":["Distraction+1","HollowMod:InfectedAttack","Go for the Eyes+1"],"picked":"SKIP","floor":48.0},{"not_picked":["Lockon+1","Flying Knee+1","Combust"],"picked":"SKIP","floor":50.0},{"not_picked":["HollowMod:BlackTendrils+1","Sucker Punch+1","Sword Boomerang"],"picked":"SKIP","floor":56.0}],"player_experience":951407,"relics_obtained":[{"floor":9.0,"key":"Ornamental Fan"},{"floor":13.0,"key":"Onion Ring"},{"floor":25.0,"key":"Bronze Scales"},{"floor":28.0,"key":"Pen Nib"},{"floor":29.0,"key":"Oddly Smooth Stone"},{"floor":31.0,"key":"CeramicFish"},{"floor":43.0,"key":"Replay:Baseball"},{"floor":45.0,"key":"Potion Belt"},{"floor":46.0,"key":"Pantograph"},{"floor":48.0,"key":"Lantern"},{"floor":56.0,"key":"ReplayTheSpireMod:TigerMarble"}],"event_choices":[{"damage_healed":0.0,"max_hp_gain":0.0,"max_hp_loss":0.0,"gold_gain":0.0,"event_name":"Big Fish","player_choice":"Box","floor":2.0,"gold_loss":0.0,"damage_taken":0.0,"relics_obtained":["Shuriken"],"cards_obtained":["Regret"]},{"damage_healed":0.0,"max_hp_gain":0.0,"max_hp_loss":0.0,"gold_gain":0.0,"event_name":"Accursed Blacksmith","player_choice":"Forge","floor":3.0,"gold_loss":0.0,"damage_taken":0.0,"cards_upgraded":["HollowMod:PogoStrike"]},{"damage_healed":0.0,"max_hp_gain":0.0,"max_hp_loss":0.0,"gold_gain":0.0,"event_name":"Ghosts","player_choice":"Ignored","floor":19.0,"gold_loss":0.0,"damage_taken":0.0},{"damage_healed":0.0,"max_hp_gain":0.0,"max_hp_loss":0.0,"gold_gain":0.0,"event_name":"Wheel of Change","player_choice":"Relic","floor":28.0,"gold_loss":0.0,"damage_taken":0.0},{"damage_healed":0.0,"max_hp_gain":0.0,"max_hp_loss":0.0,"gold_gain":0.0,"event_name":"SensoryStone","player_choice":"Memory 3","floor":40.0,"gold_loss":0.0,"damage_taken":10.0},{"cards_removed":["Infinite Blades"],"damage_healed":0.0,"max_hp_gain":0.0,"max_hp_loss":0.0,"gold_gain":0.0,"event_name":"Falling","player_choice":"Removed Power","floor":49.0,"gold_loss":0.0,"damage_taken":0.0}],"is_beta":true,"boss_relics":[{"not_picked":["Ectoplasm","Runic Pyramid"],"picked":"Fusion Hammer"},{"not_picked":["Painkiller Herb","Snecko Heart"],"picked":"Empty Cage"}],"items_purged_floors":[5,47],"is_endless":false,"potions_floor_spawned":[1,7,11,14,22,25,31,33,36,37,41,50,56],"ascension_level":10}}