{"host":"obza8r4x8ovwwhn2","time":1610955523,"event":{"mods":["BaseMod","Beaked The Cultist","BetterRewards","Colored Map","Downfall","Highlight Path","Infinite Spire","Minty Spire (QoL Compilation)","Permanent Neow","Quick Restart","StSLib","SuperFastMode"],"gold_per_floor":[99,113,113,131,151,161,161,171,181,214,46,57,57,57,75,75,75,75],"floor_reached":16,"language":"ENG","playtime":598,"items_purged":[],"score":111,"play_id":"55709b1a-c6c7-4b1d-adc0-9e1160d2ecb4","local_time":"20210117233843","is_ascension_mode":true,"campfire_choices":[{"data":"Slimebound:Split","floor":1,"key":"SMITH"},{"floor":13,"key":"RECALL"}],"circlet_count":0,"master_deck":["Slimebound:Strike_Slimebound","Slimebound:Strike_Slimebound","Slimebound:Strike_Slimebound","Slimebound:Tackle","Slimebound:Defend_Slimebound","Slimebound:Defend_Slimebound","Slimebound:Defend_Slimebound","Slimebound:Split+1","Slimebound:CorrosiveSpit","Slimebound:Darklings","Slimebound:Schlurp","Slimebound:ServeAndProtect","Slimebound:SlimeBarrage","Slimebound:Recollect","Slimebound:SplitMire","Slimebound:LeechEnergy","Slimebound:RejuvenatingLick","Slimebound:DisruptingSlam","Slimebound:PrepareCrush","Slimebound:Nibble","Slimebound:HauntingLick"],"relics":["Slimebound:AbsorbEndCombat","TungstenRod","Blood Vial","downfall:BrokenWingStatue"],"acts_visited":["Exordium"],"potions_floor_usage":[15,16,16],"damage_taken":[{"damage":0,"enemies":"2 Louse","floor":2,"turns":2},{"damage":0,"enemies":"Cultist","floor":4,"turns":3},{"damage":0,"enemies":"Small Slimes","floor":5,"turns":3},{"damage":0,"enemies":"2 Fungi Beasts","floor":6,"turns":5},{"damage":8,"enemies":"3 Louse","floor":8,"turns":3},{"damage":21,"enemies":"Large Slime","floor":9,"turns":4},{"damage":24,"enemies":"Gremlin Nob","floor":10,"turns":5},{"damage":1,"enemies":"downfall:FleeingMerchant","floor":11,"turns":4},{"damage":9,"enemies":"Blue Slaver","floor":12,"turns":3},{"damage":4,"enemies":"Gremlin Gang","floor":15,"turns":4},{"damage":29,"enemies":"SI_SHIV_ARCHETYPE","floor":16,"turns":6}],"seed_played":"-7324999706830128803","potions_obtained":[{"floor":4,"key":"Slimebound:SpawnSlimePotion"},{"floor":10,"key":"Ancient Potion"},{"floor":12,"key":"Ancient Potion"},{"floor":15,"key":"Fire Potion"}],"is_trial":false,"path_per_floor":["R","M","?","M","M","M","T","M","M","E","$","M","R","?","M","B"],"character_chosen":"SLIMEBOUND","items_purchased":["Blood Vial"],"campfire_rested":0,"item_purchase_floors":[11],"current_hp_per_floor":[65,65,65,65,65,65,65,59,39,19,24,19,19,19,22,0,0,0],"gold":75,"neow_bonus":"ONE_RANDOM_RARE_CARD","is_daily":false,"chose_seed":false,"campfire_upgraded":1,"win_rate":0.0,"timestamp":1610955523,"path_taken":["R","M","?","M","M","M","T","M","M","E","?","M","R","?","M","BOSS"],"items_purchased_type":["Relic"],"build_version":"2020-12-22","purchased_purges":0,"victory":false,"max_hp_per_floor":[65,65,65,65,65,65,65,65,65,65,65,65,65,65,65,65,65,65],"card_choices":[{"not_picked":["Slimebound:SplitMire","Slimebound:Chomp"],"picked":"Slimebound:Schlurp","floor":2},{"not_picked":["Slimebound:LivingWall","Slimebound:FormOfPuddle"],"picked":"Slimebound:SlimeBarrage","floor":4},{"not_picked":["Slimebound:ComboTackle","Slimebound:FinishingTackle"],"picked":"Slimebound:Recollect","floor":5},{"not_picked":["Slimebound:Grow","Slimebound:Prepare"],"picked":"Slimebound:SplitMire","floor":6},{"not_picked":["Slimebound:RollThrough","Slimebound:Replication"],"picked":"Slimebound:LeechEnergy","floor":8},{"not_picked":["Slimebound:SamplingLick","Slimebound:ItLooksTasty"],"picked":"Slimebound:RejuvenatingLick","floor":9},{"not_picked":["Slimebound:PressTheAttack","Slimebound:RollThrough"],"picked":"Slimebound:DisruptingSlam","floor":10},{"not_picked":["Slimebound:DivideAndConquer","Slimebound:ComboTackle"],"picked":"Slimebound:PrepareCrush","floor":11},{"not_picked":["Slimebound:LeechingTouch","Slimebound:Repurpose"],"picked":"Slimebound:Nibble","floor":12},{"not_picked":["Slimebound:Schlurp","Slimebound:SlimeSpikes"],"picked":"Slimebound:HauntingLick","floor":15}],"player_experience":623338,"relics_obtained":[{"floor":10,"key":"TungstenRod"}],"event_choices":[],"is_beta":false,"boss_relics":[],"items_purged_floors":[],"is_endless":false,"potions_floor_spawned":[4,10,12,15],"killed_by":"SI_SHIV_ARCHETYPE","ascension_level":1}}