{"host":"oc9z8cublggqyfxu","time":1610964569,"event":{"mods":["AchievementEnabler","Act Like it!","Aspiration","BaseMod","Colored Map","Colored Powertips","Dota2Spire","Friendly Minions","Gensokyo","GifTheSpireLib","Hallownest","Hermit","Highlight Path","KinomotoSakuraMod(木之本樱)","Koishi","Lobotomy","LobotomyExtend","Marisa（F雨　魔理沙）","Minty Spire (QoL Compilation)","Quick Restart","Rare Cards Sparkle","Relic Stats","Remilia（蕾米莉亚）","Replay The Spire","RumiaBox-露米娅的神秘盒子","Spicy Shops","StSLib","The Administrix","The Animator","The Blackbeard","The Bug Knight","The Cursed","The Hierophant","The Mystic","The Runesmith","The Servant 0.9.4","Yakumo Yukari mod","Youmu（魂魄妖梦）","Yuyuko","vexMod","【功能Mod】混沌之环修复补丁","【功能Mod】聪明的最终Boss"],"gold_per_floor":[113,113,124,137,157,184,184,184,184,196,196,207,207,207,207,302,302,316,316,316,241,241,241,268,286,332,332,342,13,13,13,13,483,483,453,470,674,691,691,691,726,726,798,798,264,279,298,308,308,89,89,89,15,47,27],"floor_reached":56,"language":"ZHS","playtime":8066,"items_purged":["Replay:Poison Smokescreen","Defend_P"],"score":1270,"play_id":"8198131b-80af-4fd0-ac7e-d9e5f17de5db","local_time":"20210118180929","is_ascension_mode":false,"campfire_choices":[{"data":"Eruption","floor":8.0,"key":"SMITH"},{"floor":11.0,"key":"REST"},{"data":"Tantrum","floor":13.0,"key":"SMITH"},{"data":"Perseverance","floor":15.0,"key":"SMITH"},{"data":"Establishment","floor":23.0,"key":"SMITH"},{"data":"Perseverance","floor":27.0,"key":"SMITH"},{"data":"Adaptation","floor":30.0,"key":"SMITH"},{"data":"Vigilance","floor":32.0,"key":"SMITH"},{"data":"InnerPeace","floor":40,"key":"SMITH"},{"floor":42,"key":"RECALL"},{"data":"CrushJoints","floor":49,"key":"SMITH"},{"data":"WheelKick","floor":52,"key":"SMITH"}],"circlet_count":1,"master_deck":["BodiesMountain","Woodsman","DespairKnight","Strike_P+1","Strike_P","Strike_P","Eruption+1","Vigilance+1","Perseverance+1","OSAHOGD","Sanctity","Wellcheers","Tantrum+1","SpiderBud","Establishment+1","GalaxyChild","WheelKick+1","GreedKing","Freischutz","InnerPeace+1","Adaptation+1","QueenBee","FlurryOfBlows+1","InnerPeace+1","SilentOrchestra","EmptyMind+1","RedShoes","SingingMachine","CrushJoints+1","Replay:BluntJabs","HappyTeddy","WheelKick","BlackSwan","FlurryOfBlows+1","SnowQueen"],"relics":["PureWater","CogitoBucket","LetterFromLob","SolemnVow_r","Replay:Bottled Flurry","Pear","Theresia","Gensokyo:OccultBall","SoulBox","Dota2Spire:EtherealBlade","Dota2Spire:MagicBottle","SSSystem","Replay:Ancient Bell","Runesmith:AutoHammer","Quantum Egg","Dota2Spire:Satanic","SwordSharpenedByTears_r","ChangeAnything","Logging_r","Dota2Spire:OctarineCore","Mercury Hourglass","Circlet","ReplayTheSpireMod:TigerMarble","vexMod:FocusSash","TheSmile_r","Boot"],"acts_visited":["Gensokyo:Gensokyo","TheCity","TheBeyond","TheEnding"],"potions_floor_usage":[50,50],"damage_taken":[{"damage":0.0,"enemies":"Gensokyo:3_Fairies","floor":1.0,"turns":3.0},{"damage":0.0,"enemies":"Gensokyo:Gryphon","floor":3.0,"turns":4.0},{"damage":6.0,"enemies":"Gensokyo:2_Kodama","floor":4.0,"turns":5.0},{"damage":0.0,"enemies":"Gensokyo:LivingMonolith","floor":5.0,"turns":3.0},{"damage":21.0,"enemies":"Gensokyo:Aya","floor":6.0,"turns":3.0},{"damage":17.0,"enemies":"Gensokyo:3_Kodama","floor":10.0,"turns":9.0},{"damage":0.0,"enemies":"Gensokyo:VengefulSpirit","floor":12.0,"turns":2.0},{"damage":4.0,"enemies":"Gensokyo:Yukari","floor":16.0,"turns":6.0},{"damage":0.0,"enemies":"Shell Parasite","floor":18.0,"turns":3.0},{"damage":11.0,"enemies":"Gremlin Leader","floor":24.0,"turns":4.0},{"damage":15.0,"enemies":"2 Thieves","floor":25.0,"turns":9.0},{"damage":0.0,"enemies":"Snake Plant","floor":28.0,"turns":3.0},{"damage":37.0,"enemies":"Collector","floor":33.0,"turns":6.0},{"damage":8.0,"enemies":"3 Darklings","floor":35.0,"turns":3.0},{"damage":17.0,"enemies":"Orb Walker","floor":36.0,"turns":4.0},{"damage":50,"enemies":"Transient","floor":38,"turns":6},{"damage":33,"enemies":"HollowMod:StalkingDevout","floor":41,"turns":5},{"damage":4,"enemies":"Writhing Mass","floor":46,"turns":2},{"damage":2,"enemies":"Maw","floor":47,"turns":5},{"damage":4,"enemies":"Spire Growth","floor":48,"turns":2},{"damage":99,"enemies":"FixerMidnight","floor":50,"turns":4},{"damage":9,"enemies":"Shield and Spear","floor":54,"turns":3},{"damage":41,"enemies":"The Heart","floor":55,"turns":4}],"seed_played":"-2080064993448145714","potions_obtained":[{"floor":5.0,"key":"BottledMiracle"},{"floor":6.0,"key":"AttackPotion"},{"floor":10.0,"key":"EssenceOfSteel"},{"floor":18.0,"key":"Flashbang"},{"floor":25.0,"key":"Energy Potion"}],"is_trial":false,"path_per_floor":["M","?","M","M","M","E","?","R","T","M","R","M","R","?","R","B",null,"M","?","?","$","?","R","E","M","T","R","M","$","R","?","R","B",null,"M","M","?","M","?","R","E","R","T","?","$","M","M","M","R","B",null,"R","$","E","B",null],"character_chosen":"WATCHER","items_purchased":["Adaptation","SSSystem","Circlet","ReplayTheSpireMod:TigerMarble","vexMod:FocusSash","Replay:BluntJabs","LifebloodPotion"],"campfire_rested":1,"item_purchase_floors":[29,29,45,45,45,45,53],"current_hp_per_floor":[72,72,72,67,68,48,43,43,43,29,53,54,54,54,54,58,82,82,82,82,82,82,82,72,70,70,70,74,74,74,74,74,42,82,82,82,62,75,75,75,52,52,52,52,52,82,82,82,82,15,82,82,82,82,81],"gold":27,"neow_bonus":"","is_daily":false,"chose_seed":false,"campfire_upgraded":10,"win_rate":0.0,"timestamp":1610964569,"path_taken":["M","?","M","?","M","E","?","R","T","M","R","M","R","?","R","BOSS","M","?","?","$","?","R","E","M","T","R","M","$","R","?","R","BOSS","M","?","?","?","?","R","E","R","T","?","$","M","M","?","R","BOSS","R","$","E","BOSS"],"items_purchased_type":["Card","Relic","Undefined","Relic","Relic","Card","Potion"],"build_version":"2020-12-22","purchased_purges":2,"victory":true,"max_hp_per_floor":[72,72,72,72,72,72,82,82,82,82,82,82,82,82,82,82,82,82,82,82,82,82,82,82,82,82,82,82,82,82,82,82,82,82,82,82,82,82,82,82,82,82,82,82,82,82,82,82,82,82,82,82,82,82,82],"relic_stats":{"counters":[26,100],"Boot":[0],"obtain_stats":[{"SolemnVow_r":6,"SSSystem":29,"SoulBox":17,"Dota2Spire:EtherealBlade":24,"Boot":54,"Yang_Lob":25,"Dota2Spire:MagicBottle":26,"Dota2Spire:Satanic":34,"CogitoBucket":0,"Gensokyo:OccultBall":14,"Replay:Bottled Flurry":6,"Logging_r":41,"Pear":7,"Quantum Egg":34,"Circlet":45,"Replay:Ancient Bell":34,"vexMod:FocusSash":45,"SwordSharpenedByTears_r":38,"Mercury Hourglass":43,"TheSmile_r":54,"LetterFromLob":1,"Dota2Spire:OctarineCore":41,"ReplayTheSpireMod:TigerMarble":45,"Runesmith:AutoHammer":34,"PureWater":0,"ChangeAnything":38,"Theresia":10},{"SolemnVow_r":5,"SSSystem":14,"SoulBox":9,"Dota2Spire:EtherealBlade":11,"Boot":25,"Yang_Lob":13,"Dota2Spire:MagicBottle":13,"Dota2Spire:Satanic":15,"CogitoBucket":0,"Gensokyo:OccultBall":8,"Replay:Bottled Flurry":5,"Logging_r":20,"Pear":5,"Quantum Egg":15,"Circlet":20,"Replay:Ancient Bell":15,"vexMod:FocusSash":20,"SwordSharpenedByTears_r":19,"Mercury Hourglass":20,"TheSmile_r":25,"LetterFromLob":1,"Dota2Spire:OctarineCore":20,"ReplayTheSpireMod:TigerMarble":20,"Runesmith:AutoHammer":15,"PureWater":0,"ChangeAnything":19,"Theresia":7},{"SolemnVow_r":18,"SSSystem":56,"SoulBox":36,"Dota2Spire:EtherealBlade":43,"Boot":96,"Yang_Lob":53,"Dota2Spire:MagicBottle":53,"Dota2Spire:Satanic":62,"CogitoBucket":0,"Gensokyo:OccultBall":30,"Replay:Bottled Flurry":18,"Logging_r":81,"Pear":18,"Quantum Egg":62,"Circlet":81,"Replay:Ancient Bell":62,"vexMod:FocusSash":81,"SwordSharpenedByTears_r":74,"Mercury Hourglass":81,"TheSmile_r":96,"LetterFromLob":3,"Dota2Spire:OctarineCore":81,"ReplayTheSpireMod:TigerMarble":81,"Runesmith:AutoHammer":62,"PureWater":0,"ChangeAnything":76,"Theresia":28}],"Mercury Hourglass":[60]},"card_choices":[{"not_picked":["Replay:BluntJabs","Weave"],"picked":"Perseverance","floor":1.0},{"not_picked":["Wellcheers","Scorched"],"picked":"Funeral","floor":3.0},{"not_picked":["Prostrate","CrushJoints","DeceiveReality"],"picked":"SKIP","floor":3.0},{"not_picked":["UniverseFragment","FairyFestival"],"picked":"Scorched","floor":4.0},{"not_picked":["FollowUp","Meditate"],"picked":"ClearTheMind","floor":4.0},{"not_picked":["OSAHOGD","OldLady"],"picked":"DespairKnight","floor":5.0},{"not_picked":["Evaluate","EmptyBody"],"picked":"Perseverance","floor":5.0},{"not_picked":["Laetitia","WhitesApple"],"picked":"OSAHOGD","floor":6.0},{"not_picked":["Replay:DivineShield","Adaptation","EmptyBody"],"picked":"SKIP","floor":6.0},{"not_picked":["Replay:DivineShield","Adaptation","EmptyBody"],"picked":"SKIP","floor":6.0},{"not_picked":["FollowUp","Prostrate"],"picked":"Sanctity","floor":10.0},{"not_picked":["MHz","BeautyBeast"],"picked":"Wellcheers","floor":10.0},{"not_picked":["Perseverance","ClearTheMind"],"picked":"Tantrum","floor":12.0},{"not_picked":["UniverseFragment","FairyFestival"],"picked":"SpiderBud","floor":16.0},{"not_picked":["Omniscience","Ragnarok"],"picked":"Establishment","floor":16.0},{"not_picked":["LittlePrince","BeautyBeast"],"picked":"GalaxyChild","floor":18.0},{"not_picked":["WaveOfTheHand","ClearTheMind"],"picked":"WheelKick","floor":18.0},{"not_picked":["BigBadWolf","CrumblingArmor","WallGazer"],"picked":"Singing Bowl","floor":24.0},{"not_picked":["UniverseFragment","Laetitia"],"picked":"Yin","floor":24.0},{"not_picked":["SashWhip","Consecrate","EmptyFist"],"picked":"SKIP","floor":24.0},{"not_picked":["SashWhip","Consecrate","EmptyFist"],"picked":"SKIP","floor":24.0},{"not_picked":["BowlingBash","FlurryOfBlows"],"picked":"Meditate","floor":25.0},{"not_picked":["VoidDream","Alriune"],"picked":"GreedKing","floor":25.0},{"not_picked":["BeautyBeast","Murderer","CherryBlossoms"],"picked":"Singing Bowl","floor":28.0},{"not_picked":["Woodsman","FieryBird"],"picked":"Freischutz","floor":28.0},{"not_picked":["DevaForm","PathToVictory"],"picked":"InnerPeace","floor":28.0},{"not_picked":["ConjureBlade","MasterReality"],"picked":"LessonLearned","floor":33.0},{"not_picked":["LongBird","Rudolta"],"picked":"QueenBee","floor":33.0},{"not_picked":["AbeCurse","Hallucinations"],"picked":"Sickly","floor":34.0},{"not_picked":["Spreading Infection","Doubt"],"picked":"vexMod:UltimateCard","floor":34.0},{"not_picked":["Hallownest:curseDreamersLament","Lust_TH"],"picked":"Injury","floor":34.0},{"not_picked":["Rudolta","Porccubus"],"picked":"Woodsman","floor":35.0},{"not_picked":["EmptyFist+1","Replay:Cycle+1"],"picked":"FlurryOfBlows+1","floor":35.0},{"not_picked":["Omniscience","Prostrate"],"picked":"InnerPeace+1","floor":36.0},{"not_picked":["DreamingCurrent","SnowQueen"],"picked":"SilentOrchestra","floor":36.0},{"not_picked":["PathToVictory","CarveReality+1"],"picked":"EmptyMind+1","floor":38},{"not_picked":["Bloodbath","DreamingCurrent"],"picked":"RedShoes","floor":38},{"not_picked":["Scarecrow","LittleHelper"],"picked":"SingingMachine","floor":41},{"not_picked":["Nirvana","Establishment"],"picked":"CrushJoints","floor":41},{"not_picked":["DreamingCurrent","WhitesApple"],"picked":"HappyTeddy","floor":46},{"not_picked":["Weave","Pray"],"picked":"WheelKick","floor":46},{"not_picked":["Rudolta","LittleHelper"],"picked":"BlackSwan","floor":47},{"not_picked":["Replay:AllIn","EmptyMind+1","Consecrate+1"],"picked":"SKIP","floor":47},{"not_picked":["Replay:AllIn","EmptyMind+1","Consecrate+1"],"picked":"SKIP","floor":47},{"not_picked":["Variant","Laetitia","Scarecrow"],"picked":"Singing Bowl","floor":48},{"not_picked":["BlueStar","WhitesApple"],"picked":"BodiesMountain","floor":48},{"not_picked":["JustLucky+1","Collect"],"picked":"FlurryOfBlows+1","floor":48},{"not_picked":["Laetitia","WhitesApple"],"picked":"SnowQueen","floor":54},{"not_picked":["DeceiveReality","EmptyBody+1","ClearTheMind"],"picked":"SKIP","floor":54}],"player_experience":297215,"relics_obtained":[{"floor":1.0,"key":"LetterFromLob"},{"floor":6.0,"key":"Replay:Bottled Flurry"},{"floor":16.0,"key":"Gensokyo:OccultBall"},{"floor":24.0,"key":"Gensokyo:OccultBall"},{"floor":24.0,"key":"Dota2Spire:EtherealBlade"},{"floor":26.0,"key":"Dota2Spire:MagicBottle"},{"floor":33.0,"key":"Gensokyo:OccultBall"},{"floor":41,"key":"Gensokyo:OccultBall"},{"floor":41,"key":"Dota2Spire:OctarineCore"},{"floor":43,"key":"Mercury Hourglass"},{"floor":54,"key":"Boot"}],"event_choices":[{"damage_healed":0.0,"max_hp_gain":0.0,"max_hp_loss":0.0,"gold_gain":0.0,"event_name":"Ghosts","player_choice":"Ignored","floor":19.0,"gold_loss":0.0,"damage_taken":0.0},{"damage_healed":0.0,"max_hp_gain":0.0,"max_hp_loss":0.0,"gold_gain":0.0,"event_name":"Upgrade Shrine","player_choice":"Upgraded","floor":31.0,"gold_loss":0.0,"damage_taken":0.0,"cards_upgraded":["Meditate"]},{"damage_healed":0,"gold_gain":0,"player_choice":"Ignored","damage_taken":0,"max_hp_gain":0,"max_hp_loss":0,"event_name":"Tomb of Lord Red Mask","floor":39,"gold_loss":0},{"cards_removed":["Strike_P"],"damage_healed":0,"gold_gain":0,"player_choice":"Purged","damage_taken":0,"max_hp_gain":0,"max_hp_loss":0,"event_name":"Purifier","floor":44,"gold_loss":0}],"is_beta":false,"boss_relics":[{"not_picked":["ReplayTheSpireMod:DimensionalGlitch","Empty Cage"],"picked":"SoulBox"},{"not_picked":["Kintsugi","aspiration:MobileForge"],"picked":"Replay:Ancient Bell"},{"not_picked":["Dota2Spire:BladeMail","Bag of Preparation"],"picked":"Runesmith:AutoHammer"},{"not_picked":["Replay:Bottled Snecko","Golden Egg"],"picked":"Quantum Egg"},{"not_picked":["vexMod:PlasmaPancake","Lizard Tail"],"picked":"Dota2Spire:Satanic"}],"items_purged_floors":[21,29],"is_endless":false,"potions_floor_spawned":[5,6,10,18,25,38,41,46],"ascension_level":0}}