{"host":"b3acx0fd85ri4t7i","time":1610967010,"event":{"mods":["BaseMod","Colored Powertips","Minty Spire (QoL Compilation)","Quick Restart","Relic Stats","StSLib","[功能]功能增强和修复MOD"],"gold_per_floor":[113,188,100,118,118,144,155,76,76,76,106,162,197,197,197,288,288,302,227,105,55,74,114,114,158,158,201,201,201,201],"floor_reached":29,"language":"ZHS","playtime":1196,"items_purged":["Glacier","Melter","Stack","Meteor Strike","Zap","Conserve Battery","BootSequence","Storm"],"score":740,"play_id":"ceb8a4c8-f0dd-41f9-b048-8d2ec68e0158","local_time":"20210118185010","is_ascension_mode":true,"campfire_choices":[{"data":"Echo Form","floor":10.0,"key":"SMITH"},{"floor":15.0,"key":"REST"},{"data":"Reinforced Body","floor":24.0,"key":"SMITH"}],"circlet_count":0,"master_deck":["AscendersBane","Storm","Thunder Strike+1","Capacitor","Echo Form+1","Reinforced Body+1","Self Repair","Amplify","Capacitor","Loop"],"relics":["Pandora\u0027s Box","Sundial","Lee\u0027s Waffle","Calipers","Akabeko","HornCleat","Golden Idol","Philosopher\u0027s Stone","Mummified Hand","Pen Nib","Whetstone","Gremlin Horn","Dream Catcher","MutagenicStrength"],"acts_visited":["Exordium","TheCity"],"potions_floor_usage":[29,29],"damage_taken":[{"damage":7.0,"enemies":"2 Louse","floor":1.0,"turns":3.0},{"damage":2.0,"enemies":"Jaw Worm","floor":4.0,"turns":4.0},{"damage":18.0,"enemies":"Gremlin Nob","floor":6.0,"turns":4.0},{"damage":6.0,"enemies":"Cultist","floor":7.0,"turns":4.0},{"damage":20.0,"enemies":"Lagavulin","floor":11.0,"turns":6.0},{"damage":0.0,"enemies":"Gremlin Nob","floor":12.0,"turns":2.0},{"damage":50.0,"enemies":"3 Sentries","floor":13.0,"turns":6.0},{"damage":0.0,"enemies":"Hexaghost","floor":16.0,"turns":7.0},{"damage":12.0,"enemies":"Shell Parasite","floor":18.0,"turns":3.0},{"damage":4.0,"enemies":"3 Byrds","floor":22.0,"turns":4.0},{"damage":0.0,"enemies":"Book of Stabbing","floor":23.0,"turns":3.0},{"damage":37.0,"enemies":"Slavers","floor":25.0,"turns":3.0},{"damage":10.0,"enemies":"Book of Stabbing","floor":27.0,"turns":3.0},{"damage":40,"enemies":"Gremlin Leader","floor":29,"turns":4}],"seed_played":"-370534264619453684","potions_obtained":[{"floor":1.0,"key":"Dexterity Potion"},{"floor":4.0,"key":"AttackPotion"},{"floor":7.0,"key":"FocusPotion"},{"floor":7.0,"key":"Explosive Potion"},{"floor":11.0,"key":"DistilledChaos"},{"floor":13.0,"key":"Fire Potion"},{"floor":16.0,"key":"BlessingOfTheForge"},{"floor":18.0,"key":"BlessingOfTheForge"}],"is_trial":false,"path_per_floor":["M","?","$","M","?","E","M","$","T","R","E","?","E","?","R","B",null,"M","?","$","?","M","E","R","E","T","E","?","E"],"character_chosen":"DEFECT","items_purchased":["BootSequence","Capacitor","Lee\u0027s Waffle","Mummified Hand"],"campfire_rested":1,"item_purchase_floors":[3,3,8,20],"current_hp_per_floor":[57,46,46,44,44,26,20,78,78,78,58,58,8,8,29,29,61,56,56,56,56,66,71,71,41,41,38,38,0,0],"gold":201,"neow_bonus":"BOSS_RELIC","is_daily":false,"chose_seed":false,"campfire_upgraded":2,"win_rate":0.0,"timestamp":1610967010,"path_taken":["M","?","$","M","?","E","?","$","T","R","E","?","E","?","R","BOSS","M","?","$","?","?","E","R","E","T","E","?","E"],"items_purchased_type":["Card","Card","Relic","Relic"],"build_version":"2020-12-22","purchased_purges":8,"victory":false,"max_hp_per_floor":[71,71,71,71,71,71,71,78,78,78,78,78,78,71,71,71,71,71,71,71,71,71,71,71,71,71,71,71,71,71],"relic_stats":{"Lee\u0027s Waffle":58,"Dream Catcher":0,"Gremlin Horn":[0,0],"counters":[14,56],"Sundial":[24],"Golden Idol":51,"Mummified Hand":[43],"Pandora\u0027s Box":["Storm","Thunder Strike","Meteor Strike","Glacier","Melter","Stack","Conserve Battery","Fission"],"Pen Nib":[0],"Whetstone":["Thunder Strike"],"obtain_stats":[{"Lee\u0027s Waffle":8,"Calipers":11,"Gremlin Horn":26,"Golden Idol":14,"Pen Nib":23,"Whetstone":25,"Akabeko":12,"Dream Catcher":27,"HornCleat":13,"Sundial":6,"Mummified Hand":20,"MutagenicStrength":28,"Pandora\u0027s Box":0,"Philosopher\u0027s Stone":17,"Cracked Core":0},{"Lee\u0027s Waffle":4,"Calipers":5,"Gremlin Horn":12,"Golden Idol":7,"Pen Nib":11,"Whetstone":12,"Akabeko":5,"Dream Catcher":13,"HornCleat":7,"Sundial":3,"Mummified Hand":9,"MutagenicStrength":13,"Pandora\u0027s Box":0,"Philosopher\u0027s Stone":8,"Cracked Core":0},{"Lee\u0027s Waffle":15,"Calipers":21,"Gremlin Horn":49,"Golden Idol":29,"Pen Nib":46,"Whetstone":49,"Akabeko":21,"Dream Catcher":52,"HornCleat":29,"Sundial":11,"Mummified Hand":39,"MutagenicStrength":52,"Pandora\u0027s Box":0,"Philosopher\u0027s Stone":36,"Cracked Core":0}]},"card_choices":[{"not_picked":["Coolheaded","Streamline","Compile Driver"],"picked":"SKIP","floor":1.0},{"not_picked":["Hello World","Hologram"],"picked":"Storm","floor":4.0},{"not_picked":["Fission","Leap","Coolheaded"],"picked":"SKIP","floor":6.0},{"not_picked":["Chill","Stack","Conserve Battery"],"picked":"SKIP","floor":7.0},{"not_picked":["Conserve Battery","Blizzard","Cold Snap"],"picked":"SKIP","floor":11.0},{"not_picked":["Aggregate","Streamline"],"picked":"Reinforced Body","floor":12.0},{"not_picked":["Rebound","Redo"],"picked":"Self Repair","floor":13.0},{"not_picked":["Seek","Fission"],"picked":"Amplify","floor":16.0},{"not_picked":["Barrage","Ball Lightning","Streamline"],"picked":"SKIP","floor":18.0},{"not_picked":["Streamline","Consume+1"],"picked":"Capacitor","floor":22.0},{"not_picked":["Multi-Cast","Conserve Battery","Beam Cell+1"],"picked":"SKIP","floor":23.0},{"not_picked":["Hologram","Rip and Tear"],"picked":"Loop","floor":25.0},{"not_picked":["Tempest","Redo","Streamline"],"picked":"SKIP","floor":27.0}],"player_experience":310509,"relics_obtained":[{"floor":6.0,"key":"Sundial"},{"floor":11.0,"key":"Calipers"},{"floor":13.0,"key":"HornCleat"},{"floor":23.0,"key":"Pen Nib"},{"floor":25.0,"key":"Whetstone"},{"floor":26.0,"key":"Gremlin Horn"},{"floor":27.0,"key":"Dream Catcher"}],"event_choices":[{"damage_healed":0.0,"max_hp_gain":0.0,"max_hp_loss":0.0,"gold_gain":75.0,"event_name":"World of Goop","player_choice":"Gather Gold","floor":2.0,"gold_loss":0.0,"damage_taken":11.0},{"damage_healed":0.0,"max_hp_gain":0.0,"max_hp_loss":0.0,"gold_gain":0.0,"cards_transformed":["Fission"],"event_name":"Transmorgrifier","player_choice":"Transformed","floor":5.0,"gold_loss":0.0,"damage_taken":0.0,"cards_obtained":["Echo Form"]},{"damage_healed":0.0,"max_hp_gain":0.0,"max_hp_loss":0.0,"gold_gain":0.0,"event_name":"Dead Adventurer","player_choice":"Searched \u00272\u0027 times","floor":12.0,"gold_loss":0.0,"damage_taken":0.0,"relics_obtained":["Akabeko"]},{"damage_healed":0.0,"max_hp_gain":0.0,"max_hp_loss":7.0,"gold_gain":0.0,"event_name":"Golden Idol","player_choice":"Lose Max HP","floor":14.0,"gold_loss":0.0,"damage_taken":0.0,"relics_obtained":["Golden Idol"]},{"cards_removed":["Dualcast"],"damage_healed":0.0,"max_hp_gain":0.0,"max_hp_loss":0.0,"gold_gain":0.0,"event_name":"Beggar","player_choice":"Gave Gold","floor":19.0,"gold_loss":75.0,"damage_taken":0.0},{"damage_healed":0.0,"max_hp_gain":0.0,"max_hp_loss":0.0,"gold_gain":0.0,"event_name":"The Joust","player_choice":"Bet on Murderer","floor":21.0,"gold_loss":50.0,"damage_taken":0.0},{"damage_healed":0.0,"max_hp_gain":0.0,"max_hp_loss":0.0,"gold_gain":0.0,"event_name":"Drug Dealer","player_choice":"Inject Mutagens","floor":28.0,"gold_loss":0.0,"damage_taken":0.0,"relics_obtained":["MutagenicStrength"]}],"is_beta":false,"boss_relics":[{"not_picked":["SacredBark","EctoplasmExtend"],"picked":"Philosopher\u0027s Stone"}],"items_purged_floors":[3,3,3,3,8,8,20,20],"is_endless":false,"potions_floor_spawned":[1,4,7,7,11,13,16,18,22,23,25,27],"killed_by":"Gremlin Leader","ascension_level":20}}