{"host":"3ykswgue17e1ycc2","time":1610979562,"event":{"mods":["BaseMod","Colored Powertips","Dark Map","Downfall","Minty Spire (QoL Compilation)","Quick Restart","Rare Cards Sparkle","StSLib"],"gold_per_floor":[99,118,137,137,157,172,172,172,189,224,235,254,254,254,264,366,366,366,466,480,465,482,482,482,511,511,511,136,161,161,161,173,276,276,276,289,289,289,308,108,184,84,102,102,102,102],"floor_reached":45,"language":"ENG","playtime":2103,"items_purged":["bronze:Strike"],"score":628,"play_id":"01a878c5-8539-485b-8bc4-32bc2a3d44c4","local_time":"20210118211921","is_ascension_mode":false,"campfire_choices":[{"data":"bronze:Goto","floor":1.0,"key":"SMITH"},{"data":"bronze:Boost","floor":13.0,"key":"SMITH"},{"data":"bronze:Verify","floor":18.0,"key":"SMITH"},{"floor":23,"key":"REST"},{"floor":30,"key":"REST"},{"floor":35,"key":"RECALL"},{"data":"bronze:Iterate","floor":40,"key":"SMITH"},{"data":"bronze:DonuBeam","floor":42,"key":"SMITH"}],"circlet_count":0,"master_deck":["bronze:Strike","bronze:Strike","bronze:Defend","bronze:Defend","bronze:Defend","bronze:Defend","bronze:Replicate+1","bronze:Goto+1","bronze:Boost+1","bronze:FineTuning","bronze:Flail","bronze:DigitalCarnage","bronze:HardenedForm","bronze:Iterate","bronze:ChosenStrike","bronze:Separator","bronze:Verify+1","bronze:DonuBeam+1","bronze:DecaBeam","bronze:Iterate+1","bronze:WhirlingStrike+1","bronze:WhirlingStrike","bronze:MaxOutput+1","bronze:Virus","bronze:ItsAFeature","bronze:ShipIt","bronze:BuggyMess+1","Regret","Normality","downfall:Aged","expansioncontent:PrepareCrush","bronze:Shell+1"],"relics":["bronze:BronzeCore","Bag of Preparation","Shuriken","SlaversCollar","Toy Ornithopter","Bottled Tornado","TungstenRod","Pen Nib","Runic Pyramid","Darkstone Periapt","downfall:HeartBlessingRed","downfall:HeartBlessingGreen","downfall:HeartBlessingBlue"],"acts_visited":["Exordium","TheCity","TheBeyond"],"potions_floor_usage":[25,25,29],"damage_taken":[{"damage":6.0,"enemies":"2 Louse","floor":2.0,"turns":2.0},{"damage":0.0,"enemies":"Small Slimes","floor":3.0,"turns":3.0},{"damage":0.0,"enemies":"Cultist","floor":5.0,"turns":3.0},{"damage":6.0,"enemies":"3 Louse","floor":6.0,"turns":5.0},{"damage":0.0,"enemies":"Blue Slaver","floor":9.0,"turns":4.0},{"damage":14.0,"enemies":"3 Sentries","floor":10.0,"turns":7.0},{"damage":8.0,"enemies":"Exordium Wildlife","floor":11.0,"turns":4.0},{"damage":0.0,"enemies":"3 Louse","floor":12.0,"turns":2.0},{"damage":4.0,"enemies":"2 Fungi Beasts","floor":15.0,"turns":3.0},{"damage":3.0,"enemies":"WA_ARCHETYPE_RETAIN","floor":16.0,"turns":7.0},{"damage":32.0,"enemies":"WA_ARCHETYPE_RETAIN","floor":19.0,"turns":6.0},{"damage":17.0,"enemies":"3 Byrds","floor":20.0,"turns":6.0},{"damage":5.0,"enemies":"downfall:FleeingMerchant","floor":21.0,"turns":4.0},{"damage":0,"enemies":"Spheric Guardian","floor":22,"turns":1},{"damage":13,"enemies":"Slavers","floor":25,"turns":5},{"damage":0,"enemies":"downfall:FleeingMerchant","floor":28,"turns":4},{"damage":25,"enemies":"Gremlin Leader","floor":29,"turns":5},{"damage":14,"enemies":"Shelled Parasite and Fungi","floor":32,"turns":3},{"damage":28,"enemies":"IC_MUSHROOM_ARCHETYPE","floor":33,"turns":5},{"damage":23,"enemies":"3 Shapes","floor":36,"turns":6},{"damage":12,"enemies":"Orb Walker","floor":39,"turns":3},{"damage":57,"enemies":"Spire Growth","floor":43,"turns":4},{"damage":6,"enemies":"Writhing Mass","floor":45,"turns":1}],"seed_played":"4285198739779189613","potions_obtained":[{"floor":2.0,"key":"Slimebound:ThreeZeroPotion"},{"floor":5.0,"key":"Block Potion"},{"floor":11.0,"key":"EssenceOfSteel"},{"floor":16.0,"key":"DuplicationPotion"},{"floor":19.0,"key":"Strength Potion"},{"floor":22,"key":"Block Potion"},{"floor":33,"key":"DuplicationPotion"},{"floor":39,"key":"Guardian:BlockOnCardUsePotion"},{"floor":43,"key":"bronze:FreeFunctionsPotion"}],"is_trial":false,"path_per_floor":["R","M","M","?","M","M","T","?","M","E","M","M","R","?","M","B",null,"R","?","M","$","M","R","T","E","?","?","$","E","R","?","M","B",null,"R","M","?","?","M","R","T","R","M","?","M"],"character_chosen":"THE_AUTOMATON","items_purchased":["TungstenRod"],"campfire_rested":2,"item_purchase_floors":[28],"current_hp_per_floor":[70,64,64,64,64,58,58,58,58,44,36,36,36,36,32,29,70,70,38,21,16,16,37,37,34,34,34,34,14,35,58,44,16,70,70,47,65,65,53,53,53,63,6,6,0,0],"gold":102,"neow_bonus":"UPGRADE_CARD","is_daily":false,"chose_seed":false,"campfire_upgraded":5,"win_rate":0.0,"timestamp":1610979561,"path_taken":["R","M","M","?","M","M","T","?","M","E","?","M","R","?","M","BOSS","R","?","M","$","M","R","T","E","?","?","$","E","R","?","M","BOSS","R","M","?","?","M","R","T","R","M","?","M"],"items_purchased_type":["Relic"],"build_version":"2020-12-22","purchased_purges":1,"victory":false,"max_hp_per_floor":[70,70,70,70,70,70,70,70,70,70,70,70,70,70,70,70,70,70,70,70,70,70,70,70,70,70,70,70,70,70,70,70,70,70,70,70,88,88,88,88,88,98,98,98,98,98],"card_choices":[{"not_picked":["bronze:BronzeOrb","bronze:OilSpill"],"picked":"bronze:Boost","floor":2.0},{"not_picked":["bronze:Backtrace","bronze:BitShift","bronze:CloningBeam"],"picked":"SKIP","floor":3.0},{"not_picked":["bronze:Turbo","bronze:Separator"],"picked":"bronze:FineTuning","floor":5.0},{"not_picked":["bronze:Branch","bronze:Backtrace"],"picked":"bronze:Flail","floor":6.0},{"not_picked":["bronze:WildBeam","bronze:Branch"],"picked":"bronze:DigitalCarnage","floor":9.0},{"not_picked":["bronze:CloningBeam","bronze:Turbo"],"picked":"bronze:HardenedForm","floor":10.0},{"not_picked":["bronze:Boost","bronze:OilSpill"],"picked":"bronze:Iterate","floor":11.0},{"not_picked":["bronze:OilSpill","bronze:Invalidate"],"picked":"bronze:ChosenStrike","floor":12.0},{"not_picked":["bronze:OilSpill","bronze:Flail"],"picked":"bronze:Separator","floor":15.0},{"not_picked":["bronze:HyperBeam","bronze:FindAndReplace"],"picked":"bronze:Verify","floor":16.0},{"not_picked":[],"picked":"bronze:DonuBeam","floor":19.0},{"not_picked":[],"picked":"bronze:DecaBeam","floor":19.0},{"not_picked":["bronze:DigitalCarnage","bronze:FineTuning"],"picked":"bronze:Iterate","floor":19.0},{"not_picked":["bronze:Frontload+1","bronze:ForceShield"],"picked":"bronze:WhirlingStrike+1","floor":20.0},{"not_picked":["bronze:Shield+1","bronze:BitShift"],"picked":"bronze:WhirlingStrike","floor":21},{"not_picked":["bronze:GetLatest","bronze:BronzeOrb"],"picked":"bronze:MaxOutput+1","floor":22},{"not_picked":["bronze:Overheat+1","bronze:WildBeam"],"picked":"bronze:Virus","floor":25},{"not_picked":["bronze:Turbo","bronze:Optimize","bronze:BitShift+1"],"picked":"SKIP","floor":28},{"not_picked":["bronze:DelayedGuard","bronze:Turbo"],"picked":"bronze:ItsAFeature","floor":29},{"not_picked":["bronze:MaxOutput","bronze:DelayedSlice","bronze:ForLoop"],"picked":"SKIP","floor":32},{"not_picked":["bronze:HyperBeam","bronze:BurnOut"],"picked":"bronze:ShipIt","floor":33},{"not_picked":["bronze:WildBeam+1","bronze:Shield+1"],"picked":"bronze:BuggyMess+1","floor":36},{"not_picked":["expansioncontent:YouAreMine","expansioncontent:Hexaburn"],"picked":"expansioncontent:PrepareCrush","floor":38},{"not_picked":["bronze:GetLatest","bronze:Separator","bronze:Deprecate"],"picked":"SKIP","floor":39},{"not_picked":["bronze:Verify","bronze:Repair+1"],"picked":"bronze:Shell+1","floor":43}],"player_experience":414140,"relics_obtained":[{"floor":7.0,"key":"Bag of Preparation"},{"floor":10.0,"key":"Shuriken"},{"floor":24,"key":"Toy Ornithopter"},{"floor":25,"key":"Bottled Tornado"},{"floor":29,"key":"Pen Nib"}],"event_choices":[{"damage_healed":0,"gold_gain":0,"player_choice":"Ignored","damage_taken":0,"max_hp_gain":0,"max_hp_loss":0,"event_name":"Vampires","floor":26,"gold_loss":0},{"damage_healed":23,"gold_gain":0,"player_choice":"Heal","damage_taken":0,"max_hp_gain":0,"max_hp_loss":0,"event_name":"The Library","floor":31,"gold_loss":0},{"damage_healed":0,"gold_gain":0,"player_choice":"Ignored","damage_taken":0,"max_hp_gain":0,"max_hp_loss":0,"event_name":"Mysterious Sphere","floor":44,"gold_loss":0}],"is_beta":false,"boss_relics":[{"not_picked":["Coffee Dripper","Sozu"],"picked":"SlaversCollar"},{"not_picked":["Pandora\u0027s Box","Snecko Eye"],"picked":"Runic Pyramid"}],"items_purged_floors":[28],"is_endless":false,"potions_floor_spawned":[2,5,11,15,16,19,22,33,39,43],"killed_by":"Writhing Mass","ascension_level":0}}