{"host":"wyloba13dxa5qu9d","time":1610981875,"event":{"mods":["100% Spire Juice","AchievementEnabler","BaseMod","Colored Map","Colored Powertips","Downfall","Lobotomy","Marked Mod","Minty Spire (QoL Compilation)","Quick Restart","StSLib","SuperFastMode"],"gold_per_floor":[115,115,115,14,114,114,114],"floor_reached":6,"language":"ZHS","playtime":233,"items_purged":[],"score":36,"play_id":"cb8f0a39-bfcf-4981-b31e-e3d771325d96","local_time":"20210118225755","is_ascension_mode":false,"campfire_choices":[],"circlet_count":0,"master_deck":["Moonworks:Strike","Moonworks:Strike","Moonworks:Strike","Moonworks:Strike","Moonworks:Defend","Moonworks:Defend","Moonworks:Defend","Moonworks:Defend","Moonworks:Ambush","Moonworks:LongDistanceShot","Moonworks:JonathanRush","MeatLantern","Moonworks:WeAreWaruda","LongBird","Moonworks:Assault"],"relics":["Moonworks:BrokenBomb","Moonworks:Homemark","CogitoBucket","Golden Idol"],"acts_visited":["Exordium"],"potions_floor_usage":[],"damage_taken":[{"damage":1.0,"enemies":"Cultist","floor":1.0,"turns":3.0},{"damage":2.0,"enemies":"Small Slimes","floor":3.0,"turns":5.0},{"damage":0.0,"enemies":"Jaw Worm","floor":4.0,"turns":3.0},{"damage":54,"enemies":"3 Sentries","floor":6,"turns":2}],"seed_played":"4306105746603392160","potions_obtained":[{"floor":3.0,"key":"Fire Potion"}],"is_trial":false,"path_per_floor":["M","?","M","M","?","E"],"character_chosen":"THE_STARBREAKER","items_purchased":[],"campfire_rested":0,"item_purchase_floors":[],"current_hp_per_floor":[59,56,54,54,54,0,0],"gold":114,"neow_bonus":"","is_daily":false,"chose_seed":false,"campfire_upgraded":0,"win_rate":0.0,"timestamp":1610981875,"path_taken":["M","?","M","M","?","E"],"items_purchased_type":[],"build_version":"2020-12-22","purchased_purges":0,"victory":false,"max_hp_per_floor":[60,56,56,56,56,56,56],"card_choices":[{"not_picked":["Moonworks:IndiscriminateFireSupport","Moonworks:LulusLuckyEgg"],"picked":"Moonworks:JonathanRush","floor":1.0},{"not_picked":["FairyFestival","Alriune"],"picked":"MeatLantern","floor":3.0},{"not_picked":["Moonworks:Bloodlust","Moonworks:IndiscriminateFireSupport"],"picked":"Moonworks:WeAreWaruda","floor":3.0},{"not_picked":["Rudolta","FairyFestival"],"picked":"LongBird","floor":4.0},{"not_picked":["Moonworks:CompletionReward","Moonworks:BigMagnum"],"picked":"Moonworks:Assault","floor":4.0}],"player_experience":136290,"relics_obtained":[],"event_choices":[{"damage_healed":0.0,"max_hp_gain":0.0,"max_hp_loss":4.0,"gold_gain":0.0,"event_name":"Golden Idol","player_choice":"Lose Max HP","floor":2.0,"gold_loss":0.0,"damage_taken":0.0,"relics_obtained":["Golden Idol"]},{"damage_healed":0.0,"max_hp_gain":0.0,"max_hp_loss":0.0,"gold_gain":100.0,"event_name":"Golden Shrine","player_choice":"Pray","floor":5.0,"gold_loss":0.0,"damage_taken":0.0}],"is_beta":false,"boss_relics":[],"items_purged_floors":[],"is_endless":false,"potions_floor_spawned":[3],"killed_by":"3 Sentries","ascension_level":0}}