{"host":"6drv1qzpbnls60z2","time":1610983615,"event":{"mods":["ATMod(∞¢Ë™Mod)","Act Like it!","Arknights The Spire","BaseMod","Good Game Mod","Hallownest","Luminous","Minty Spire (QoL Compilation)","Reimu£®≤©¿ˆ¡È√Œ£©","Replay The Spire","Shop Mod","Spicy Shops","StSLib","The Dragon Tamer","TheWitcher","Uncapped","≤–¡Ù÷ÆŒÔ"],"gold_per_floor":[118,141,155,305,305,305,305],"floor_reached":6,"language":"ZHS","playtime":647,"items_purged":[],"score":172,"play_id":"3088a60c-825f-49d1-b45c-adadfcc57541","local_time":"20210118232655","daily_mods":["Draft"],"is_ascension_mode":true,"campfire_choices":[],"circlet_count":0,"master_deck":["AscendersBane","SnafuTest:SneakKill","SnafuTest:BombNorthernWind","SnafuTest:Shooting","PlaceholderMod:HardStinger","ats:Ignite","SnafuTest:PowerAlwaysOnRoads","ats:Chain Hook","OrbThrow:ReiMu","SnafuTest:FullCover","FineLineFantasy:ReiMu","Revelation:ReiMu","Luminous:Light_Ray_of_Redemption","SnafuTest:PowerCounterAttack","ats:Shell Defense","PlaceholderMod:DirectingGroup+1","AT_ThistleTea","ats:Composite Medical Shells","SnafuTest:Offering","PlaceholderMod:Hard","AlertArray:ReiMu","Doubt"],"relics":["ats:Sanity","AT_ATBox","REME:ComplimentaryCards"],"acts_visited":["Exordium"],"potions_floor_usage":[],"damage_taken":[{"damage":12,"enemies":"2 Louse","floor":1,"turns":3},{"damage":22,"enemies":"Small Slimes","floor":2,"turns":4},{"damage":6,"enemies":"Cultist","floor":3,"turns":3},{"damage":47,"enemies":"Gremlin Nob","floor":6,"turns":4}],"seed_played":"4251338167615631727","potions_obtained":[],"is_trial":true,"path_per_floor":["M","M","M","?","?","E"],"character_chosen":"DOCTOR_CLASS","items_purchased":[],"campfire_rested":0,"item_purchase_floors":[],"current_hp_per_floor":[53,34,31,31,31,0,0],"gold":305,"neow_bonus":"","is_daily":false,"chose_seed":false,"campfire_upgraded":0,"win_rate":0.0,"timestamp":1610983615,"path_taken":["M","M","M","?","?","E"],"items_purchased_type":[],"build_version":"2020-12-22","purchased_purges":0,"victory":false,"max_hp_per_floor":[72,72,72,72,72,72,72],"card_choices":[{"not_picked":["SnafuTest:WorldMap","SnafuTest:NoPass"],"picked":"SnafuTest:SneakKill","floor":0},{"not_picked":["SpreadBorder2:ReiMu","SnafuTest:SpellLivingArmor"],"picked":"SnafuTest:BombNorthernWind","floor":0},{"not_picked":["SnafuTest:ArmoredSortie","Mountainwind:ReiMu"],"picked":"SnafuTest:Shooting","floor":0},{"not_picked":["Luminous:Dark_Raid","SnafuTest:Oriole"],"picked":"PlaceholderMod:HardStinger","floor":0},{"not_picked":["Meditation:ReiMu","SnafuTest:FirstAid"],"picked":"ats:Ignite","floor":0},{"not_picked":["SnafuTest:NoPass","ats:Sword Rain"],"picked":"SnafuTest:PowerAlwaysOnRoads","floor":0},{"not_picked":["SnafuTest:QueensGuard","PlaceholderMod:ConsolidateHit"],"picked":"ats:Chain Hook","floor":0},{"not_picked":["SnafuTest:BombSamum","PlaceholderMod:DissolvingSpikes"],"picked":"OrbThrow:ReiMu","floor":0},{"not_picked":["SnafuTest:RecklessBlow","ats:Red Shift"],"picked":"SnafuTest:FullCover","floor":0},{"not_picked":["SnafuTest:Shooting","PlaceholderMod:HardStrike"],"picked":"FineLineFantasy:ReiMu","floor":0},{"not_picked":["ats:Flame Of Heaven","SnafuTest:MCFeignDeath"],"picked":"Revelation:ReiMu","floor":0},{"not_picked":["SnafuTest:SignYrden","SnafuTest:Siege"],"picked":"Luminous:Light_Ray_of_Redemption","floor":0},{"not_picked":["ats:Hammer On","Luminous:Light_Sylvan_Lance"],"picked":"SnafuTest:PowerCounterAttack","floor":0},{"not_picked":["AirStrike:ReiMu","SnafuTest:SwordDance"],"picked":"ats:Shell Defense","floor":0},{"not_picked":["ats:Assault Order","Luminous:Dark_Dim_Erosion"],"picked":"PlaceholderMod:DirectingGroup","floor":0},{"not_picked":["AlertArray:ReiMu","ats:Explosion Area Strengthen"],"picked":"SnafuTest:Offering","floor":1},{"not_picked":["SnafuTest:SpellBitingFrost","Luminous:Blinding_Pillar_Luminous"],"picked":"PlaceholderMod:Hard","floor":2},{"not_picked":["SnafuTest:MercilessReaper","SnafuTest:Kick"],"picked":"AlertArray:ReiMu","floor":3}],"player_experience":79378,"relics_obtained":[],"event_choices":[{"damage_healed":0,"gold_gain":150,"player_choice":"AGREE","damage_taken":0,"max_hp_gain":0,"max_hp_loss":0,"event_name":"Liars Game","floor":4,"gold_loss":0,"cards_obtained":["Doubt"]},{"damage_healed":0,"gold_gain":0,"player_choice":"Forge","damage_taken":0,"max_hp_gain":0,"max_hp_loss":0,"event_name":"Accursed Blacksmith","floor":5,"gold_loss":0,"cards_upgraded":["PlaceholderMod:DirectingGroup"]}],"is_beta":false,"boss_relics":[],"items_purged_floors":[],"is_endless":true,"potions_floor_spawned":[],"killed_by":"Gremlin Nob","ascension_level":20}}