{"host":"yvb207ks1sg3cxef","time":1610979009,"event":{"mods":["2.2 Compatiblity","BaseMod","Bestiary","Colored Powertips","Minty Spire (QoL Compilation)","Permanent Neow","Quick Restart","Relic Stats","StSLib"],"gold_per_floor":[113,113,113,131,131,131,156,176,229,239,239,269,269,289,289,289,289],"floor_reached":16,"language":"ENG","playtime":455,"items_purged":[],"score":176,"play_id":"1bf1702e-fc3c-4ba3-9254-c52cfbc8201e","local_time":"20210118194009","is_ascension_mode":true,"campfire_choices":[{"data":"Vigilance","floor":6.0,"key":"SMITH"},{"data":"Devotion","floor":13,"key":"SMITH"},{"data":"Halt","floor":15,"key":"SMITH"}],"circlet_count":0,"master_deck":["AscendersBane","Strike_P","Strike_P","Strike_P","Strike_P","Defend_P","Defend_P","Defend_P","Defend_P","Eruption+1","Vigilance+1","CrushJoints+1","FlurryOfBlows","FlurryOfBlows","Halt+1","Devotion+1","Protect"],"relics":["PureWater","Anchor","Blood Vial","Smiling Mask","Ancient Tea Set"],"acts_visited":["Exordium"],"potions_floor_usage":[14],"damage_taken":[{"damage":0.0,"enemies":"2 Louse","floor":1.0,"turns":2.0},{"damage":0.0,"enemies":"Cultist","floor":4.0,"turns":2.0},{"damage":13.0,"enemies":"Gremlin Nob","floor":7.0,"turns":3.0},{"damage":0.0,"enemies":"Small Slimes","floor":8.0,"turns":2.0},{"damage":5,"enemies":"3 Louse","floor":10,"turns":4},{"damage":5,"enemies":"3 Sentries","floor":12,"turns":5},{"damage":0,"enemies":"2 Fungi Beasts","floor":14,"turns":2},{"damage":72,"enemies":"The Guardian","floor":16,"turns":5}],"seed_played":"-3411544048963530266","potions_obtained":[{"floor":4.0,"key":"LiquidBronze"},{"floor":8.0,"key":"FearPotion"},{"floor":12,"key":"SteroidPotion"}],"is_trial":false,"path_per_floor":["M","?","?","M","?","R","E","M","T","M","?","E","R","M","R","B"],"character_chosen":"WATCHER","items_purchased":[],"campfire_rested":0,"item_purchase_floors":[],"current_hp_per_floor":[65,65,65,65,65,65,52,54,54,51,56,53,53,55,55,0,0],"gold":289,"neow_bonus":"RANDOM_COMMON_RELIC","is_daily":false,"chose_seed":false,"campfire_upgraded":3,"win_rate":0.0,"timestamp":1610979009,"path_taken":["M","?","?","M","?","R","E","M","T","?","?","E","R","M","R","BOSS"],"items_purchased_type":[],"build_version":"2020-12-22","purchased_purges":0,"victory":false,"max_hp_per_floor":[72,72,72,72,72,72,72,72,72,72,77,77,77,77,77,77,77],"relic_stats":{"Blood Vial":10,"counters":[8,25],"Smiling Mask":0,"obtain_stats":[{"Blood Vial":7,"Anchor":0,"PureWater":0,"Smiling Mask":9,"Ancient Tea Set":12},{"Blood Vial":3,"Anchor":0,"PureWater":0,"Smiling Mask":4,"Ancient Tea Set":6},{"Blood Vial":7,"Anchor":0,"PureWater":0,"Smiling Mask":9,"Ancient Tea Set":18}]},"card_choices":[{"not_picked":["BowlingBash","ClearTheMind"],"picked":"CrushJoints","floor":1.0},{"not_picked":["EmptyFist","EmptyMind"],"picked":"FlurryOfBlows","floor":4.0},{"not_picked":["ReachHeaven","Vengeance"],"picked":"FlurryOfBlows","floor":7.0},{"not_picked":["EmptyBody","Indignation"],"picked":"Halt","floor":8.0},{"not_picked":["Halt","JustLucky"],"picked":"Devotion","floor":10},{"not_picked":["Worship","Conclude"],"picked":"Protect","floor":12},{"not_picked":["JustLucky","EmptyBody","CarveReality"],"picked":"SKIP","floor":14}],"player_experience":381235,"relics_obtained":[{"floor":7.0,"key":"Blood Vial"},{"floor":9.0,"key":"Smiling Mask"},{"floor":12,"key":"Ancient Tea Set"}],"event_choices":[{"damage_healed":0.0,"max_hp_gain":0.0,"max_hp_loss":0.0,"gold_gain":0.0,"event_name":"Living Wall","player_choice":"Grow","floor":2.0,"gold_loss":0.0,"damage_taken":0.0,"cards_upgraded":["Eruption"]},{"damage_healed":0.0,"max_hp_gain":0.0,"max_hp_loss":0.0,"gold_gain":0.0,"event_name":"Liars Game","player_choice":"Ignored","floor":3.0,"gold_loss":0.0,"damage_taken":0.0},{"damage_healed":0.0,"max_hp_gain":0.0,"max_hp_loss":0.0,"gold_gain":0.0,"event_name":"Accursed Blacksmith","player_choice":"Forge","floor":5.0,"gold_loss":0.0,"damage_taken":0.0,"cards_upgraded":["CrushJoints"]},{"damage_healed":0,"gold_gain":0,"player_choice":"Donut","damage_taken":0,"max_hp_gain":5,"max_hp_loss":0,"event_name":"Big Fish","floor":11,"gold_loss":0}],"is_beta":false,"boss_relics":[],"items_purged_floors":[],"is_endless":false,"potions_floor_spawned":[4,8,12],"killed_by":"The Guardian","ascension_level":12}}