{"host":"mmxi1hjn5usmb1ga","time":1610939568,"event":{"mods":["BaseMod","BetterRewards","Downfall","Minty Spire (QoL Compilation)","Quick Restart","READ ME - Guardian Mod","READ ME - Snecko Mod","RumiaBox-露米娅的神秘盒子","Shop Mod","StSLib","Td1madao Mod","The Bug Knight","Yuri Mod","[IsaacMod]以撒尖塔"],"gold_per_floor":[99,142,161,461,482,551,585,385,433,433,433,471,491,314,335,446,455,455,484,502,674,674,26,60,60,112,139,181,204,204,239,255,371,371,271,295,304,304,365,83,145,199,224,224,266,294,294,382,411,441,441,503,2,2,93,93,93],"floor_reached":55,"language":"ZHS","playtime":2209,"items_purged":[],"score":2179,"play_id":"e4df0600-a6f9-44f2-867f-a34f53c6a902","local_time":"20210118111248","daily_mods":["Hoarder","Flight","Cursed Run"],"is_ascension_mode":true,"campfire_choices":[{"floor":1.0,"key":"RECALL"},{"data":"Wraith Form v2","floor":8,"key":"SMITH"},{"data":"yuri:DragonForm","floor":10,"key":"SMITH"},{"data":"Slimebound:DuplicatedForm","floor":18,"key":"SMITH"},{"data":"hexamod:HexaLevel","floor":25,"key":"SMITH"},{"data":"Demon Form","floor":35,"key":"SMITH"},{"data":"yuri:GhostForm","floor":47,"key":"SMITH"},{"data":"sneckomod:SerpentMind","floor":54,"key":"SMITH"}],"circlet_count":0,"master_deck":["Demon Form+1","Wraith Form v2+1","Echo Form","DevaForm","Guardian:ConstructionForm","Slimebound:DuplicatedForm+1","sneckomod:SerpentMind+1","yuri:DragonForm+1","yuri:GhostForm+1","hexamod:HexaLevel+1","AscendersBane","hexamod:Strike","hexamod:Strike","hexamod:Strike","hexamod:Strike","hexamod:Defend","hexamod:Defend","hexamod:Defend","hexamod:Defend","hexamod:Sear","hexamod:Float","hexamod:GhostLash","hexamod:GhostLash","hexamod:GhostLash","downfall:Icky","downfall:Icky","downfall:Icky","downfall:Icky","downfall:Icky","downfall:Icky","downfall:Icky","downfall:Icky","downfall:Icky","hexamod:SpectersWail","hexamod:SpectersWail","hexamod:SpectersWail","downfall:Bewildered","downfall:Bewildered","downfall:Bewildered","hexamod:InspiringFlames","hexamod:InspiringFlames","hexamod:InspiringFlames","hexamod:NightmareStrike","hexamod:NightmareStrike","hexamod:NightmareStrike","hexamod:Hexaguard","hexamod:Hexaguard","hexamod:Hexaguard","hexamod:HeatMetal","hexamod:HeatMetal","hexamod:HeatMetal","Normality","Normality","Normality","hexamod:WildfireWeapon","hexamod:WildfireWeapon","hexamod:WildfireWeapon","CurseOfTheBell","CurseOfTheBell","CurseOfTheBell","hexamod:SpectersWail","hexamod:SpectersWail","hexamod:SpectersWail","Slimebound:CheckThePlaybook","Slimebound:CheckThePlaybook","Slimebound:CheckThePlaybook","downfall:Icky","downfall:Icky","downfall:Icky","hexamod:NightmareGuise","hexamod:NightmareGuise","hexamod:NightmareGuise","downfall:Aged","downfall:Aged","downfall:Aged","hexamod:GhostShield","hexamod:GhostShield","hexamod:GhostShield","hexamod:SearingWound","hexamod:SearingWound","hexamod:SearingWound","hexamod:SkipABeat","hexamod:SkipABeat","hexamod:SkipABeat","Decay","Decay","Decay","hexamod:TimeOfNeed","hexamod:TimeOfNeed","hexamod:TimeOfNeed","downfall:Malfunctioning","downfall:Malfunctioning","downfall:Malfunctioning","Shame","Shame","Shame","hexamod:SpectersWail+1","hexamod:SpectersWail+1","hexamod:SpectersWail+1","Pain","Pain","Pain"],"relics":["Cursed Key","Darkstone Periapt","Du-Vu Doll","HushsDoor","SalivaCoin","CeramicFish","Guardian:PocketSentry","Lantern","downfall:HeartBlessingRed","downfall:HeartBlessingGreen","Strawberry","Bronze Scales","bronze:BronzeIdol","Toy Ornithopter","AnarchistCookbook","Pocketwatch","JudasShadow","Regal Pillow","hexamod:Sixitude","ZombieArmy","MagicDraw3","Bottled Lightning","GuppysPaw","downfall:HeartBlessingBlue","EdensBlessing","Pantograph","Blood Vial","Void","Ice Cream","UnicornStump","hexamod:BolsterEngine","Kunai"],"acts_visited":["Exordium","TheCity","TheBeyond","TheEnding"],"potions_floor_usage":[50,50,55],"damage_taken":[{"damage":28.0,"enemies":"2 Louse","floor":2.0,"turns":5.0},{"damage":1,"enemies":"Jaw Worm","floor":3,"turns":5},{"damage":50,"enemies":"3 Sentries","floor":6,"turns":5},{"damage":29,"enemies":"Lagavulin","floor":9,"turns":5},{"damage":0,"enemies":"Gremlin Nob","floor":12,"turns":2},{"damage":6,"enemies":"Small Slimes","floor":13,"turns":1},{"damage":0,"enemies":"downfall:FleeingMerchant","floor":14,"turns":4},{"damage":0,"enemies":"Blue Slaver","floor":15,"turns":2},{"damage":23,"enemies":"WA_ARCHETYPE_RETAIN","floor":16,"turns":4},{"damage":0,"enemies":"Shell Parasite","floor":19,"turns":1},{"damage":0,"enemies":"downfall:FleeingMerchant","floor":21,"turns":4},{"damage":0,"enemies":"Book of Stabbing","floor":26,"turns":1},{"damage":0,"enemies":"Spheric Guardian","floor":27,"turns":2},{"damage":0,"enemies":"Slavers","floor":28,"turns":1},{"damage":0,"enemies":"Centurion and Healer","floor":29,"turns":1},{"damage":0,"enemies":"HollowMod:Nosk","floor":31,"turns":2},{"damage":0,"enemies":"Snecko","floor":32,"turns":3},{"damage":0,"enemies":"DF_ARCHETYPE_CLAW","floor":33,"turns":3},{"damage":0,"enemies":"3 Shapes","floor":36,"turns":1},{"damage":0,"enemies":"2 Orb Walkers","floor":39,"turns":1},{"damage":36,"enemies":"Giant Head","floor":42,"turns":5},{"damage":3,"enemies":"HollowMod:StalkingDevout","floor":45,"turns":2},{"damage":0,"enemies":"Orb Walker","floor":46,"turns":2},{"damage":40,"enemies":"Reptomancer","floor":48,"turns":5},{"damage":6,"enemies":"3 Darklings","floor":49,"turns":1},{"damage":34,"enemies":"IC_BLOCK_ARCHETYPE","floor":50,"turns":10},{"damage":5,"enemies":"downfall:CharBossMerchant","floor":52,"turns":3},{"damage":13,"enemies":"downfall:NeowBoss","floor":55,"turns":9}],"seed_played":"4151994551386986518","potions_obtained":[{"floor":3,"key":"FearPotion"},{"floor":12,"key":"LiquidMemories"},{"floor":43,"key":"downfall:CursedFountainPotion"},{"floor":49,"key":"GamblersBrew"},{"floor":52,"key":"FearPotion"}],"is_trial":true,"path_per_floor":["R","M","M","?","?","E","T","R","E","R","?","E","M","$","M","B",null,"R","M","?","$","?","$","T","R","E","M","E","M","?","E","M","B",null,"R","M","?","?","?","$","T","E","?","?","E","M","R","E","M","B",null,"E","$","R","B"],"character_chosen":"THE_SPIRIT","items_purchased":["bronze:BronzeIdol","JudasShadow","Regal Pillow","Damocles","hexamod:Sixitude","GuppysPaw","Pantograph","hexamod:BolsterEngine","Kunai","PowerPotion"],"campfire_rested":0,"item_purchase_floors":[14,17,21,23,23,34,40,53,53,53],"current_hp_per_floor":[57,44,43,97,79,44,62,62,40,40,87,87,81,81,81,91,151,151,151,169,169,169,169,187,187,1,1,1,1,1,1,1,19,9,19,19,37,37,37,37,55,19,55,55,52,54,54,15,11,32,61,58,58,58,39,39,39],"gold":93,"neow_bonus":"","is_daily":false,"chose_seed":false,"campfire_upgraded":7,"win_rate":0.0,"timestamp":1610939568,"path_taken":["R","M","M","?","?","E","T","R","E","R","?","E","?","?","M","BOSS","R","M","?","?","?","?","T","R","E","M","E","M","?","E","M","BOSS","R","M","?","?","?","$","T","E","?","?","E","?","R","E","M","BOSS","E","$","R","BOSS"],"items_purchased_type":["Relic","Relic","Relic","Relic","Relic","Relic","Relic","Relic","Relic","Potion"],"build_version":"2020-12-22","purchased_purges":0,"victory":false,"max_hp_per_floor":[63,63,63,117,117,117,135,135,142,142,142,142,142,142,142,160,165,165,165,183,183,183,183,201,201,1,1,1,1,1,1,1,19,9,19,19,37,37,37,37,55,55,55,55,55,55,55,53,53,71,71,71,71,71,69,69,69],"card_choices":[{"not_picked":[],"picked":"ChaosCard","floor":0.0},{"not_picked":["hexamod:EmpoweredFlame","hexamod:SecondSeal","hexamod:BacktrackSmack"],"picked":"SKIP","floor":2.0},{"not_picked":["hexamod:FirstSeal","hexamod:Hexaguard"],"picked":"hexamod:GhostLash","floor":3},{"not_picked":["hexamod:HeatShield","hexamod:Again"],"picked":"hexamod:SpectersWail","floor":6},{"not_picked":["hexamod:GhostOfSpireFuture","hexamod:PhantomCloak"],"picked":"hexamod:InspiringFlames","floor":9},{"not_picked":["hexamod:HeatMetal","hexamod:FastForward"],"picked":"hexamod:NightmareStrike","floor":12},{"not_picked":["hexamod:PhantomCloak","hexamod:HexaLevel","hexamod:AdvancingGuard"],"picked":"SKIP","floor":13},{"not_picked":["hexamod:StepThrough","hexamod:ShieldOfDarkness"],"picked":"hexamod:Hexaguard","floor":14},{"not_picked":["hexamod:HauntingEcho","hexamod:SpectralAdrenaline"],"picked":"hexamod:HeatMetal","floor":15},{"not_picked":["hexamod:FifthSeal","hexamod:GhostflameInferno"],"picked":"hexamod:WildfireWeapon","floor":16},{"not_picked":["hexamod:NecessarySacrifice","hexamod:FourthSeal"],"picked":"hexamod:SpectersWail","floor":19},{"not_picked":["hexamod:ShieldOfDarkness","hexamod:FourthSeal"],"picked":"hexamod:NightmareGuise","floor":21},{"not_picked":["hexamod:Hexaguard","hexamod:ThermalTransfer","hexamod:NightmareStrike"],"picked":"SKIP","floor":26},{"not_picked":["hexamod:Hexaguard","hexamod:FifthSeal"],"picked":"hexamod:GhostShield","floor":27},{"not_picked":["hexamod:Again","hexamod:HauntingEcho"],"picked":"hexamod:SearingWound","floor":28},{"not_picked":["hexamod:GhostLash","hexamod:InspiringFlames"],"picked":"hexamod:SkipABeat","floor":29},{"not_picked":["hexamod:SecondSeal","hexamod:BurningTouch","hexamod:SpectersWail"],"picked":"SKIP","floor":31},{"not_picked":["hexamod:NightmareStrike","hexamod:SpectersWail","hexamod:InspiringFlames"],"picked":"SKIP","floor":32},{"not_picked":["hexamod:VolcanoVisage","hexamod:SearingWound"],"picked":"hexamod:TimeOfNeed","floor":33},{"not_picked":["hexamod:SoulSteal","hexamod:PhantomCloak","hexamod:RainOfEmbers"],"picked":"SKIP","floor":36},{"not_picked":["hexamod:TimeOfNeed","hexamod:FirstSeal","hexamod:GhostShield"],"picked":"SKIP","floor":42},{"not_picked":["hexamod:InspiringFlames","hexamod:HeatCrush","hexamod:NightmareStrike"],"picked":"SKIP","floor":45},{"not_picked":["hexamod:SkipABeat","hexamod:EmpoweredFlame"],"picked":"hexamod:SpectersWail+1","floor":46},{"not_picked":["hexamod:ExtraCrispy+1","hexamod:BurningTouch+1","hexamod:NightmareGuise"],"picked":"SKIP","floor":48},{"not_picked":["hexamod:HauntingEcho+1","hexamod:SkipABeat","hexamod:NightmareStrike"],"picked":"SKIP","floor":49},{"not_picked":["hexamod:NightmareGuise+1","hexamod:NightmareStrike","hexamod:EmpoweredFlame"],"picked":"SKIP","floor":52}],"player_experience":698334,"relics_obtained":[{"floor":6,"key":"Guardian:PocketSentry"},{"floor":7,"key":"Lantern"},{"floor":9,"key":"Strawberry"},{"floor":12,"key":"Bronze Scales"},{"floor":17,"key":"Toy Ornithopter"},{"floor":17,"key":"AnarchistCookbook"},{"floor":17,"key":"Pocketwatch"},{"floor":26,"key":"ZombieArmy"},{"floor":28,"key":"MagicDraw3"},{"floor":31,"key":"Bottled Lightning"},{"floor":37,"key":"SharpPlug"},{"floor":39,"key":"EdensBlessing"},{"floor":41,"key":"Blood Vial"},{"floor":42,"key":"Void"},{"floor":45,"key":"hexamod:InflammatoryLetter"},{"floor":48,"key":"Ice Cream"},{"floor":52,"key":"UnicornStump"}],"event_choices":[{"damage_healed":0,"gold_gain":0,"player_choice":"Success","damage_taken":18,"relics_obtained":["CeramicFish"],"max_hp_gain":0,"max_hp_loss":0,"event_name":"Scrap Ooze","floor":5,"gold_loss":0},{"damage_healed":47,"gold_gain":0,"player_choice":"Banana","damage_taken":0,"max_hp_gain":0,"max_hp_loss":0,"event_name":"Big Fish","floor":11,"gold_loss":0},{"damage_healed":0,"gold_gain":0,"player_choice":"Fight","damage_taken":0,"max_hp_gain":0,"max_hp_loss":0,"event_name":"Mysterious Sphere","floor":39,"gold_loss":0}],"is_beta":false,"boss_relics":[{"not_picked":["MagicMushroom","AddBug"],"picked":"Calling Bell"},{"not_picked":[]},{"not_picked":["Snecko Eye","EasyGame_NEW"],"picked":"Empty Cage"},{"not_picked":[]}],"items_purged_floors":[],"is_endless":false,"potions_floor_spawned":[3,12,15,16,26,27,28,32,33,45,46,48,49,52],"killed_by":"downfall:NeowBoss","ascension_level":20}}