{"host":"yq7vhdvcv08g2502","time":1610946712,"event":{"mods":["2.2 Compatiblity","AchievementEnabler","Act Like it!","BaseMod","CapriCore","Colored Powertips","Custom Start","Gensokyo","Marisa????????","Minty Spire (QoL Compilation)","Quick Restart","Reimu??????","StSLib","The Servant 0.9.4"],"gold_per_floor":[118,198,26,38,50,50,77,77,102,102,316,352,352,387,387,496,496,509,469,487,596,605,605,639,659,685,697,697,722,747,258,258,368,368,382,382,396,409,420,420,439,439,439,439,439,457,91,114,114,114,114],"floor_reached":50,"language":"ENG","playtime":2497,"items_purged":["Clumsy"],"score":812,"play_id":"77a20e39-b562-4141-a486-351da7830794","local_time":"20210118051152","is_ascension_mode":true,"campfire_choices":[{"data":"StarlightTyphoon","floor":6.0,"key":"SMITH"},{"floor":13.0,"key":"REST"},{"floor":15.0,"key":"REST"},{"floor":23.0,"key":"REST"},{"floor":28,"key":"REST"},{"data":"Gensokyo:MenInBlack","floor":32,"key":"SMITH"},{"floor":40,"key":"REST"},{"data":"MillisecondPulsars","floor":42,"key":"SMITH"},{"data":"MagicChant","floor":45,"key":"SMITH"},{"floor":49,"key":"REST"}],"circlet_count":0,"master_deck":["Strike_MRS","Strike_MRS","Strike_MRS","Strike_MRS","Defend_MRS+1","Defend_MRS","Defend_MRS+1","Defend_MRS","MasterSpark","UpSweep","DoubleSpark","Acceleration","IllusionStar","StarlightTyphoon+1","DoubleSpark","PropBag","MagicChant+1","RefractionSpark","FinalSpark+1","EnergyFlow","Night Terror","SprinkleStarSeal","DoubleSpark","Gensokyo:MenInBlack+1","MillisecondPulsars+1","DoubleSpark+1"],"relics":["MiniHakkero","NeowsBlessing","Orrery","Happy Flower","Gensokyo:NagashiBinaDoll","CeramicFish","Meat on the Bone","HandmadeGrimoire","SlaversCollar","Peace Pipe","Ice Cream","Orichalcum","War Paint","RuthlessExorcism:ReiMu","ClockworkSouvenir","Frozen Eye","Sozu","Anchor","Sundial","Ginger","AmplifyWand"],"acts_visited":["Gensokyo:Gensokyo","Gensokyo:Gensokyoer","Gensokyo:Gensokyoest"],"potions_floor_usage":[25,25,30,35],"damage_taken":[{"damage":0.0,"enemies":"Gensokyo:2_Kodama","floor":1.0,"turns":1.0},{"damage":0.0,"enemies":"Gensokyo:Gryphon","floor":4.0,"turns":2.0},{"damage":0.0,"enemies":"Gensokyo:Python","floor":5.0,"turns":2.0},{"damage":21.0,"enemies":"Gensokyo:Cirno","floor":7.0,"turns":5.0},{"damage":22.0,"enemies":"Gensokyo:Gryphon_and_Rabbit","floor":11.0,"turns":4.0},{"damage":10.0,"enemies":"Gensokyo:Aya","floor":12.0,"turns":7.0},{"damage":0.0,"enemies":"Gensokyo:Mamizou","floor":14.0,"turns":4.0},{"damage":46.0,"enemies":"Gensokyo:Reimu","floor":16.0,"turns":11.0},{"damage":1.0,"enemies":"Gensokyo:CosmicMonolith","floor":18.0,"turns":3.0},{"damage":43.0,"enemies":"Gensokyo:3_Dogs","floor":20.0,"turns":4.0},{"damage":0.0,"enemies":"Gensokyo:3_Dogs","floor":21.0,"turns":2.0},{"damage":34.0,"enemies":"Gensokyo:Tenshi","floor":24.0,"turns":4.0},{"damage":23,"enemies":"Gensokyo:Swordslinger","floor":25,"turns":4},{"damage":23,"enemies":"Gensokyo:Wraith","floor":27,"turns":3},{"damage":19,"enemies":"Gensokyo:Koishi","floor":29,"turns":3},{"damage":0,"enemies":"Gensokyo:Chomper_and_Gloop","floor":30,"turns":2},{"damage":0,"enemies":"Gensokyo:Eiki","floor":33,"turns":4},{"damage":17,"enemies":"Gensokyo:AncientGuardian","floor":35,"turns":5},{"damage":0,"enemies":"Gensokyo:3_Boulders","floor":37,"turns":3},{"damage":10,"enemies":"Gensokyo:Dusk_and_Dawn","floor":38,"turns":3},{"damage":0,"enemies":"Gensokyo:SeedOfUnknown","floor":39,"turns":4},{"damage":0,"enemies":"Gensokyo:4_Bats","floor":41,"turns":2},{"damage":37,"enemies":"Gensokyo:Sharpion","floor":46,"turns":6},{"damage":5,"enemies":"Gensokyo:Dusk_and_Dawn","floor":48,"turns":3},{"damage":69,"enemies":"Gensokyo:Scarlet_Devils","floor":50,"turns":6}],"seed_played":"-1482512945454853476","potions_obtained":[{"floor":1.0,"key":"Dexterity Potion"},{"floor":4.0,"key":"Block Potion"},{"floor":11.0,"key":"ZuzhouPotion:ReiMu"},{"floor":12.0,"key":"SneckoOil"},{"floor":20.0,"key":"SpeedPotion"},{"floor":27,"key":"Energy Potion"},{"floor":33,"key":"AttackPotion"}],"is_trial":false,"path_per_floor":["M","?","COS","M","M","R","E","?","T","?","M","E","R","E","R","B",null,"M","?","M","?","?","R","E","M","T","M","R","E","M","COS","R","B",null,"M","?","M","M","M","R","M","R","T","?","R","M","$","M","R","B"],"character_chosen":"MARISA","items_purchased":["Ginger"],"campfire_rested":6,"item_purchase_floors":[47],"current_hp_per_floor":[68,68,68,68,68,68,47,47,47,47,25,15,37,49,71,37,66,65,65,34,46,39,61,39,28,28,17,39,32,44,44,44,44,67,50,50,50,40,40,62,62,62,62,62,62,37,37,44,66,0,0],"gold":114,"neow_bonus":"THREE_ENEMY_KILL","is_daily":false,"chose_seed":false,"campfire_upgraded":4,"win_rate":0.0,"timestamp":1610946712,"path_taken":["M","?","COS","M","M","R","E","?","T","?","M","E","R","E","R","BOSS","M","?","?","?","?","R","E","M","T","M","R","E","M","COS","R","BOSS","M","?","M","M","M","R","?","R","T","?","R","?","$","M","R","BOSS"],"items_purchased_type":["Relic"],"build_version":"2020-12-22","purchased_purges":1,"victory":false,"max_hp_per_floor":[75,75,75,75,75,75,75,75,75,75,75,75,75,75,75,75,75,75,75,75,75,75,75,75,75,75,75,75,75,75,75,75,75,75,75,75,75,75,75,75,75,75,75,75,75,75,75,75,75,75,75],"card_choices":[{"not_picked":["Acceleration","DarkSpark"],"picked":"DoubleSpark","floor":1.0},{"not_picked":["GasGiant","AsteroidBelt"],"picked":"Acceleration","floor":3.0},{"not_picked":["6A","ShootingEcho"],"picked":"IllusionStar","floor":3.0},{"not_picked":["DC","GasGiant"],"picked":"StarlightTyphoon","floor":3.0},{"not_picked":["WitchLeyline","MysteriousBeam"],"picked":"DoubleSpark","floor":4.0},{"not_picked":["NonDirectionalLaser","MilkyWay"],"picked":"PropBag","floor":5.0},{"not_picked":["EventHorizon","ShootingEcho","ManaRampage"],"picked":"SKIP","floor":7.0},{"not_picked":["GasGiant","DragonMeteor","GrandCross"],"picked":"SKIP","floor":11.0},{"not_picked":["GasGiant","SporeBomb"],"picked":"MagicChant","floor":12.0},{"not_picked":["MaximisePower","Acceleration"],"picked":"RefractionSpark","floor":14.0},{"not_picked":["EscapeVelocity","BigCrunch"],"picked":"FinalSpark","floor":16.0},{"not_picked":["MeteoricShower","MysteriousBeam","DragonMeteor"],"picked":"SKIP","floor":18.0},{"not_picked":["IllusionStar","DarkSpark","DragonMeteor"],"picked":"SKIP","floor":20.0},{"not_picked":["FairyDestructionRay","GalacticHalo+1"],"picked":"EnergyFlow","floor":21.0},{"not_picked":["GravityBeat","WitchLeyline+1","MaximisePower"],"picked":"SKIP","floor":24.0},{"not_picked":["OrrerysSun","PropBag"],"picked":"SprinkleStarSeal","floor":25},{"not_picked":["OneTimeOff","WitchLeyline+1","DoubleSpark+1"],"picked":"SKIP","floor":27},{"not_picked":["OpenUniverse","Acceleration","UnstableBomb"],"picked":"SKIP","floor":29},{"not_picked":["SporeBomb","PulseMagic"],"picked":"DoubleSpark","floor":30},{"not_picked":["BinaryStars","TreasureHunter"],"picked":"MillisecondPulsars","floor":33},{"not_picked":["WitchOfGreed+1","GravityBeat+1","MysteriousBeam"],"picked":"SKIP","floor":35},{"not_picked":["ShootingEcho+1","StarBarrage","FairyDestructionRay+1"],"picked":"SKIP","floor":37},{"not_picked":["DarkSpark+1","NonDirectionalLaser+1","GrandCross+1"],"picked":"SKIP","floor":38},{"not_picked":["GrandCross","Acceleration","MagicChant"],"picked":"SKIP","floor":39},{"not_picked":["WitchLeyline+1","PowerUp","Occultation+1"],"picked":"SKIP","floor":41},{"not_picked":["OortCloud","Robbery","SporeBomb+1"],"picked":"SKIP","floor":46},{"not_picked":["WitchOfGreed","MilkyWay+1"],"picked":"DoubleSpark+1","floor":48}],"player_experience":292041,"relics_obtained":[{"floor":7.0,"key":"Happy Flower"},{"floor":9.0,"key":"CeramicFish"},{"floor":12.0,"key":"Meat on the Bone"},{"floor":14.0,"key":"HandmadeGrimoire"},{"floor":21.0,"key":"Peace Pipe"},{"floor":21.0,"key":"Ice Cream"},{"floor":24.0,"key":"Orichalcum"},{"floor":26,"key":"War Paint"},{"floor":29,"key":"RuthlessExorcism:ReiMu"},{"floor":43,"key":"Sundial"}],"event_choices":[],"is_beta":false,"boss_relics":[{"not_picked":["Tiny House","Snecko Eye"],"picked":"SlaversCollar"},{"not_picked":["Fusion Hammer","Black Star"],"picked":"Sozu"}],"items_purged_floors":[47],"is_endless":false,"potions_floor_spawned":[1,4,11,12,20,27,33,35,39],"killed_by":"Gensokyo:Scarlet_Devils","ascension_level":6}}