{"host":"mai03x2ekbjy4059","time":1610946710,"event":{"mods":["2.2 Compatiblity","BaseMod","DeckTracker","Keyboard Shortcuts","Minty Spire (QoL Compilation)","Permanent Neow","Quick Restart","SuperFastMode","everything is the same but u backflip on backflip"],"gold_per_floor":[112,287,302,9,9,9,43,55,81,81,81,109,109,135,135,240,240,254,267,278,278,296,324,324,358,382,382,408,408,408,422,422,519,519,537,537,557,557,570,601,601,634,634,654,679,679,679,679,679,679,679,679,164,197,197],"floor_reached":56,"language":"KOR","playtime":1596,"items_purged":["Doubt","Defend_G"],"score":1462,"play_id":"ceea982c-62cb-408b-98a7-ee5b34399220","local_time":"20210118141150","is_ascension_mode":true,"campfire_choices":[{"data":"Cloak And Dagger","floor":6.0,"key":"SMITH"},{"data":"Neutralize","floor":10.0,"key":"SMITH"},{"data":"Accuracy","floor":13.0,"key":"SMITH"},{"data":"Blade Dance","floor":15.0,"key":"SMITH"},{"data":"Adrenaline","floor":24.0,"key":"SMITH"},{"data":"Master of Strategy","floor":27.0,"key":"SMITH"},{"data":"Bite","floor":32.0,"key":"SMITH"},{"data":"Infinite Blades","floor":41.0,"key":"SMITH"},{"data":"A Thousand Cuts","floor":47.0,"key":"SMITH"},{"floor":49.0,"key":"RECALL"},{"data":"Bite","floor":52.0,"key":"SMITH"}],"circlet_count":0,"master_deck":["Defend_G","Defend_G","Defend_G","Defend_G","Survivor","Neutralize+1","Master of Strategy+1","Infinite Blades+1","Cloak And Dagger+1","Accuracy+1","Blade Dance+1","Blade Dance+1","Adrenaline+1","Dodge and Roll+1","Bite","Bite","Bite+1","Bite+1","Bite+1","Deflect+1","Cloak And Dagger+1","A Thousand Cuts+1","Terror+1","Infinite Blades"],"relics":["Ring of the Serpent","PreservedInsect","Bronze Scales","Smiling Mask","Lizard Tail","Coffee Dripper","Toy Ornithopter","Snake Skull","Mango","Tiny Chest","Art of War","Matryoshka","Juzu Bracelet","Omamori","Question Card","Nunchaku","Happy Flower","Lantern","Shuriken","Sling","Boot"],"acts_visited":["Exordium","TheCity","TheBeyond","TheEnding"],"potions_floor_usage":[55,55,55],"damage_taken":[{"damage":0.0,"enemies":"Cultist","floor":1.0,"turns":4.0},{"damage":1.0,"enemies":"Jaw Worm","floor":3.0,"turns":6.0},{"damage":12.0,"enemies":"3 Sentries","floor":7.0,"turns":6.0},{"damage":0.0,"enemies":"2 Louse","floor":8.0,"turns":3.0},{"damage":16.0,"enemies":"Lagavulin","floor":12.0,"turns":6.0},{"damage":0.0,"enemies":"Gremlin Nob","floor":14.0,"turns":2.0},{"damage":23.0,"enemies":"Slime Boss","floor":16.0,"turns":8.0},{"damage":0.0,"enemies":"Chosen","floor":18.0,"turns":2.0},{"damage":6.0,"enemies":"2 Thieves","floor":19.0,"turns":3.0},{"damage":0.0,"enemies":"Centurion and Healer","floor":20.0,"turns":3.0},{"damage":7.0,"enemies":"Snecko","floor":22.0,"turns":4.0},{"damage":5.0,"enemies":"Gremlin Leader","floor":23.0,"turns":3.0},{"damage":0.0,"enemies":"Slavers","floor":25.0,"turns":2.0},{"damage":0.0,"enemies":"Gremlin Leader","floor":28.0,"turns":3.0},{"damage":10.0,"enemies":"Snake Plant","floor":31.0,"turns":3.0},{"damage":53.0,"enemies":"Collector","floor":33.0,"turns":9.0},{"damage":10.0,"enemies":"3 Darklings","floor":35.0,"turns":5.0},{"damage":2.0,"enemies":"3 Shapes","floor":37.0,"turns":6.0},{"damage":15.0,"enemies":"Writhing Mass","floor":39.0,"turns":10.0},{"damage":7.0,"enemies":"Nemesis","floor":40.0,"turns":4.0},{"damage":18.0,"enemies":"Reptomancer","floor":42.0,"turns":4.0},{"damage":14.0,"enemies":"Jaw Worm Horde","floor":44.0,"turns":4.0},{"damage":40.0,"enemies":"Nemesis","floor":45.0,"turns":5.0},{"damage":50.0,"enemies":"Donu and Deca","floor":50.0,"turns":7.0},{"damage":15.0,"enemies":"Shield and Spear","floor":54.0,"turns":2.0},{"damage":100,"enemies":"The Heart","floor":55,"turns":6}],"seed_played":"5094582454050861576","potions_obtained":[{"floor":1.0,"key":"Ancient Potion"},{"floor":3.0,"key":"Dexterity Potion"},{"floor":14.0,"key":"PowerPotion"},{"floor":19.0,"key":"Explosive Potion"},{"floor":31.0,"key":"SmokeBomb"},{"floor":33.0,"key":"PowerPotion"}],"is_trial":false,"path_per_floor":["M","?","M","$","?","R","E","M","T","R","?","E","R","E","R","B",null,"M","M","M","?","M","E","R","E","T","R","E","T","?","M","R","B",null,"M","?","M","T","M","E","R","E","T","M","E","?","R","?","R","B",null,"R","$","E","B",null],"character_chosen":"THE_SILENT","items_purchased":["PreservedInsect","Accuracy","Shuriken","Sling","Infinite Blades"],"campfire_rested":0,"item_purchase_floors":[4,4,53,53,53],"current_hp_per_floor":[49,49,48,48,53,53,41,43,43,43,43,29,29,31,31,10,75,75,69,71,71,66,68,68,84,84,84,86,86,86,84,84,55,89,85,85,89,89,83,87,87,74,74,69,46,46,46,46,46,16,85,85,85,78,5],"gold":197,"neow_bonus":"RANDOM_COLORLESS_2","is_daily":false,"chose_seed":false,"campfire_upgraded":10,"win_rate":0.0,"timestamp":1610946710,"path_taken":["M","?","M","$","?","R","E","M","T","R","?","E","R","E","R","BOSS","M","M","?","?","M","E","R","E","T","R","E","?","?","M","R","BOSS","M","?","M","?","M","E","R","E","T","M","E","?","R","?","R","BOSS","R","$","E","BOSS"],"items_purchased_type":["Relic","Card","Relic","Relic","Card"],"build_version":"2020-12-22","purchased_purges":2,"victory":true,"max_hp_per_floor":[70,70,70,70,75,75,75,75,75,75,75,75,75,75,75,75,75,75,75,75,75,75,75,75,89,89,89,89,89,89,89,89,89,89,89,89,89,89,89,89,89,89,89,89,89,85,85,85,85,85,85,85,85,85,85],"card_choices":[{"not_picked":["Transmutation","Mayhem"],"picked":"Master of Strategy","floor":0.0},{"not_picked":["Setup","Sucker Punch"],"picked":"Infinite Blades","floor":1.0},{"not_picked":["Sucker Punch","Outmaneuver"],"picked":"Cloak And Dagger","floor":3.0},{"not_picked":["Poisoned Stab","Distraction"],"picked":"Blade Dance","floor":7.0},{"not_picked":["Predator","Skewer","Glass Knife"],"picked":"SKIP","floor":8.0},{"not_picked":["Caltrops","Dagger Spray","Distraction"],"picked":"SKIP","floor":12.0},{"not_picked":["Deadly Poison","Bane"],"picked":"Blade Dance","floor":14.0},{"not_picked":["Malaise","Unload"],"picked":"Adrenaline","floor":16.0},{"not_picked":["Choke","Flying Knee","Poisoned Stab"],"picked":"SKIP","floor":18.0},{"not_picked":["Outmaneuver+1","Quick Slash","Sucker Punch"],"picked":"SKIP","floor":19.0},{"not_picked":["Leg Sweep","Dagger Throw","Quick Slash"],"picked":"SKIP","floor":20.0},{"not_picked":["Flying Knee","Dagger Throw","Setup"],"picked":"SKIP","floor":22.0},{"not_picked":["Bullet Time","Distraction","Flying Knee+1"],"picked":"SKIP","floor":23.0},{"not_picked":["Reflex","Dagger Spray+1","Dagger Throw"],"picked":"SKIP","floor":25.0},{"not_picked":["Acrobatics+1","Poisoned Stab"],"picked":"Dodge and Roll+1","floor":28.0},{"not_picked":["Escape Plan","Heel Hook"],"picked":"Deflect+1","floor":31.0},{"not_picked":["Quick Slash+1","Blade Dance","Tactician+1"],"picked":"SKIP","floor":35.0},{"not_picked":["Prepared","Caltrops"],"picked":"Cloak And Dagger+1","floor":37.0},{"not_picked":["Prepared+1","Leg Sweep+1","Outmaneuver+1"],"picked":"SKIP","floor":39.0},{"not_picked":["Doppelganger","Deadly Poison","Underhanded Strike"],"picked":"SKIP","floor":40.0},{"not_picked":["Corpse Explosion","Infinite Blades"],"picked":"A Thousand Cuts","floor":42.0},{"not_picked":["Dagger Throw","Distraction+1","PiercingWail+1"],"picked":"Terror+1","floor":44.0},{"not_picked":["Catalyst","Finisher","Calculated Gamble+1","Dagger Throw"],"picked":"SKIP","floor":45.0},{"not_picked":["Deadly Poison+1","Catalyst","Poisoned Stab+1","Dagger Throw+1"],"picked":"SKIP","floor":54.0}],"player_experience":1080251,"relics_obtained":[{"floor":7.0,"key":"Blood Vial"},{"floor":9.0,"key":"Bronze Scales"},{"floor":12.0,"key":"Smiling Mask"},{"floor":14.0,"key":"Lizard Tail"},{"floor":23.0,"key":"Snake Skull"},{"floor":25.0,"key":"Mango"},{"floor":26.0,"key":"Tiny Chest"},{"floor":28.0,"key":"Art of War"},{"floor":29.0,"key":"Matryoshka"},{"floor":38.0,"key":"Juzu Bracelet"},{"floor":40.0,"key":"Omamori"},{"floor":42.0,"key":"Question Card"},{"floor":43.0,"key":"Nunchaku"},{"floor":43.0,"key":"Happy Flower"},{"floor":45.0,"key":"Lantern"},{"floor":54.0,"key":"Boot"}],"event_choices":[{"damage_healed":0.0,"max_hp_gain":0.0,"max_hp_loss":0.0,"gold_gain":175.0,"event_name":"Liars Game","player_choice":"AGREE","floor":2.0,"gold_loss":0.0,"damage_taken":0.0,"cards_obtained":["Doubt"]},{"damage_healed":0.0,"max_hp_gain":5.0,"max_hp_loss":0.0,"gold_gain":0.0,"event_name":"Big Fish","player_choice":"Donut","floor":5.0,"gold_loss":0.0,"damage_taken":0.0},{"damage_healed":0.0,"max_hp_gain":0.0,"max_hp_loss":0.0,"gold_gain":0.0,"event_name":"Upgrade Shrine","player_choice":"Upgraded","floor":11.0,"gold_loss":0.0,"damage_taken":0.0,"cards_upgraded":["Blade Dance"]},{"damage_healed":0.0,"max_hp_gain":0.0,"max_hp_loss":0.0,"gold_gain":0.0,"event_name":"The Mausoleum","player_choice":"Opened","floor":21.0,"gold_loss":0.0,"damage_taken":0.0,"relics_obtained":["Toy Ornithopter"]},{"damage_healed":0.0,"max_hp_gain":0.0,"max_hp_loss":0.0,"gold_gain":0.0,"event_name":"Vampires","player_choice":"Became a vampire (Vial)","floor":30.0,"relics_lost":["Blood Vial"],"gold_loss":0.0,"damage_taken":0.0,"cards_obtained":["Bite","Bite","Bite","Bite","Bite"]},{"damage_healed":0.0,"max_hp_gain":0.0,"max_hp_loss":0.0,"gold_gain":0.0,"event_name":"Tomb of Lord Red Mask","player_choice":"Ignored","floor":36.0,"gold_loss":0.0,"damage_taken":0.0},{"damage_healed":0.0,"max_hp_gain":0.0,"max_hp_loss":4.0,"gold_gain":0.0,"event_name":"Winding Halls","player_choice":"Max HP","floor":46.0,"gold_loss":0.0,"damage_taken":0.0},{"damage_healed":0.0,"max_hp_gain":0.0,"max_hp_loss":0.0,"gold_gain":0.0,"event_name":"Upgrade Shrine","player_choice":"Upgraded","floor":48.0,"gold_loss":0.0,"damage_taken":0.0,"cards_upgraded":["Bite"]}],"is_beta":false,"boss_relics":[{"not_picked":["SacredBark","Calling Bell"],"picked":"Coffee Dripper"},{"not_picked":["Runic Dome","Philosopher\u0027s Stone"],"picked":"Ring of the Serpent"}],"items_purged_floors":[4,53],"is_endless":false,"potions_floor_spawned":[1,3,14,16,18,19,31,33,35,39,44],"ascension_level":1}}