{"host":"s35zr3gblm7slh1q","time":1610985769,"event":{"mods":["BaseMod","Colored Powertips","Downfall","Hermit","Highlight Path","Marisa????????","Minty Spire (QoL Compilation)","Permanent Neow","StSLib"],"gold_per_floor":[99,114,114,114,132,132,132,147,0,16,27,44,44,58,69,170,170,170,182,182,200,200,200,200,200],"floor_reached":23,"language":"ENG","playtime":1484,"items_purged":[],"score":210,"play_id":"6d4c0cbd-b185-4035-8dd6-027ee7daa605","local_time":"20210118110249","is_ascension_mode":false,"campfire_choices":[{"data":"hexamod:Float","floor":1,"key":"SMITH"},{"floor":13,"key":"REST"},{"data":"hexamod:ThermalTransfer","floor":18,"key":"SMITH"}],"circlet_count":0,"master_deck":["hexamod:Strike","hexamod:Strike","hexamod:Strike","hexamod:Strike","hexamod:Defend","hexamod:Defend","hexamod:Defend","hexamod:Defend","hexamod:Sear","hexamod:Float+1","hexamod:ThirdSeal","hexamod:BurningTouch+1","hexamod:ThermalTransfer+1","hexamod:PhantomFireball","hexamod:BurningTouch","hexamod:FourthSeal","hexamod:Firestarter","hexamod:AdvancingGuard","hexamod:HeatCrush","hexamod:Firestarter","hexamod:BurningTouch","hexamod:HexaLevel","hexamod:Firestarter","hexamod:Hexaguard","hexamod:FlamesFromBeyond","hexamod:RainOfEmbers","hexamod:ThermalTransfer","hexamod:ThirdSeal","hexamod:PowerFromBeyond","hexamod:VolcanoVisage","hexamod:SixthSeal","hexamod:FifthSeal","hexamod:SecondSeal","hexamod:SpectralAdrenaline","hexamod:RainOfEmbers+1","hexamod:HeatShield+1","hexamod:FirstSeal","hexamod:PowerFromBeyond+1","hexamod:Incineration"],"relics":["hexamod:SpiritBrand","Torii","downfall:ShatteredFragment","Strawberry","Black Star","Regal Pillow"],"acts_visited":["Exordium","TheCity"],"potions_floor_usage":[11,11,11,16,16,21,21],"damage_taken":[{"damage":0,"enemies":"Small Slimes","floor":2,"turns":4},{"damage":0,"enemies":"Jaw Worm","floor":5,"turns":3},{"damage":0,"enemies":"Cultist","floor":8,"turns":3},{"damage":0,"enemies":"downfall:FleeingMerchant","floor":9,"turns":4},{"damage":9,"enemies":"Exordium Wildlife","floor":10,"turns":4},{"damage":0,"enemies":"3 Louse","floor":11,"turns":3},{"damage":7,"enemies":"Blue Slaver","floor":12,"turns":3},{"damage":0,"enemies":"Large Slime","floor":14,"turns":3},{"damage":0,"enemies":"3 Louse","floor":15,"turns":3},{"damage":17,"enemies":"IC_STATUS_ARCHETYPE","floor":16,"turns":6},{"damage":29,"enemies":"Spheric Guardian","floor":19,"turns":6},{"damage":6,"enemies":"3 Byrds","floor":21,"turns":6},{"damage":41,"enemies":"Cultist and Chosen","floor":23,"turns":6}],"seed_played":"-1165091597901197606","potions_obtained":[{"floor":2,"key":"PowerPotion"},{"floor":9,"key":"Fire Potion"},{"floor":10,"key":"DistilledChaos"},{"floor":11,"key":"AttackPotion"},{"floor":11,"key":"DuplicationPotion"},{"floor":14,"key":"SpeedPotion"},{"floor":16,"key":"Weak Potion"},{"floor":19,"key":"bronze:BurnAndBuffPotion"},{"floor":19,"key":"GamblersBrew"},{"floor":21,"key":"Ancient Potion"}],"is_trial":false,"path_per_floor":["R","M","?","?","M","?","T","M","$","M","M","M","R","M","M","B",null,"R","M","T","M","?","M"],"character_chosen":"THE_SPIRIT","items_purchased":["hexamod:HeatCrush","hexamod:Firestarter"],"campfire_rested":1,"item_purchase_floors":[9,9],"current_hp_per_floor":[70,70,49,49,49,49,56,56,56,47,47,40,62,62,62,45,74,74,45,45,39,39,0,0,0],"gold":200,"neow_bonus":"ONE_RARE_RELIC","is_daily":false,"chose_seed":false,"campfire_upgraded":2,"win_rate":0.0,"timestamp":1610985769,"path_taken":["R","M","?","?","M","?","T","M","$","M","M","M","R","M","M","BOSS","R","M","?","M","?","M"],"items_purchased_type":["Card","Card"],"build_version":"2020-12-22","purchased_purges":0,"victory":false,"max_hp_per_floor":[70,70,70,67,67,67,74,74,74,74,74,74,74,74,74,74,74,74,74,74,74,74,74,74,74],"card_choices":[{"not_picked":["hexamod:NightmareStrike","hexamod:GhostOfSpirePast"],"picked":"hexamod:ThirdSeal","floor":2},{"not_picked":["hexamod:NightmareGuise","hexamod:Incineration"],"picked":"hexamod:BurningTouch","floor":5},{"not_picked":["hexamod:Firestarter","hexamod:GhostShield"],"picked":"hexamod:ThermalTransfer","floor":5},{"not_picked":["hexamod:HeatShield","hexamod:PhantomFireball"],"picked":"hexamod:BurningTouch","floor":8},{"not_picked":["hexamod:GhostShield","hexamod:ShieldOfDarkness"],"picked":"hexamod:FourthSeal","floor":8},{"not_picked":["hexamod:PhantomCloak","hexamod:BacktrackSmack"],"picked":"hexamod:Firestarter","floor":9},{"not_picked":["hexamod:NecessarySacrifice","hexamod:GhostOfSpirePast"],"picked":"hexamod:AdvancingGuard","floor":9},{"not_picked":["hexamod:InspiringFlames","hexamod:GhostLash"],"picked":"hexamod:BurningTouch","floor":10},{"not_picked":["hexamod:SoulSteal","hexamod:ShieldOfDarkness"],"picked":"hexamod:HexaLevel","floor":10},{"not_picked":["hexamod:InspiringFlames","hexamod:GhostLash"],"picked":"hexamod:Firestarter","floor":11},{"not_picked":["hexamod:Firestarter","hexamod:AdvancingGuard"],"picked":"hexamod:Hexaguard","floor":11},{"not_picked":["hexamod:ChargedBarrage","hexamod:PowerFromBeyond"],"picked":"hexamod:FlamesFromBeyond","floor":12},{"not_picked":["hexamod:HeatMetal","hexamod:Rewind"],"picked":"hexamod:RainOfEmbers","floor":14},{"not_picked":["hexamod:HeatCrush","hexamod:Haunt"],"picked":"hexamod:ThermalTransfer","floor":14},{"not_picked":["hexamod:NecessarySacrifice","hexamod:BurningTouch"],"picked":"hexamod:ThirdSeal","floor":15},{"not_picked":["hexamod:RadiantFlame","hexamod:Hexaguard"],"picked":"hexamod:PowerFromBeyond","floor":15},{"not_picked":["hexamod:HexaLevel","hexamod:TurnItUp"],"picked":"hexamod:VolcanoVisage","floor":16},{"not_picked":["hexamod:WildfireWeapon","hexamod:HexaLevel"],"picked":"hexamod:SixthSeal","floor":16},{"not_picked":["hexamod:ParanormalForm","hexamod:HexaLevel"],"picked":"hexamod:FifthSeal","floor":16},{"not_picked":["hexamod:SixthSeal","hexamod:ThirdSeal"],"picked":"hexamod:SecondSeal","floor":19},{"not_picked":["hexamod:Rewind+1","hexamod:NecessarySacrifice"],"picked":"hexamod:SpectralAdrenaline","floor":19},{"not_picked":["hexamod:HeatMetal","hexamod:CatchUp"],"picked":"hexamod:RainOfEmbers+1","floor":19},{"not_picked":["hexamod:DynamicBlow+1","hexamod:GhostOfSpireFuture"],"picked":"hexamod:HeatShield+1","floor":19},{"not_picked":["hexamod:ThirdSeal","hexamod:SixthSeal"],"picked":"hexamod:FirstSeal","floor":21},{"not_picked":["hexamod:ChargedBarrage+1","hexamod:SuperheatedStrike"],"picked":"hexamod:PowerFromBeyond+1","floor":21},{"not_picked":["hexamod:NightmareStrike+1","hexamod:HauntingEcho"],"picked":"hexamod:Incineration","floor":21},{"not_picked":["hexamod:NightmareGuise+1","hexamod:GhostLash+1","hexamod:StepThrough"],"picked":"SKIP","floor":21}],"player_experience":358930,"relics_obtained":[{"floor":7,"key":"Strawberry"},{"floor":20,"key":"Regal Pillow"}],"event_choices":[{"cards_removed":["Parasite"],"damage_healed":0,"gold_gain":0,"player_choice":"Card Removal","damage_taken":0,"max_hp_gain":0,"max_hp_loss":0,"event_name":"The Cleric","floor":4,"gold_loss":0}],"is_beta":false,"boss_relics":[{"not_picked":["Snecko Eye","Sozu"],"picked":"Black Star"}],"items_purged_floors":[],"is_endless":false,"potions_floor_spawned":[2,11,14,15,19],"killed_by":"Cultist and Chosen","ascension_level":0}}