{"host":"baymyijz6sxaqj5s","time":1610992338,"event":{"mods":["AchievementEnabler","BaseMod","Colored Map","Colored Powertips","DeckTracker","Highlight Path","KOR Keyword Fix","Keyboard Shortcuts","Minty Spire (QoL Compilation)","StSLib","SuperFastMode","everything is the same but u backflip on backflip"],"gold_per_floor":[118,128,128,151,171,171,191,191,215,215,234,234,247,258,258,358,358,377,302,315,230,254,266,278,301,313,336,348,360,23,35,35,131,131,150,166,166,166,216,216,141,156,156,182,196,216,17,28,28,28,28],"floor_reached":50,"language":"KOR","playtime":2157,"items_purged":["Strike_G+1","Well Laid Plans+1"],"score":529,"play_id":"088994a4-4174-4214-96ce-0363970f5bb7","local_time":"20210119025218","is_ascension_mode":true,"campfire_choices":[{"data":"Deadly Poison","floor":6.0,"key":"SMITH"},{"data":"Outmaneuver","floor":10.0,"key":"SMITH"},{"data":"Neutralize","floor":12.0,"key":"SMITH"},{"floor":15.0,"key":"REST"},{"floor":23.0,"key":"REST"},{"floor":28.0,"key":"REST"},{"data":"Tactician","floor":32.0,"key":"SMITH"},{"data":"Apotheosis","floor":40,"key":"SMITH"},{"floor":49,"key":"REST"}],"circlet_count":0,"master_deck":["Defend_G+1","Defend_G+1","Defend_G+1","Defend_G+1","Defend_G+1","Survivor+1","Neutralize+1","Outmaneuver+1","Deadly Poison+1","Bane","Escape Plan","Tactician+1","Grand Finale+1","Poisoned Stab+1","Dash+1","Blur","Footwork+1","Catalyst","Backflip","Apotheosis+1","Deadly Poison","Deadly Poison+1","Burst","Deadly Poison+1","Prepared+1"],"relics":["Ring of the Snake","War Paint","Snake Skull","Astrolabe","MawBank","Nunchaku","Lee\u0027s Waffle","Runic Pyramid","Prayer Wheel","The Courier","PreservedInsect","Bag of Marbles"],"acts_visited":["Exordium","TheCity","TheBeyond"],"potions_floor_usage":[39,45,48],"damage_taken":[{"damage":0.0,"enemies":"Cultist","floor":1.0,"turns":5.0},{"damage":2.0,"enemies":"Small Slimes","floor":2.0,"turns":8.0},{"damage":7.0,"enemies":"Jaw Worm","floor":5.0,"turns":6.0},{"damage":8.0,"enemies":"Blue Slaver","floor":7.0,"turns":5.0},{"damage":19.0,"enemies":"Gremlin Gang","floor":11.0,"turns":6.0},{"damage":3.0,"enemies":"Exordium Wildlife","floor":13.0,"turns":7.0},{"damage":2.0,"enemies":"3 Louse","floor":14.0,"turns":5.0},{"damage":23.0,"enemies":"Hexaghost","floor":16.0,"turns":11.0},{"damage":29.0,"enemies":"Spheric Guardian","floor":18.0,"turns":7.0},{"damage":6.0,"enemies":"2 Thieves","floor":19.0,"turns":5.0},{"damage":1.0,"enemies":"Shelled Parasite and Fungi","floor":20.0,"turns":3.0},{"damage":8.0,"enemies":"Centurion and Healer","floor":22.0,"turns":10.0},{"damage":10.0,"enemies":"Snake Plant","floor":25.0,"turns":4.0},{"damage":8.0,"enemies":"Cultist and Chosen","floor":27.0,"turns":8.0},{"damage":8.0,"enemies":"Shelled Parasite and Fungi","floor":31.0,"turns":6.0},{"damage":36.0,"enemies":"Champ","floor":33.0,"turns":12.0},{"damage":1,"enemies":"3 Shapes","floor":35,"turns":7},{"damage":0,"enemies":"Orb Walker","floor":36,"turns":5},{"damage":0,"enemies":"Mind Bloom Boss Battle","floor":39,"turns":5},{"damage":0,"enemies":"Maw","floor":42,"turns":7},{"damage":12,"enemies":"4 Shapes","floor":45,"turns":10},{"damage":0,"enemies":"Spire Growth","floor":46,"turns":5},{"damage":5,"enemies":"Writhing Mass","floor":48,"turns":5},{"damage":93,"enemies":"Donu and Deca","floor":50,"turns":13}],"seed_played":"3527036620115696256","potions_obtained":[{"floor":1.0,"key":"PowerPotion"},{"floor":5.0,"key":"Weak Potion"},{"floor":7.0,"key":"Swift Potion"},{"floor":13.0,"key":"Block Potion"},{"floor":14.0,"key":"CunningPotion"},{"floor":20.0,"key":"Swift Potion"},{"floor":22.0,"key":"AttackPotion"},{"floor":31.0,"key":"SkillPotion"},{"floor":35,"key":"DuplicationPotion"},{"floor":42,"key":"CunningPotion"},{"floor":45,"key":"Energy Potion"}],"is_trial":false,"path_per_floor":["M","M","?","T","M","R","M","?","T","R","M","R","M","M","R","B",null,"M","M","M","?","M","R","?","M","T","M","R","?","$","M","R","B",null,"M","M","?","?","?","R","$","M","T","T","M","M","$","M","R","B"],"character_chosen":"THE_SILENT","items_purchased":["Lee\u0027s Waffle","Apotheosis","Bag of Marbles"],"campfire_rested":4,"item_purchase_floors":[30,30,47],"current_hp_per_floor":[77,75,75,75,68,68,60,60,60,60,41,41,38,36,59,36,77,48,42,41,41,33,56,56,46,46,38,61,61,84,76,76,40,84,83,83,83,80,80,80,80,80,80,80,68,68,68,63,80,0,0],"gold":28,"neow_bonus":"TEN_PERCENT_HP_BONUS","is_daily":false,"chose_seed":false,"campfire_upgraded":5,"win_rate":0.0,"timestamp":1610992338,"path_taken":["M","?","?","?","M","R","M","?","T","R","M","R","M","M","R","BOSS","M","?","M","?","M","R","?","M","T","M","R","?","?","?","R","BOSS","M","M","?","?","?","R","$","M","T","?","M","M","$","M","R","BOSS"],"items_purchased_type":["Relic","Card","Relic"],"build_version":"2020-12-22","purchased_purges":2,"victory":false,"max_hp_per_floor":[77,77,77,77,77,77,77,77,77,77,77,77,77,77,77,77,77,77,77,77,77,77,77,77,77,77,77,77,77,84,84,84,84,84,84,84,84,80,80,80,80,80,80,80,80,80,80,80,80,80,80],"card_choices":[{"not_picked":["Dash","Predator"],"picked":"Outmaneuver","floor":1.0},{"not_picked":["Cloak And Dagger","Bane","Acrobatics"],"picked":"SKIP","floor":2.0},{"not_picked":["Deflect","Dagger Spray"],"picked":"Deadly Poison","floor":5.0},{"not_picked":["Expertise","PiercingWail","Dodge and Roll"],"picked":"SKIP","floor":7.0},{"not_picked":["Underhanded Strike","Night Terror"],"picked":"Bane","floor":11.0},{"not_picked":["Skewer","Underhanded Strike"],"picked":"Escape Plan","floor":13.0},{"not_picked":["Skewer","Underhanded Strike"],"picked":"Tactician","floor":14.0},{"not_picked":["Dagger Throw","Underhanded Strike"],"picked":"Blur","floor":18.0},{"not_picked":["Sucker Punch","Bane","Predator"],"picked":"SKIP","floor":19.0},{"not_picked":["Blade Dance+1","Tools of the Trade"],"picked":"Footwork+1","floor":20.0},{"not_picked":["All Out Attack","Bane"],"picked":"Catalyst","floor":22.0},{"not_picked":["Infinite Blades+1","Sucker Punch","Cloak And Dagger"],"picked":"SKIP","floor":25.0},{"not_picked":["Dodge and Roll","Eviscerate","Underhanded Strike+1"],"picked":"SKIP","floor":27.0},{"not_picked":["Poisoned Stab","Predator"],"picked":"Well Laid Plans+1","floor":31.0},{"not_picked":["Masterful Stab","Sucker Punch+1"],"picked":"Deadly Poison","floor":35},{"not_picked":["Acrobatics+1","Cloak And Dagger"],"picked":"Deadly Poison+1","floor":36},{"not_picked":["Deadly Poison","Dagger Spray+1"],"picked":"Burst","floor":42},{"not_picked":["Terror","Poisoned Stab","Bouncing Flask"],"picked":"SKIP","floor":42},{"not_picked":["Sucker Punch","Endless Agony"],"picked":"Deadly Poison+1","floor":45},{"not_picked":["Distraction","Flying Knee","Deflect"],"picked":"SKIP","floor":45},{"not_picked":["Blade Dance+1","Quick Slash+1"],"picked":"Prepared+1","floor":46},{"not_picked":["Leg Sweep+1","Acrobatics+1","Deflect"],"picked":"SKIP","floor":46},{"not_picked":["Dagger Throw+1","Phantasmal Killer","Underhanded Strike+1"],"picked":"SKIP","floor":48},{"not_picked":["Outmaneuver","Finisher","Slice+1"],"picked":"SKIP","floor":48}],"player_experience":54595,"relics_obtained":[{"floor":4.0,"key":"War Paint"},{"floor":9.0,"key":"Snake Skull"},{"floor":26.0,"key":"Nunchaku"},{"floor":39,"key":"Prayer Wheel"},{"floor":43,"key":"The Courier"},{"floor":44,"key":"PreservedInsect"}],"event_choices":[{"damage_healed":0.0,"max_hp_gain":0.0,"max_hp_loss":0.0,"gold_gain":0.0,"event_name":"Living Wall","player_choice":"Grow","floor":3.0,"gold_loss":0.0,"damage_taken":0.0,"cards_upgraded":["Survivor"]},{"damage_healed":0.0,"max_hp_gain":0.0,"max_hp_loss":0.0,"gold_gain":0.0,"cards_transformed":["Strike_G"],"event_name":"Transmorgrifier","player_choice":"Transformed","floor":8.0,"gold_loss":0.0,"damage_taken":0.0,"cards_obtained":["Flechettes"]},{"damage_healed":0.0,"max_hp_gain":0.0,"max_hp_loss":0.0,"gold_gain":0.0,"event_name":"Addict","player_choice":"Obtained Relic","floor":21.0,"gold_loss":85.0,"damage_taken":0.0,"relics_obtained":["MawBank"]},{"damage_healed":0.0,"max_hp_gain":0.0,"max_hp_loss":0.0,"gold_gain":0.0,"event_name":"The Library","player_choice":"Read","floor":24.0,"gold_loss":0.0,"damage_taken":0.0,"cards_obtained":["Backflip"]},{"damage_healed":0.0,"max_hp_gain":0.0,"max_hp_loss":0.0,"gold_gain":0.0,"event_name":"Back to Basics","player_choice":"Simplicity","floor":29.0,"gold_loss":0.0,"damage_taken":0.0,"cards_upgraded":["Strike_G","Defend_G","Defend_G","Defend_G"]},{"cards_removed":["Flechettes"],"damage_healed":0,"gold_gain":0,"player_choice":"Removed Attack","damage_taken":0,"max_hp_gain":0,"max_hp_loss":0,"event_name":"Falling","floor":37,"gold_loss":0},{"damage_healed":0,"gold_gain":0,"player_choice":"Max HP","damage_taken":0,"max_hp_gain":0,"max_hp_loss":4,"event_name":"Winding Halls","floor":38,"gold_loss":0},{"damage_healed":0,"gold_gain":0,"player_choice":"Fight","damage_taken":0,"max_hp_gain":0,"max_hp_loss":0,"event_name":"MindBloom","floor":39,"gold_loss":0}],"is_beta":false,"boss_relics":[{"not_picked":["Empty Cage","Coffee Dripper"],"picked":"Astrolabe"},{"not_picked":["Ring of the Serpent","Velvet Choker"],"picked":"Runic Pyramid"}],"items_purged_floors":[41,47],"is_endless":false,"potions_floor_spawned":[1,5,7,13,14,20,22,31,35,42,45],"killed_by":"Donu and Deca","ascension_level":3}}