{"host":"Kdaddybrian","time":1610947842,"event":{"mods":["AchievementEnabler","BaseMod","Bestiary","Colored Powertips","Minty Spire (QoL Compilation)","Potion Indicator Mod","Quick Restart","Rare Cards Sparkle","Relic Stats","StSLib","Uncapped"],"gold_per_floor":[12,12,22,32,32,73,73,107,107,107,107],"floor_reached":10,"language":"ENG","playtime":642,"items_purged":[],"score":84,"play_id":"c4289c56-bb4d-48fc-8424-76e67d90110e","local_time":"20210118003042","is_ascension_mode":true,"campfire_choices":[{"floor":7.0,"key":"REST"}],"circlet_count":0,"master_deck":["Strike_P","Strike_P","Strike_P","Strike_P","Defend_P","Defend_P","Defend_P","Defend_P","Eruption+1","Vigilance","Violence","FollowUp","FlyingSleeves","WaveOfTheHand","ThirdEye","FlurryOfBlows"],"relics":["PureWater","Golden Idol","Blue Candle","TungstenRod","TeardropLocket"],"acts_visited":["Exordium"],"potions_floor_usage":[8],"damage_taken":[{"damage":6.0,"enemies":"Small Slimes","floor":1.0,"turns":4.0},{"damage":9.0,"enemies":"2 Louse","floor":3.0,"turns":3.0},{"damage":4.0,"enemies":"Jaw Worm","floor":4.0,"turns":5.0},{"damage":31.0,"enemies":"3 Sentries","floor":6.0,"turns":12.0},{"damage":18,"enemies":"Lagavulin","floor":8,"turns":10},{"damage":28,"enemies":"Gremlin Nob","floor":10,"turns":4}],"seed_played":"-2303144580344459301","potions_obtained":[{"floor":4.0,"key":"BlessingOfTheForge"}],"is_trial":false,"path_per_floor":["M","?","M","M","?","E","R","E","T","E"],"character_chosen":"WATCHER","items_purchased":[],"campfire_rested":1,"item_purchase_floors":[],"current_hp_per_floor":[66,66,57,53,53,22,42,24,24,0,0],"gold":107,"neow_bonus":"RANDOM_COLORLESS_2","is_daily":false,"chose_seed":false,"campfire_upgraded":0,"win_rate":0.0,"timestamp":1610947842,"path_taken":["M","?","M","M","?","E","R","E","T","E"],"items_purchased_type":[],"build_version":"2020-12-18","purchased_purges":0,"victory":false,"max_hp_per_floor":[72,72,72,72,67,67,67,67,67,67,67],"relic_stats":{"counters":[6,38],"Golden Idol":15,"Blue Candle":[0],"obtain_stats":[{"Golden Idol":5,"Blue Candle":6,"TeardropLocket":9,"PureWater":0,"TungstenRod":8},{"Golden Idol":3,"Blue Candle":4,"TeardropLocket":5,"PureWater":0,"TungstenRod":5},{"Golden Idol":12,"Blue Candle":24,"TeardropLocket":34,"PureWater":0,"TungstenRod":34}],"TungstenRod":3},"card_choices":[{"not_picked":["Panache","The Bomb"],"picked":"Violence","floor":0.0},{"not_picked":["CrushJoints","Prostrate"],"picked":"FollowUp","floor":1.0},{"not_picked":["DeceiveReality","Crescendo"],"picked":"FlyingSleeves","floor":3.0},{"not_picked":["SignatureMove","Sanctity"],"picked":"WaveOfTheHand","floor":4.0},{"not_picked":["DeusExMachina","MentalFortress"],"picked":"ThirdEye","floor":6.0},{"not_picked":["Evaluate","Judgement"],"picked":"FlurryOfBlows","floor":8}],"player_experience":2966520,"relics_obtained":[{"floor":6.0,"key":"Blue Candle"},{"floor":8,"key":"TungstenRod"},{"floor":9,"key":"TeardropLocket"}],"event_choices":[{"damage_healed":0.0,"max_hp_gain":0.0,"max_hp_loss":0.0,"gold_gain":0.0,"event_name":"Living Wall","player_choice":"Grow","floor":2.0,"gold_loss":0.0,"damage_taken":0.0,"cards_upgraded":["Eruption"]},{"damage_healed":0.0,"max_hp_gain":0.0,"max_hp_loss":5.0,"gold_gain":0.0,"event_name":"Golden Idol","player_choice":"Lose Max HP","floor":5.0,"gold_loss":0.0,"damage_taken":0.0,"relics_obtained":["Golden Idol"]}],"is_beta":true,"boss_relics":[],"items_purged_floors":[],"is_endless":false,"potions_floor_spawned":[4],"killed_by":"Gremlin Nob","ascension_level":2}}