{"host":"5cnm2qapaqj5mmu7","time":1610993848,"event":{"mods":["BaseMod","Bestiary","Colored Map","Filter the Spire","Minty Spire (QoL Compilation)","StSLib"],"gold_per_floor":[118,118,128,141,159,185,185,220,267,267,285,285,326,276,276,387,387,411,169,169,190,209,253,253,153,153,153,178,178,149,193,193,297,597,617,617,546,575,598,598,633,217,240,262,276,236,246,262,271,271],"floor_reached":51,"language":"ENG","playtime":2581,"items_purged":["Strike_B","Strike_B"],"score":921,"play_id":"bb112888-f0f1-40a4-912f-76051f1eff23","local_time":"20210118191728","is_ascension_mode":true,"campfire_choices":[{"data":"Genetic Algorithm","floor":7.0,"key":"SMITH"},{"data":"Self Repair","floor":10.0,"key":"SMITH"},{"data":"Biased Cognition","floor":12.0,"key":"SMITH"},{"floor":15.0,"key":"REST"},{"data":"Echo Form","floor":24,"key":"SMITH"},{"data":"Lockon","floor":27,"key":"SMITH"},{"data":"Ball Lightning","floor":29,"key":"SMITH"},{"data":"Capacitor","floor":32,"key":"SMITH"},{"data":"Storm","floor":40,"key":"SMITH"},{"floor":49,"key":"REST"}],"circlet_count":0,"master_deck":["Strike_B","Defend_B","Defend_B","Defend_B","Defend_B","Zap","Dualcast","Ball Lightning+1","Sweeping Beam","Self Repair+1","Genetic Algorithm+1","Biased Cognition+1","Auto Shields","Conserve Battery","Ball Lightning+1","Echo Form+1","BootSequence","Lockon+1","Sunder+1","Go for the Eyes","Double Energy+1","Capacitor+1","Seek","Ball Lightning+1","Storm+1","Static Discharge+1","Consume+1","Aggregate+1","Go for the Eyes"],"relics":["Sozu","InkBottle","Bottled Tornado","Bag of Preparation","CeramicFish","Runic Pyramid","ClockworkSouvenir","GremlinMask","Emotion Chip","Omamori","Boot","Ancient Tea Set","Calling Bell","Oddly Smooth Stone","Symbiotic Virus","Old Coin","Letter Opener","OrangePellets","Cables","Dream Catcher"],"acts_visited":["Exordium","TheCity","TheBeyond"],"potions_floor_usage":[],"damage_taken":[{"damage":0.0,"enemies":"Small Slimes","floor":1.0,"turns":4.0},{"damage":0.0,"enemies":"Cultist","floor":3.0,"turns":3.0},{"damage":7.0,"enemies":"Jaw Worm","floor":4.0,"turns":2.0},{"damage":16.0,"enemies":"3 Louse","floor":5.0,"turns":3.0},{"damage":24.0,"enemies":"3 Sentries","floor":6.0,"turns":5.0},{"damage":33.0,"enemies":"Gremlin Nob","floor":8.0,"turns":4.0},{"damage":3.0,"enemies":"Red Slaver","floor":11.0,"turns":4.0},{"damage":15.0,"enemies":"3 Sentries","floor":13.0,"turns":5.0},{"damage":7,"enemies":"Hexaghost","floor":16,"turns":9},{"damage":7,"enemies":"Shell Parasite","floor":18,"turns":4},{"damage":5,"enemies":"2 Thieves","floor":21,"turns":3},{"damage":0,"enemies":"Snecko","floor":22,"turns":4},{"damage":17,"enemies":"Book of Stabbing","floor":23,"turns":4},{"damage":25,"enemies":"Gremlin Leader","floor":28,"turns":5},{"damage":5,"enemies":"Slavers","floor":31,"turns":4},{"damage":6,"enemies":"Collector","floor":33,"turns":8},{"damage":0,"enemies":"3 Shapes","floor":35,"turns":4},{"damage":24,"enemies":"3 Darklings","floor":38,"turns":4},{"damage":24,"enemies":"Transient","floor":39,"turns":5},{"damage":31,"enemies":"Nemesis","floor":41,"turns":4},{"damage":9,"enemies":"Sphere and 2 Shapes","floor":44,"turns":3},{"damage":1,"enemies":"Maw","floor":45,"turns":5},{"damage":0,"enemies":"3 Darklings","floor":47,"turns":4},{"damage":5,"enemies":"Sphere and 2 Shapes","floor":48,"turns":3},{"damage":41,"enemies":"Donu and Deca","floor":50,"turns":5}],"seed_played":"2029436719236051154","potions_obtained":[],"is_trial":false,"path_per_floor":["M","?","M","M","M","E","R","E","T","R","M","R","E","?","R","B",null,"M","$","?","M","M","E","R","$","T","R","E","R","$","E","R","B",null,"M","?","$","M","M","R","E","$","T","M","M","?","M","M","R","B",null],"character_chosen":"DEFECT","items_purchased":["ClockworkSouvenir","Lockon","Double Energy","Storm","OrangePellets","Cables"],"campfire_rested":2,"item_purchase_floors":[19,19,30,37,42,42],"current_hp_per_floor":[75,75,75,68,59,42,42,16,16,16,23,23,18,18,40,43,75,75,75,75,75,75,68,68,68,68,68,53,53,53,58,58,62,75,75,75,75,61,47,47,26,26,26,27,36,36,46,51,73,42],"gold":271,"neow_bonus":"BOSS_RELIC","is_daily":false,"chose_seed":false,"campfire_upgraded":8,"win_rate":0.0,"timestamp":1610993848,"path_taken":["M","?","?","M","M","E","R","E","T","R","M","R","E","?","R","BOSS","M","$","?","M","?","E","R","$","T","R","E","R","?","E","R","BOSS","M","?","?","M","M","R","E","$","T","M","?","?","?","M","R","BOSS"],"items_purchased_type":["Relic","Card","Card","Card","Relic","Relic"],"build_version":"2020-12-22","purchased_purges":2,"victory":true,"max_hp_per_floor":[75,75,75,75,75,75,75,75,75,75,75,75,75,75,75,75,75,75,75,75,75,75,75,75,75,75,75,75,75,75,75,75,75,75,75,75,75,75,75,75,75,75,75,75,75,75,75,75,75,75],"card_choices":[{"not_picked":["Cold Snap","Redo"],"picked":"Ball Lightning","floor":1.0},{"not_picked":["Rebound","Turbo"],"picked":"Sweeping Beam","floor":3.0},{"not_picked":["Aggregate","Barrage"],"picked":"Self Repair","floor":4.0},{"not_picked":["Fusion","Melter"],"picked":"Genetic Algorithm","floor":5.0},{"not_picked":["Ball Lightning","Coolheaded"],"picked":"Biased Cognition","floor":6.0},{"not_picked":["Reboot","Steam Power"],"picked":"Auto Shields","floor":8.0},{"not_picked":["Ball Lightning","Reprogram"],"picked":"Conserve Battery","floor":11.0},{"not_picked":["Thunder Strike","Cold Snap"],"picked":"Ball Lightning","floor":13.0},{"not_picked":["Machine Learning","Amplify"],"picked":"Echo Form","floor":16},{"not_picked":["Leap","Chaos"],"picked":"BootSequence","floor":18},{"not_picked":["Force Field","Rebound"],"picked":"Sunder+1","floor":21},{"not_picked":["Glacier","Cold Snap","BootSequence"],"picked":"SKIP","floor":22},{"not_picked":["Rip and Tear","Gash"],"picked":"Go for the Eyes","floor":23},{"not_picked":["Coolheaded","Ball Lightning","BootSequence"],"picked":"SKIP","floor":28},{"not_picked":["Beam Cell","Loop+1"],"picked":"Capacitor","floor":31},{"not_picked":["Reboot","Rainbow"],"picked":"Seek","floor":33},{"not_picked":["Steam","Go for the Eyes"],"picked":"Ball Lightning+1","floor":35},{"not_picked":["Chaos+1","Beam Cell"],"picked":"Static Discharge+1","floor":38},{"not_picked":["Rebound","Stack+1"],"picked":"Consume","floor":39},{"not_picked":["Steam Power+1","BootSequence","Coolheaded+1"],"picked":"SKIP","floor":41},{"not_picked":["Reboot","Gash+1"],"picked":"Aggregate+1","floor":44},{"not_picked":["Redo+1","Recycle+1","FTL+1"],"picked":"SKIP","floor":45},{"not_picked":["Rebound+1","Force Field","Conserve Battery+1"],"picked":"SKIP","floor":47},{"not_picked":["Rebound+1","Sunder","Redo"],"picked":"SKIP","floor":48},{"not_picked":["Meteor Strike","Leap"],"picked":"Go for the Eyes","floor":49}],"player_experience":566261,"relics_obtained":[{"floor":6.0,"key":"InkBottle"},{"floor":8.0,"key":"Bottled Tornado"},{"floor":9.0,"key":"Bag of Preparation"},{"floor":13.0,"key":"CeramicFish"},{"floor":23,"key":"Emotion Chip"},{"floor":26,"key":"Omamori"},{"floor":28,"key":"Boot"},{"floor":31,"key":"Ancient Tea Set"},{"floor":34,"key":"Oddly Smooth Stone"},{"floor":34,"key":"Symbiotic Virus"},{"floor":34,"key":"Old Coin"},{"floor":41,"key":"Letter Opener"},{"floor":43,"key":"Dream Catcher"}],"event_choices":[{"damage_healed":0.0,"max_hp_gain":0.0,"max_hp_loss":0.0,"gold_gain":0.0,"event_name":"Accursed Blacksmith","player_choice":"Forge","floor":2.0,"gold_loss":0.0,"damage_taken":0.0,"cards_upgraded":["Ball Lightning"]},{"cards_removed":["Strike_B"],"damage_healed":0.0,"max_hp_gain":0.0,"max_hp_loss":0.0,"gold_gain":0.0,"event_name":"The Cleric","player_choice":"Card Removal","floor":14.0,"gold_loss":50.0,"damage_taken":0.0},{"damage_healed":0,"gold_gain":0,"player_choice":"Trade","damage_taken":0,"relics_obtained":["GremlinMask"],"max_hp_gain":0,"max_hp_loss":0,"event_name":"FaceTrader","floor":20,"gold_loss":0},{"damage_healed":0,"gold_gain":0,"player_choice":"Upgraded","damage_taken":0,"max_hp_gain":0,"max_hp_loss":0,"event_name":"Upgrade Shrine","floor":36,"gold_loss":0,"cards_upgraded":["Double Energy"]},{"damage_healed":0,"gold_gain":0,"player_choice":"Upgrade","damage_taken":0,"max_hp_gain":0,"max_hp_loss":0,"event_name":"Designer","floor":46,"gold_loss":40,"cards_upgraded":["Consume"]}],"is_beta":false,"boss_relics":[{"not_picked":["SlaversCollar","Fusion Hammer"],"picked":"Runic Pyramid"},{"not_picked":["Nuclear Battery","Astrolabe"],"picked":"Calling Bell"}],"items_purged_floors":[19,25],"is_endless":false,"potions_floor_spawned":[4,8,11,18,21,31,35,38,44],"ascension_level":4}}