{"host":"k8gerrcpv9xe1nxe","time":1610952574,"event":{"mods":["2.2 Compatiblity","AchievementEnabler","BaseMod","Bestiary","Minty Spire (QoL Compilation)","Relic Stats","StSLib"],"gold_per_floor":[112,130,95,112,112,143,143,171,195,195,195,205,205,238,238,238,238],"floor_reached":16,"language":"ENG","playtime":458,"items_purged":[],"score":177,"play_id":"d186d4f6-da8a-44f7-abf6-d4b9ffad4034","local_time":"20210118014934","is_ascension_mode":true,"campfire_choices":[{"floor":7,"key":"REST"},{"data":"Rage","floor":10,"key":"SMITH"},{"data":"Flame Barrier","floor":13,"key":"SMITH"},{"floor":15,"key":"REST"}],"circlet_count":0,"master_deck":["AscendersBane","Strike_R","Strike_R","Strike_R","Strike_R","Defend_R","Defend_R","Defend_R","Defend_R","Bash","Hemokinesis","Anger","Flame Barrier+1","Cleave","Offering","Dropkick","Rage+1","Pommel Strike","True Grit","Sentinel"],"relics":["Runic Pyramid","Centennial Puzzle","Dream Catcher","Strawberry","Bronze Scales","Gremlin Horn"],"acts_visited":["Exordium"],"potions_floor_usage":[8,8,14],"damage_taken":[{"damage":1,"enemies":"Cultist","floor":1,"turns":3},{"damage":6,"enemies":"2 Louse","floor":2,"turns":2},{"damage":9,"enemies":"Jaw Worm","floor":4,"turns":3},{"damage":25,"enemies":"3 Sentries","floor":6,"turns":7},{"damage":12,"enemies":"Gremlin Nob","floor":8,"turns":3},{"damage":7,"enemies":"Exordium Wildlife","floor":12,"turns":4},{"damage":33,"enemies":"Lagavulin","floor":14,"turns":3},{"damage":33,"enemies":"Hexaghost","floor":16,"turns":9}],"seed_played":"6757654880798935160","potions_obtained":[{"floor":1,"key":"EssenceOfSteel"},{"floor":4,"key":"Regen Potion"},{"floor":6,"key":"Energy Potion"}],"is_trial":false,"path_per_floor":["M","M","$","M","?","E","R","E","T","R","?","M","R","E","R","B"],"character_chosen":"IRONCLAD","items_purchased":["Flame Barrier"],"campfire_rested":2,"item_purchase_floors":[3],"current_hp_per_floor":[71,65,65,56,44,19,43,38,38,38,38,31,31,3,29,0,0],"gold":238,"neow_bonus":"BOSS_RELIC","is_daily":false,"chose_seed":false,"campfire_upgraded":2,"win_rate":0.0,"timestamp":1610952574,"path_taken":["M","M","$","?","?","E","R","E","T","R","?","?","R","E","R","BOSS"],"items_purchased_type":["Card"],"build_version":"2020-12-22","purchased_purges":0,"victory":false,"max_hp_per_floor":[80,80,80,80,80,80,80,87,87,87,87,87,87,87,87,87,87],"relic_stats":{"Centennial Puzzle":[15],"Dream Catcher":2,"Gremlin Horn":[0,0],"counters":[8,34],"Bronze Scales":[54],"obtain_stats":[{"Centennial Puzzle":5,"Dream Catcher":6,"Gremlin Horn":14,"Strawberry":8,"Bronze Scales":9,"Burning Blood":0,"Runic Pyramid":0},{"Centennial Puzzle":3,"Dream Catcher":4,"Gremlin Horn":7,"Strawberry":5,"Bronze Scales":5,"Burning Blood":0,"Runic Pyramid":0},{"Centennial Puzzle":8,"Dream Catcher":15,"Gremlin Horn":25,"Strawberry":18,"Bronze Scales":18,"Burning Blood":0,"Runic Pyramid":0}]},"card_choices":[{"not_picked":["Intimidate","Armaments"],"picked":"Hemokinesis","floor":1},{"not_picked":["Cleave","Flex"],"picked":"Anger","floor":2},{"not_picked":["Entrench","Iron Wave"],"picked":"Cleave","floor":4},{"not_picked":["Dual Wield","Body Slam"],"picked":"Offering","floor":6},{"not_picked":["Body Slam","Shrug It Off"],"picked":"Dropkick","floor":7},{"not_picked":["Heavy Blade","Twin Strike"],"picked":"Rage","floor":8},{"not_picked":["Dark Embrace","Cleave"],"picked":"Pommel Strike","floor":12},{"not_picked":["Flame Barrier","Warcry"],"picked":"True Grit","floor":14},{"not_picked":["Body Slam","True Grit"],"picked":"Sentinel","floor":15}],"player_experience":140506,"relics_obtained":[{"floor":6,"key":"Dream Catcher"},{"floor":8,"key":"Strawberry"},{"floor":9,"key":"Bronze Scales"},{"floor":14,"key":"Gremlin Horn"}],"event_choices":[{"damage_healed":0,"gold_gain":0,"player_choice":"Success","damage_taken":12,"relics_obtained":["Centennial Puzzle"],"max_hp_gain":0,"max_hp_loss":0,"event_name":"Scrap Ooze","floor":5,"gold_loss":0},{"cards_removed":["Strike_R"],"damage_healed":0,"gold_gain":0,"player_choice":"Purged","damage_taken":0,"max_hp_gain":0,"max_hp_loss":0,"event_name":"Purifier","floor":11,"gold_loss":0}],"is_beta":false,"boss_relics":[],"items_purged_floors":[],"is_endless":false,"potions_floor_spawned":[1,4,6],"killed_by":"Hexaghost","ascension_level":10}}