{"host":"9tzam4717zt8ei1o","time":1610970051,"event":{"mods":["BaseMod","Colored Map","Keyboard Shortcuts","Minty Spire (QoL Compilation)","Quick Restart","StSLib","SuperFastMode"],"gold_per_floor":[119,8,183,133,133,165,165,181,181,197,52,64,64,64,64,169,169,186,186,199,199,199,199,233,20,20,33,66,79,62,79,79,182,182,197,49,68,43,53,82,82,107,131,151,170,46,66,66,66,66],"floor_reached":51,"language":"KOR","playtime":1158,"items_purged":["Strike_G","Strike_G","Strike_G","Defend_G","Defend_G"],"score":961,"play_id":"2eb352ea-afe5-4c67-855f-56c144b7a31d","local_time":"20210118204051","is_ascension_mode":true,"campfire_choices":[{"data":"Accuracy","floor":7,"key":"SMITH"},{"data":"Eviscerate","floor":13,"key":"SMITH"},{"data":"Neutralize","floor":15,"key":"SMITH"},{"data":"Adrenaline","floor":23,"key":"SMITH"},{"data":"Acrobatics","floor":32,"key":"SMITH"},{"data":"Tactician","floor":41,"key":"SMITH"},{"data":"Calculated Gamble","floor":49,"key":"SMITH"}],"circlet_count":0,"master_deck":["Defend_G","Defend_G","Survivor","Neutralize+1","Blade Dance","Accuracy+1","Eviscerate+1","Dagger Throw","Adrenaline+1","PiercingWail+1","Deflect","Well Laid Plans","Acrobatics+1","Eviscerate","Tactician+1","Phantasmal Killer","Acrobatics","Acrobatics","Calculated Gamble+1"],"relics":["Ring of the Snake","NeowsBlessing","Pen Nib","Oddly Smooth Stone","Orichalcum","White Beast Statue","SacredBark","Toy Ornithopter","Membership Card","Kunai","Paper Crane","Empty Cage","Medical Kit","Centennial Puzzle","MealTicket","FossilizedHelix"],"acts_visited":["Exordium","TheCity","TheBeyond"],"potions_floor_usage":[20,27,28,28,33,40,40],"damage_taken":[{"damage":0,"enemies":"Jaw Worm","floor":1,"turns":1},{"damage":0,"enemies":"3 Sentries","floor":6,"turns":2},{"damage":0,"enemies":"2 Louse","floor":8,"turns":1},{"damage":0,"enemies":"Cultist","floor":10,"turns":2},{"damage":3,"enemies":"Blue Slaver","floor":12,"turns":2},{"damage":18,"enemies":"The Guardian","floor":16,"turns":11},{"damage":14,"enemies":"2 Thieves","floor":18,"turns":4},{"damage":0,"enemies":"Chosen","floor":20,"turns":4},{"damage":27,"enemies":"Book of Stabbing","floor":24,"turns":5},{"damage":0,"enemies":"Snake Plant","floor":27,"turns":5},{"damage":0,"enemies":"Slavers","floor":28,"turns":2},{"damage":3,"enemies":"Centurion and Healer","floor":29,"turns":5},{"damage":1,"enemies":"Chosen and Byrds","floor":31,"turns":5},{"damage":20,"enemies":"Collector","floor":33,"turns":13},{"damage":0,"enemies":"Orb Walker","floor":35,"turns":2},{"damage":18,"enemies":"3 Shapes","floor":37,"turns":4},{"damage":0,"enemies":"Spire Growth","floor":39,"turns":3},{"damage":5,"enemies":"Reptomancer","floor":40,"turns":5},{"damage":16,"enemies":"Giant Head","floor":42,"turns":6},{"damage":3,"enemies":"Writhing Mass","floor":44,"turns":3},{"damage":0,"enemies":"Jaw Worm Horde","floor":45,"turns":3},{"damage":0,"enemies":"Sphere and 2 Shapes","floor":47,"turns":2},{"damage":24,"enemies":"Awakened One","floor":50,"turns":9}],"seed_played":"6566903709998535069","potions_obtained":[{"floor":8,"key":"DistilledChaos"},{"floor":10,"key":"Ancient Potion"},{"floor":16,"key":"Explosive Potion"},{"floor":20,"key":"ColorlessPotion"},{"floor":24,"key":"Block Potion"},{"floor":27,"key":"DistilledChaos"},{"floor":28,"key":"AttackPotion"},{"floor":29,"key":"Block Potion"},{"floor":31,"key":"BlessingOfTheForge"},{"floor":33,"key":"Fruit Juice"},{"floor":35,"key":"FairyPotion"},{"floor":40,"key":"PowerPotion"},{"floor":42,"key":"SteroidPotion"}],"is_trial":false,"path_per_floor":["M","$","?","?","T","E","R","M","T","M","$","M","R","?","R","B",null,"M","?","M","$","?","R","E","$","T","M","E","M","$","M","R","B",null,"M","$","M","$","M","E","R","E","T","M","M","$","M","?","R","B",null],"character_chosen":"THE_SILENT","items_purchased":["Accuracy","Dagger Throw","Membership Card","Tactician","Medical Kit","Acrobatics","Calculated Gamble"],"campfire_rested":0,"item_purchase_floors":[2,11,25,30,36,38,46],"current_hp_per_floor":[70,70,70,70,70,70,70,70,70,70,70,67,67,64,64,46,70,56,56,56,56,43,43,16,16,16,21,31,28,28,27,27,22,85,85,85,67,67,67,72,72,56,56,53,53,68,68,68,68,44],"gold":66,"neow_bonus":"THREE_ENEMY_KILL","is_daily":false,"chose_seed":false,"campfire_upgraded":7,"win_rate":0.0,"timestamp":1610970051,"path_taken":["M","$","?","?","?","E","R","M","T","M","$","?","R","?","R","BOSS","M","?","M","?","?","R","E","$","T","M","E","?","$","M","R","BOSS","M","$","M","$","M","E","R","E","T","M","M","$","M","?","R","BOSS"],"items_purchased_type":["Card","Card","Relic","Card","Relic","Card","Card"],"build_version":"2020-12-22","purchased_purges":5,"victory":true,"max_hp_per_floor":[70,70,70,70,70,70,70,70,70,70,70,70,70,70,70,70,70,70,70,70,70,75,75,75,75,75,75,75,75,75,75,75,85,85,85,85,85,85,85,85,85,85,85,85,85,85,85,85,85,85],"card_choices":[{"not_picked":["Prepared","Caltrops"],"picked":"Blade Dance","floor":1},{"not_picked":["Quick Slash","Catalyst","Flying Knee"],"picked":"SKIP","floor":6},{"not_picked":["Dash","Underhanded Strike","Deadly Poison"],"picked":"SKIP","floor":8},{"not_picked":["Footwork","Terror"],"picked":"Eviscerate","floor":10},{"not_picked":["Accuracy","Sucker Punch","Dash"],"picked":"SKIP","floor":12},{"not_picked":["Venomology","Phantasmal Killer"],"picked":"Adrenaline","floor":16},{"not_picked":["Dagger Spray","Cloak And Dagger+1"],"picked":"PiercingWail+1","floor":18},{"not_picked":["Bane","Eviscerate"],"picked":"Well Laid Plans","floor":20},{"not_picked":["Deflect","Quick Slash+1","Bane"],"picked":"SKIP","floor":24},{"not_picked":["PiercingWail","Backflip+1"],"picked":"Acrobatics","floor":27},{"not_picked":["Storm of Steel","Bane+1","Outmaneuver"],"picked":"SKIP","floor":28},{"not_picked":["Finisher","Skewer"],"picked":"Eviscerate","floor":29},{"not_picked":["Riddle With Holes","Dagger Spray","Flechettes"],"picked":"SKIP","floor":31},{"not_picked":["Wraith Form v2","Die Die Die"],"picked":"Phantasmal Killer","floor":33},{"not_picked":["Footwork","Slice+1","Dodge and Roll"],"picked":"SKIP","floor":35},{"not_picked":["Dodge and Roll+1","Leg Sweep","Poisoned Stab"],"picked":"SKIP","floor":37},{"not_picked":["Bane","Poisoned Stab+1","Dagger Throw"],"picked":"SKIP","floor":39},{"not_picked":["Noxious Fumes","Underhanded Strike","Bouncing Flask"],"picked":"SKIP","floor":40},{"not_picked":["Slice","Cloak And Dagger","Quick Slash"],"picked":"SKIP","floor":42},{"not_picked":["Backflip+1","Footwork+1"],"picked":"Acrobatics","floor":44},{"not_picked":["Acrobatics","Dash+1","Flying Knee"],"picked":"SKIP","floor":45},{"not_picked":["Flying Knee","Blade Dance"],"picked":"Wraith Form v2","floor":47}],"player_experience":76411,"relics_obtained":[{"floor":5,"key":"Pen Nib"},{"floor":6,"key":"Oddly Smooth Stone"},{"floor":9,"key":"Orichalcum"},{"floor":24,"key":"Toy Ornithopter"},{"floor":26,"key":"Kunai"},{"floor":28,"key":"Paper Crane"},{"floor":40,"key":"Centennial Puzzle"},{"floor":42,"key":"MealTicket"}],"event_choices":[{"damage_healed":0,"gold_gain":175,"player_choice":"AGREE","damage_taken":0,"max_hp_gain":0,"max_hp_loss":0,"event_name":"Liars Game","floor":3,"gold_loss":0,"cards_obtained":["Doubt"]},{"cards_removed":["Doubt"],"damage_healed":0,"gold_gain":0,"player_choice":"Card Removal","damage_taken":0,"max_hp_gain":0,"max_hp_loss":0,"event_name":"The Cleric","floor":4,"gold_loss":50},{"damage_healed":0,"gold_gain":0,"player_choice":"Success","damage_taken":3,"relics_obtained":["White Beast Statue"],"max_hp_gain":0,"max_hp_loss":0,"event_name":"Scrap Ooze","floor":14,"gold_loss":0},{"damage_healed":0,"gold_gain":0,"cards_transformed":["Strike_G"],"player_choice":"Transformed","damage_taken":0,"max_hp_gain":0,"max_hp_loss":0,"event_name":"Transmorgrifier","floor":19,"gold_loss":0,"cards_obtained":["Deflect"]},{"damage_healed":0,"gold_gain":0,"player_choice":"Shed Blood","damage_taken":18,"max_hp_gain":5,"max_hp_loss":0,"event_name":"Forgotten Altar","floor":22,"gold_loss":0},{"cards_removed":["Wraith Form v2"],"damage_healed":0,"gold_gain":0,"player_choice":"Gave Card","damage_taken":0,"relics_obtained":["FossilizedHelix"],"max_hp_gain":0,"max_hp_loss":0,"event_name":"WeMeetAgain","floor":48,"gold_loss":0}],"is_beta":false,"boss_relics":[{"not_picked":["Fusion Hammer","Ring of the Serpent"],"picked":"SacredBark"},{"not_picked":["Cursed Key","Runic Dome"],"picked":"Empty Cage"}],"items_purged_floors":[2,11,25,36,46],"is_endless":false,"potions_floor_spawned":[8,10,16,18,20,24,27,28,29,31,33,35,37,39,40,42,44,45,47],"ascension_level":3}}