{"host":"45go8t6659233n49","time":1610961898,"event":{"mods":["AchievementEnabler","BaseMod","Colored Map","Downfall","Duelist Mod","GifTheSpireLib","Infinite Spire","Minty Spire (QoL Compilation)","StSLib"],"gold_per_floor":[99,99,112,123,123,123,191,4,20,36,36,136,149,184,194,297,297,297,307,147,164,184,194,194,223,123,137,137,137],"floor_reached":28,"language":"ENG","playtime":2324,"items_purged":["downfall:Malfunctioning"],"score":267,"play_id":"b1b70c8b-a6ab-490a-89ed-f0802719d9f8","local_time":"20210118202458","is_ascension_mode":false,"campfire_choices":[{"data":"bronze:Replicate","floor":1,"key":"SMITH"},{"data":"bronze:GetLatest","floor":6,"key":"SMITH"},{"data":"expansioncontent:Chronoboost","floor":11,"key":"SMITH"},{"data":"bronze:SpaghettiCode","floor":18,"key":"SMITH"},{"floor":26,"key":"RECALL"}],"circlet_count":0,"master_deck":["bronze:Strike","bronze:Strike","bronze:Strike","bronze:Defend+1","bronze:Defend+1","bronze:Defend","bronze:Defend","bronze:Replicate+1","bronze:Goto+1","bronze:GetLatest+1","bronze:WildBeam","bronze:Frontload","bronze:ClassDefault","expansioncontent:Chronoboost+1","bronze:BitShift","bronze:Repair","bronze:OilSpill","bronze:BurnOut","bronze:SpaghettiCode+1","bronze:Repulsor+1","bronze:CloningBeam","bronze:Turbo+1","bronze:ThunderWave","bronze:FineTuning","bronze:Flail","bronze:DarkDash+1"],"relics":["bronze:BronzeCore","Mercury Hourglass","White Beast Statue","Meat on the Bone","Philosopher\u0027s Stone","Happy Flower","Omamori","downfall:HeartBlessingBlue"],"acts_visited":["Exordium","TheCity"],"potions_floor_usage":[16,16,19,20,20,23,25,28,28],"damage_taken":[{"damage":0,"enemies":"Jaw Worm","floor":3,"turns":4},{"damage":0,"enemies":"Cultist","floor":4,"turns":3},{"damage":0,"enemies":"downfall:FleeingMerchant","floor":8,"turns":4},{"damage":0,"enemies":"Small Slimes","floor":9,"turns":3},{"damage":0,"enemies":"Gremlin Gang","floor":10,"turns":3},{"damage":5,"enemies":"downfall:LadyInBlue","floor":12,"turns":5},{"damage":6,"enemies":"Large Slime","floor":13,"turns":4},{"damage":8,"enemies":"Gremlin Nob","floor":14,"turns":3},{"damage":6,"enemies":"Exordium Wildlife","floor":15,"turns":2},{"damage":25,"enemies":"IC_STATUS_ARCHETYPE","floor":16,"turns":6},{"damage":0,"enemies":"Spheric Guardian","floor":19,"turns":3},{"damage":0,"enemies":"downfall:FleeingMerchant","floor":20,"turns":4},{"damage":28,"enemies":"3 Byrds","floor":21,"turns":5},{"damage":12,"enemies":"Snecko","floor":22,"turns":4},{"damage":24,"enemies":"Cultist and Chosen","floor":23,"turns":7},{"damage":27,"enemies":"Gremlin Leader","floor":25,"turns":5},{"damage":11,"enemies":"Snake Plant","floor":27,"turns":4},{"damage":49,"enemies":"Snake Plant","floor":28,"turns":4}],"seed_played":"3436684208343269945","potions_obtained":[{"floor":3,"key":"Swift Potion"},{"floor":4,"key":"Guardian:BlockOnCardUsePotion"},{"floor":10,"key":"SteroidPotion"},{"floor":12,"key":"LiquidMemories"},{"floor":12,"key":"PowerPotion"},{"floor":16,"key":"EssenceOfSteel"},{"floor":19,"key":"SkillPotion"},{"floor":20,"key":"Swift Potion"},{"floor":21,"key":"SpeedPotion"},{"floor":22,"key":"Explosive Potion"},{"floor":23,"key":"Dexterity Potion"},{"floor":25,"key":"FearPotion"}],"is_trial":false,"path_per_floor":["R","?","M","M","?","R","T","$","M","M","R","?","M","E","M","B",null,"R","M","$","M","M","M","T","E","R","M","?"],"character_chosen":"THE_AUTOMATON","items_purchased":["expansioncontent:Chronoboost","Happy Flower"],"campfire_rested":0,"item_purchase_floors":[8,20],"current_hp_per_floor":[77,77,77,77,77,77,77,77,77,77,77,77,77,69,70,52,77,77,77,77,49,49,44,44,36,46,47,0,0],"gold":137,"neow_bonus":"TEN_PERCENT_HP_BONUS","is_daily":false,"chose_seed":false,"campfire_upgraded":4,"win_rate":0.0,"timestamp":1610961898,"path_taken":["R","?","M","M","?","R","T","$","M","?","R","?","M","E","M","BOSS","R","M","$","M","?","M","T","E","R","M","?"],"items_purchased_type":["Card","Relic"],"build_version":"2020-12-22","purchased_purges":1,"victory":false,"max_hp_per_floor":[77,77,77,77,77,77,77,77,77,77,77,77,77,77,77,77,77,77,77,77,77,77,77,77,77,87,87,87,87],"card_choices":[{"not_picked":["bronze:Iterate","bronze:Shield"],"picked":"bronze:GetLatest","floor":3},{"not_picked":["bronze:CloningBeam","bronze:Overload"],"picked":"bronze:WildBeam","floor":4},{"not_picked":["bronze:ChildClass","bronze:OilSpill"],"picked":"bronze:ClassDefault","floor":8},{"not_picked":["bronze:WildBeam","bronze:Fortify"],"picked":"bronze:BitShift","floor":9},{"not_picked":["bronze:Iterate","bronze:Shell"],"picked":"bronze:Repair","floor":10},{"not_picked":["bronze:Backtrace","bronze:Repair"],"picked":"bronze:OilSpill","floor":12},{"not_picked":["bronze:Iterate","bronze:Deprecate","bronze:Invalidate"],"picked":"SKIP","floor":13},{"not_picked":["bronze:Branch","bronze:BronzeOrb"],"picked":"bronze:BurnOut","floor":14},{"not_picked":["bronze:OilSpill","bronze:Branch","bronze:WildBeam"],"picked":"SKIP","floor":15},{"not_picked":["bronze:RecursiveStrike","bronze:BurnOut"],"picked":"bronze:SpaghettiCode","floor":16},{"not_picked":["bronze:WildBeam","bronze:BuggyMess+1"],"picked":"bronze:Repulsor+1","floor":19},{"not_picked":["bronze:Deprecate","bronze:Safeguard"],"picked":"bronze:CloningBeam","floor":20},{"not_picked":["bronze:Flail","bronze:Deprecate+1"],"picked":"bronze:Turbo+1","floor":21},{"not_picked":["bronze:ClassDefault","bronze:Frontload"],"picked":"bronze:ThunderWave","floor":22},{"not_picked":["bronze:ClassDefault","bronze:Invalidate"],"picked":"bronze:FineTuning","floor":23},{"not_picked":["bronze:Safeguard","bronze:GetLatest"],"picked":"bronze:Flail","floor":25},{"not_picked":["bronze:DelayedGuard","bronze:BuggyMess"],"picked":"bronze:DarkDash+1","floor":27}],"player_experience":292569,"relics_obtained":[{"floor":7,"key":"Mercury Hourglass"},{"floor":12,"key":"White Beast Statue"},{"floor":14,"key":"Meat on the Bone"},{"floor":25,"key":"Omamori"}],"event_choices":[],"is_beta":false,"boss_relics":[{"not_picked":["Astrolabe","bronze:PlatinumCore"],"picked":"Philosopher\u0027s Stone"}],"items_purged_floors":[8],"is_endless":false,"potions_floor_spawned":[3,4,10,12,13,14,15,16,19,20,21,22,23,25,27],"killed_by":"Snake Plant","ascension_level":0}}