{"host":"kpyf5rnb72uwap8k","time":1610985974,"event":{"mods":["AchievementEnabler","BaseMod","Colored Map","Colored Powertips","DeckTracker","Minty Spire (QoL Compilation)","Permanent Neow","Quick Restart","StSLib","SuperFastMode"],"gold_per_floor":[116,116,116,135,9,20,40,40,120,120,120,120,133,153,153,256,256,273,273,198,218,218,250,250,264,264,278,278,292,292,292,292,292,292],"floor_reached":33,"language":"KOR","playtime":1156,"items_purged":["Defend_P"],"score":307,"play_id":"0a52377c-1d52-4e2f-a17a-ec24fd07823a","local_time":"20210119010614","is_ascension_mode":false,"campfire_choices":[{"data":"Adaptation","floor":8,"key":"SMITH"},{"data":"Eruption","floor":10,"key":"SMITH"},{"data":"Evaluate","floor":12,"key":"SMITH"},{"floor":15,"key":"REST"},{"data":"CutThroughFate","floor":24,"key":"SMITH"},{"data":"Vault","floor":28,"key":"SMITH"},{"data":"Bite","floor":32,"key":"SMITH"}],"circlet_count":0,"master_deck":["Defend_P+1","Defend_P","Defend_P","Eruption+1","Vigilance","FollowUp+1","Evaluate+1","Adaptation+1","FlurryOfBlows","CutThroughFate+1","FlurryOfBlows","Vault+1","Ghostly","Ghostly","Ghostly","Ghostly","Ghostly","Bite","Bite","Bite","Bite","Bite+1","Writhe"],"relics":["PureWater","Matryoshka","Runic Pyramid","Juzu Bracelet","Ornamental Fan","Oddly Smooth Stone","Vajra","Question Card","WingedGreaves"],"acts_visited":["Exordium","TheCity"],"potions_floor_usage":[16,16,33,33,33],"damage_taken":[{"damage":2,"enemies":"Cultist","floor":1,"turns":3},{"damage":1,"enemies":"2 Louse","floor":4,"turns":4},{"damage":0,"enemies":"Small Slimes","floor":6,"turns":3},{"damage":1,"enemies":"Blue Slaver","floor":7,"turns":5},{"damage":9,"enemies":"3 Louse","floor":13,"turns":4},{"damage":3,"enemies":"Large Slime","floor":14,"turns":2},{"damage":20,"enemies":"Slime Boss","floor":16,"turns":9},{"damage":16,"enemies":"Shell Parasite","floor":18,"turns":3},{"damage":1,"enemies":"Spheric Guardian","floor":21,"turns":3},{"damage":5,"enemies":"Slavers","floor":23,"turns":6},{"damage":2,"enemies":"Cultist and Chosen","floor":25,"turns":6},{"damage":0,"enemies":"Shelled Parasite and Fungi","floor":27,"turns":4},{"damage":0,"enemies":"Snake Plant","floor":29,"turns":3},{"damage":91,"enemies":"Champ","floor":33,"turns":13}],"seed_played":"7852148408704013186","potions_obtained":[{"floor":7,"key":"Dexterity Potion"},{"floor":13,"key":"Dexterity Potion"},{"floor":16,"key":"EssenceOfSteel"},{"floor":21,"key":"BottledMiracle"},{"floor":25,"key":"Regen Potion"},{"floor":27,"key":"LiquidMemories"}],"is_trial":false,"path_per_floor":["M","?","?","M","$","M","M","R","T","R","?","R","M","M","R","B",null,"M","?","$","M","?","E","R","M","T","M","R","M","T","?","R","B"],"character_chosen":"WATCHER","items_purchased":["Adaptation","FlurryOfBlows"],"campfire_rested":1,"item_purchase_floors":[5,5],"current_hp_per_floor":[70,75,75,74,74,74,73,73,73,73,58,58,49,46,69,49,77,61,38,38,37,26,26,26,26,26,26,26,26,26,26,26,0,0],"gold":292,"neow_bonus":"REMOVE_CARD","is_daily":false,"chose_seed":false,"campfire_upgraded":6,"win_rate":0.0,"timestamp":1610985974,"path_taken":["M","?","?","M","$","M","M","R","T","R","?","R","M","M","R","BOSS","M","?","$","M","?","E","R","M","T","M","R","M","?","?","R","BOSS"],"items_purchased_type":["Card","Card"],"build_version":"2020-12-22","purchased_purges":1,"victory":false,"max_hp_per_floor":[72,77,77,77,77,77,77,77,77,77,77,77,77,77,77,77,77,77,38,38,38,26,26,26,26,26,26,26,26,26,26,26,26,26],"card_choices":[{"not_picked":["ClearTheMind","Protect"],"picked":"FollowUp","floor":1},{"not_picked":["Consecrate","CarveReality"],"picked":"Evaluate","floor":4},{"not_picked":["Nirvana","Crescendo","Wallop"],"picked":"SKIP","floor":6},{"not_picked":["PathToVictory","Omniscience"],"picked":"CutThroughFate","floor":7},{"not_picked":["BowlingBash","CutThroughFate"],"picked":"FlurryOfBlows","floor":13},{"not_picked":["Nirvana","Meditate","Protect"],"picked":"SKIP","floor":14},{"not_picked":["Establishment","Ragnarok"],"picked":"Vault","floor":16},{"not_picked":["Fasting2","ThirdEye","BowlingBash"],"picked":"SKIP","floor":18},{"not_picked":["PathToVictory","EmptyBody","BowlingBash"],"picked":"SKIP","floor":21},{"not_picked":["Wish","SashWhip","Wallop+1"],"picked":"SKIP","floor":23},{"not_picked":["CarveReality","JustLucky","Pray"],"picked":"SKIP","floor":25},{"not_picked":["Perseverance","JustLucky","Fasting2"],"picked":"SKIP","floor":27},{"not_picked":["FlurryOfBlows","CutThroughFate+1","Evaluate"],"picked":"SKIP","floor":29}],"player_experience":234558,"relics_obtained":[{"floor":9,"key":"Matryoshka"},{"floor":23,"key":"Juzu Bracelet"},{"floor":26,"key":"Ornamental Fan"},{"floor":26,"key":"Oddly Smooth Stone"},{"floor":30,"key":"Vajra"},{"floor":30,"key":"Question Card"}],"event_choices":[{"damage_healed":0,"gold_gain":0,"player_choice":"Donut","damage_taken":0,"max_hp_gain":5,"max_hp_loss":0,"event_name":"Big Fish","floor":2,"gold_loss":0},{"damage_healed":0,"gold_gain":0,"player_choice":"Ignored","damage_taken":0,"max_hp_gain":0,"max_hp_loss":0,"event_name":"Golden Idol","floor":3,"gold_loss":0},{"damage_healed":0,"gold_gain":0,"player_choice":"Entered Light","damage_taken":15,"max_hp_gain":0,"max_hp_loss":0,"event_name":"Shining Light","floor":11,"gold_loss":0,"cards_upgraded":["FollowUp","Defend_P"]},{"damage_healed":0,"gold_gain":0,"player_choice":"Became a Ghost","damage_taken":0,"max_hp_gain":0,"max_hp_loss":39,"event_name":"Ghosts","floor":19,"gold_loss":0,"cards_obtained":["Ghostly","Ghostly","Ghostly","Ghostly","Ghostly"]},{"damage_healed":0,"gold_gain":0,"player_choice":"Became a vampire","damage_taken":0,"max_hp_gain":0,"max_hp_loss":12,"event_name":"Vampires","floor":22,"gold_loss":0,"cards_obtained":["Bite","Bite","Bite","Bite","Bite"]},{"damage_healed":0,"gold_gain":0,"player_choice":"Opened","damage_taken":0,"relics_obtained":["WingedGreaves"],"max_hp_gain":0,"max_hp_loss":0,"event_name":"The Mausoleum","floor":31,"gold_loss":0,"cards_obtained":["Writhe"]}],"is_beta":false,"boss_relics":[{"not_picked":["Tiny House","Cursed Key"],"picked":"Runic Pyramid"}],"items_purged_floors":[20],"is_endless":false,"potions_floor_spawned":[7,13,16,21,25,27],"killed_by":"Champ","ascension_level":0}}