{"host":"59cc6k4ir9ghxqag","time":1610982272,"event":{"mods":["BaseMod","Colored Powertips","Hermit","Infinite Spire","Lobotomy","Marisa£®ÏF”Í°°ƒß¿Ì…≥£©","Minty Spire (QoL Compilation)","Remilia£®¿Ÿ√◊¿Ú—«£©","Replay The Spire","StSLib","The Bug Knight","The Cursed","The Jungle"],"gold_per_floor":[113,113,28,68,68,143,143,143,143,153,163,163,163,173,173,270,270,270,270],"floor_reached":18,"language":"ZHS","playtime":621,"items_purged":[],"score":150,"play_id":"8783acc1-37fd-4b71-a859-c959762a7767","local_time":"20210118230432","daily_mods":["Draft","Diverse","Heirloom","Flight","Lethality"],"is_ascension_mode":false,"campfire_choices":[{"data":"Dagger Spray","floor":12,"key":"SMITH"},{"data":"HollowMod:CloakDash","floor":15,"key":"SMITH"}],"circlet_count":0,"master_deck":["Shrug It Off","Blade Dance+1","DarkSpark","IllusionStar","JustLucky","FavorOfDestiny","BootSequence","ReplaySolidLightProjector","Dagger Spray+1","HollowMod:CloakDash+1","GravityBeat","Deflect","BowlingBash","MastersStateliness","hermit:Headshot+1","IllusionStar","SandsOfTime"],"relics":["infinitespire:Lychee Nut","Akabeko","InkBottle","Replay:M_StaffOfTheSnake","StrikeDummy","Replay:Fungal Core"],"acts_visited":["Exordium","TheCity"],"potions_floor_usage":[16,16],"damage_taken":[{"damage":0,"enemies":"Small Slimes","floor":1,"turns":2},{"damage":0,"enemies":"Cultist","floor":4,"turns":2},{"damage":0,"enemies":"2 Louse","floor":10,"turns":1},{"damage":9,"enemies":"Exordium Thugs","floor":11,"turns":3},{"damage":0,"enemies":"2 Fungi Beasts","floor":14,"turns":1},{"damage":31,"enemies":"The Guardian","floor":16,"turns":6},{"damage":0,"enemies":"Shell Parasite","floor":18,"turns":1}],"seed_played":"6240333174406887234","potions_obtained":[{"floor":4,"key":"SkillPotion"},{"floor":11,"key":"Block Potion"},{"floor":14,"key":"Swift Potion"},{"floor":16,"key":"GamblersBrew"}],"is_trial":true,"path_per_floor":["M","?","$","M","?","?","?","?","T","M","M","R","?","M","R","B",null,"M"],"character_chosen":"WATCHER","items_purchased":["MastersStateliness","hermit:Headshot+1"],"campfire_rested":0,"item_purchase_floors":[3,3],"current_hp_per_floor":[54,54,54,54,54,43,43,43,43,43,39,39,39,39,39,17,54,54,54],"gold":270,"neow_bonus":"","is_daily":false,"chose_seed":false,"campfire_upgraded":2,"win_rate":0.0,"timestamp":1610982272,"path_taken":["M","?","$","?","?","?","?","?","T","?","M","R","?","M","R","BOSS","M"],"items_purchased_type":["Card","Card"],"build_version":"2020-12-22","purchased_purges":0,"victory":false,"max_hp_per_floor":[54,54,54,54,54,54,54,54,54,54,54,54,54,54,54,54,54,54,54],"card_choices":[{"not_picked":["Fasting2","HollowMod:SoulStrike"],"picked":"Shrug It Off","floor":0},{"not_picked":["Static Discharge","Sucker Punch"],"picked":"Blade Dance","floor":0},{"not_picked":["PiercingWail","TheCursedMod:SoulCrush"],"picked":"DarkSpark","floor":0},{"not_picked":["TheCursedMod:CursedAmulet","hermit:PistolWhip"],"picked":"IllusionStar","floor":0},{"not_picked":["Nirvana","VampireSweep"],"picked":"JustLucky","floor":0},{"not_picked":["ReplayTheSpireMod:The Works","hermit:Manifest"],"picked":"FavorOfDestiny","floor":0},{"not_picked":["Replay:ManipulateFuture","HollowMod:HowlingWraiths"],"picked":"BootSequence","floor":0},{"not_picked":["InnerPeace","HollowMod:VengefulVoid"],"picked":"ReplaySolidLightProjector","floor":0},{"not_picked":["hermit:Desperado","HollowMod:DreamGate"],"picked":"Dagger Spray","floor":0},{"not_picked":["Study","NonDirectionalLaser"],"picked":"HollowMod:CloakDash","floor":0},{"not_picked":["AsteroidBelt","hermit:HighCaliber"],"picked":"Shrug It Off","floor":0},{"not_picked":["TheCursedMod:StingEye","HollowMod:LifebloodCocoon"],"picked":"GravityBeat","floor":0},{"not_picked":["Intimidate","hermit:Determination"],"picked":"PowerUp","floor":0},{"not_picked":["Dagger Throw","TheCursedMod:CursedArmor"],"picked":"Deflect","floor":0},{"not_picked":["HollowMod:PureNailStrike","NightDance"],"picked":"BowlingBash","floor":0},{"not_picked":["Fluid Movement","Clothesline","hermit:Showdown"],"picked":"SKIP","floor":1},{"not_picked":["Cloak And Dagger","HollowMod:WraithStrike"],"picked":"IllusionStar","floor":4},{"not_picked":["6A","Reckless Charge","hermit:Gestalt"],"picked":"SKIP","floor":10},{"not_picked":["ForbiddenFruit","HollowMod:DashSlash","Underhanded Strike"],"picked":"SKIP","floor":11},{"not_picked":["Storm","hermit:HoleUp","hermit:Snipe"],"picked":"SKIP","floor":14}],"player_experience":528581,"relics_obtained":[{"floor":7,"key":"InkBottle"},{"floor":9,"key":"StrikeDummy"}],"event_choices":[{"cards_removed":["Shrug It Off"],"damage_healed":0,"gold_gain":0,"player_choice":"Gave Card","damage_taken":0,"relics_obtained":["Akabeko"],"max_hp_gain":0,"max_hp_loss":0,"event_name":"WeMeetAgain","floor":2,"gold_loss":0},{"damage_healed":0,"gold_gain":75,"player_choice":"Gather Gold","damage_taken":11,"max_hp_gain":0,"max_hp_loss":0,"event_name":"World of Goop","floor":6,"gold_loss":0},{"damage_healed":0,"gold_gain":0,"cards_transformed":["PowerUp"],"player_choice":"Transformed","damage_taken":0,"max_hp_gain":0,"max_hp_loss":0,"event_name":"Transmorgrifier","floor":13,"gold_loss":0,"cards_obtained":["SandsOfTime"]}],"is_beta":false,"boss_relics":[{"not_picked":["Black Star","SacredBark"],"picked":"Replay:Fungal Core"}],"items_purged_floors":[],"is_endless":false,"potions_floor_spawned":[4,10,11,14,16],"killed_by":"Shell Parasite","ascension_level":0}}