{"host":"khc33f3y4hz17yhu","time":1610931679,"event":{"mods":["BaseMod","Hermit","Minty Spire (QoL Compilation)","StSLib","The Hierophant","The Marked","The Servant 0.9.4"],"gold_per_floor":[119,136,136,149,165,195,195,195,222,248,134,154,173,188,188,291,291,305,405,423,439,97,97,113,113,113,142,142,67,96,96,96,96,96],"floor_reached":33,"language":"ENG","playtime":1447,"items_purged":["theMarked:Strike","theMarked:Strike"],"score":297,"play_id":"8a4acfb0-b633-4de2-9618-3e3e4d248ebc","local_time":"20210117200119","is_ascension_mode":false,"campfire_choices":[{"data":"theMarked:SoldierOfQuellstein","floor":7,"key":"SMITH"},{"floor":15,"key":"REST"},{"data":"theMarked:AttractMetal","floor":23,"key":"SMITH"},{"data":"theMarked:Generate","floor":25,"key":"SMITH"},{"floor":32,"key":"REST"}],"circlet_count":0,"master_deck":["theMarked:Strike","theMarked:Strike","theMarked:Defend","theMarked:Defend","theMarked:Defend+1","theMarked:Defend+1","theMarked:SoldierOfQuellstein+1","theMarked:AttractMetal+1","theMarked:ChainLightning","theMarked:ReduceFriction","theMarked:ChannelForce","theMarked:HeritageOfTheMarked","theMarked:SwordAndMagic","theMarked:ParalyzingBlade","theMarked:Generate+1","Flash of Steel","theMarked:Panic+1"],"relics":["theMarked:ArtifactOfAir","NeowsBlessing","Lantern","War Paint","Akabeko","Ornamental Fan","Philosopher\u0027s Stone","Medical Kit","Prayer Wheel","Nunchaku","MutagenicStrength","InkBottle","Letter Opener"],"acts_visited":["Exordium","TheCity"],"potions_floor_usage":[6,16,20,24,30],"damage_taken":[{"damage":0,"enemies":"Small Slimes","floor":1,"turns":1},{"damage":0,"enemies":"Cultist","floor":2,"turns":1},{"damage":0,"enemies":"2 Louse","floor":4,"turns":1},{"damage":3,"enemies":"Lots of Slimes","floor":5,"turns":6},{"damage":24,"enemies":"Gremlin Nob","floor":6,"turns":4},{"damage":23,"enemies":"Lagavulin","floor":10,"turns":5},{"damage":3,"enemies":"Large Slime","floor":12,"turns":4},{"damage":0,"enemies":"Gremlin Gang","floor":13,"turns":1},{"damage":0,"enemies":"Blue Slaver","floor":14,"turns":3},{"damage":17,"enemies":"Hexaghost","floor":16,"turns":9},{"damage":2,"enemies":"Shell Parasite","floor":18,"turns":7},{"damage":14,"enemies":"3 Byrds","floor":20,"turns":4},{"damage":0,"enemies":"Centurion and Healer","floor":21,"turns":5},{"damage":11,"enemies":"Snake Plant","floor":24,"turns":3},{"damage":8,"enemies":"Gremlin Leader","floor":27,"turns":5},{"damage":12,"enemies":"Slavers","floor":30,"turns":3},{"damage":45,"enemies":"Automaton","floor":33,"turns":6}],"seed_played":"-2065293400804398618","potions_obtained":[{"floor":2,"key":"Energy Potion"},{"floor":5,"key":"Swift Potion"},{"floor":10,"key":"LiquidMemories"},{"floor":14,"key":"SpeedPotion"},{"floor":20,"key":"DistilledChaos"},{"floor":27,"key":"Energy Potion"}],"is_trial":false,"path_per_floor":["M","M","?","M","M","E","R","?","T","E","$","M","M","M","R","B",null,"M","?","M","M","$","R","M","R","T","E","?","?","E","?","R","B"],"character_chosen":"THE_DEFAULT","items_purchased":["theMarked:HeritageOfTheMarked","Medical Kit","Flash of Steel"],"campfire_rested":2,"item_purchase_floors":[11,22,22],"current_hp_per_floor":[70,70,70,70,67,43,43,43,43,20,20,17,17,17,38,21,70,68,68,54,54,54,54,43,43,43,35,35,35,23,23,44,0,0],"gold":96,"neow_bonus":"THREE_ENEMY_KILL","is_daily":false,"chose_seed":false,"campfire_upgraded":3,"win_rate":0.0,"timestamp":1610931679,"path_taken":["M","M","?","?","M","E","R","?","T","E","$","?","M","M","R","BOSS","M","?","?","M","$","R","M","R","T","E","?","?","E","?","R","BOSS"],"items_purchased_type":["Card","Relic","Card"],"build_version":"2020-12-22","purchased_purges":2,"victory":false,"max_hp_per_floor":[70,70,70,70,70,70,70,70,70,70,70,70,70,70,70,70,70,70,70,70,70,70,70,70,70,70,70,70,70,70,70,70,70,70],"card_choices":[{"not_picked":["theMarked:WastefulDefense","theMarked:Convert"],"picked":"theMarked:CreepingChasm","floor":1},{"not_picked":["theMarked:WastefulDefense","theMarked:HeightenedSenses","theMarked:Parkour"],"picked":"SKIP","floor":2},{"not_picked":["theMarked:Seal","theMarked:Aftermath"],"picked":"theMarked:AttractMetal","floor":4},{"not_picked":["theMarked:Panic","theMarked:KeepCalmAndFightOn"],"picked":"theMarked:ChainLightning","floor":5},{"not_picked":["theMarked:WastefulDefense","theMarked:WardOff"],"picked":"theMarked:ReduceFriction","floor":6},{"not_picked":["theMarked:ResourceFulStrike","theMarked:WastefulDefense"],"picked":"theMarked:ChannelForce","floor":10},{"not_picked":["theMarked:PowerFlow","theMarked:Frustration"],"picked":"theMarked:SwordAndMagic","floor":12},{"not_picked":["theMarked:Electrify","theMarked:WardOff","theMarked:RepellingDischarge"],"picked":"SKIP","floor":13},{"not_picked":["theMarked:BanishingStrike","theMarked:ChainLightning","theMarked:Standoff"],"picked":"SKIP","floor":14},{"not_picked":["theMarked:EmpowerWeapon","theMarked:SwordAndMagic"],"picked":"theMarked:ParalyzingBlade","floor":18},{"not_picked":["theMarked:BanishingStrike","theMarked:WastefulAttack"],"picked":"theMarked:Generate","floor":20},{"not_picked":["theMarked:RepellingDischarge","theMarked:Vacuum","theMarked:WastefulAttack"],"picked":"SKIP","floor":21},{"not_picked":["theMarked:TakeCover+1","theMarked:PowerFlow","theMarked:ElectricStrings"],"picked":"SKIP","floor":24},{"not_picked":["theMarked:ChainLightning+1","theMarked:ElectricStrings"],"picked":"theMarked:Panic+1","floor":27},{"not_picked":["theMarked:HeightenedSenses+1","theMarked:Electrocute","theMarked:WardOff"],"picked":"SKIP","floor":30}],"player_experience":162763,"relics_obtained":[{"floor":6,"key":"Lantern"},{"floor":9,"key":"Akabeko"},{"floor":10,"key":"Ornamental Fan"},{"floor":26,"key":"Prayer Wheel"},{"floor":27,"key":"Nunchaku"},{"floor":30,"key":"InkBottle"}],"event_choices":[{"cards_removed":["theMarked:CreepingChasm"],"damage_healed":0,"gold_gain":0,"player_choice":"Offered Uncommon","damage_taken":0,"max_hp_gain":0,"max_hp_loss":0,"event_name":"Bonfire Elementals","floor":3,"gold_loss":0},{"damage_healed":0,"gold_gain":0,"player_choice":"Gave Potion","damage_taken":0,"relics_obtained":["War Paint"],"max_hp_gain":0,"max_hp_loss":0,"event_name":"WeMeetAgain","floor":8,"gold_loss":0},{"damage_healed":0,"gold_gain":100,"player_choice":"Pray","damage_taken":0,"max_hp_gain":0,"max_hp_loss":0,"event_name":"Golden Shrine","floor":19,"gold_loss":0},{"damage_healed":0,"gold_gain":0,"player_choice":"Inject Mutagens","damage_taken":0,"relics_obtained":["MutagenicStrength"],"max_hp_gain":0,"max_hp_loss":0,"event_name":"Drug Dealer","floor":28,"gold_loss":0},{"cards_removed":["theMarked:Strike"],"damage_healed":0,"gold_gain":0,"player_choice":"Gave Gold","damage_taken":0,"max_hp_gain":0,"max_hp_loss":0,"event_name":"Beggar","floor":29,"gold_loss":75},{"damage_healed":0,"gold_gain":0,"player_choice":"Opened","damage_taken":0,"relics_obtained":["Letter Opener"],"max_hp_gain":0,"max_hp_loss":0,"event_name":"The Mausoleum","floor":31,"gold_loss":0}],"is_beta":false,"boss_relics":[{"not_picked":["Pandora\u0027s Box","Fusion Hammer"],"picked":"Philosopher\u0027s Stone"}],"items_purged_floors":[11,22],"is_endless":false,"potions_floor_spawned":[2,5,10,14,20,27],"killed_by":"Automaton","ascension_level":0}}