{"host":"7qoz5gmva6til3yp","time":1610987885,"event":{"mods":["AchievementEnabler","BaseMod","Minty Spire (QoL Compilation)","StSLib","SuperFastMode"],"gold_per_floor":[116,136,136,136,136,169,181,203,241,288,39,64,79,93,93,190,190,210,210,210],"floor_reached":19,"language":"KOR","playtime":547,"items_purged":["Strike_G+1"],"score":293,"play_id":"751941fb-9a99-4015-9a3e-4abff30b61fa","local_time":"20210119013805","is_ascension_mode":true,"campfire_choices":[{"data":"Riddle With Holes","floor":7,"key":"SMITH"},{"data":"Apotheosis","floor":15,"key":"SMITH"}],"circlet_count":0,"master_deck":["Strike_G","Strike_G","Strike_G","Strike_G","Defend_G+1","Defend_G","Defend_G","Defend_G","Defend_G","Survivor","Neutralize","Escape Plan","Riddle With Holes+1","Prepared","Apotheosis+1","Acrobatics","Burst"],"relics":["Ring of the Snake","NeowsBlessing","MawBank","Toy Ornithopter","MealTicket","PreservedInsect","SacredBark"],"acts_visited":["Exordium","TheCity"],"potions_floor_usage":[10,16,16],"damage_taken":[{"damage":0,"enemies":"Jaw Worm","floor":1,"turns":1},{"damage":0,"enemies":"2 Louse","floor":2,"turns":1},{"damage":0,"enemies":"Lagavulin","floor":6,"turns":1},{"damage":0,"enemies":"Small Slimes","floor":8,"turns":2},{"damage":23,"enemies":"3 Sentries","floor":10,"turns":8},{"damage":0,"enemies":"Exordium Thugs","floor":13,"turns":5},{"damage":0,"enemies":"Looter","floor":14,"turns":4},{"damage":53,"enemies":"Slime Boss","floor":16,"turns":20},{"damage":18,"enemies":"Chosen","floor":18,"turns":8},{"damage":45,"enemies":"Spheric Guardian","floor":19,"turns":7}],"seed_played":"6521671071857697015","potions_obtained":[{"floor":1,"key":"LiquidMemories"},{"floor":8,"key":"Ancient Potion"},{"floor":10,"key":"GhostInAJar"},{"floor":13,"key":"DistilledChaos"},{"floor":18,"key":"GamblersBrew"}],"is_trial":false,"path_per_floor":["M","M","?","?","?","E","R","M","T","E","$","T","M","M","R","B",null,"M","M"],"character_chosen":"THE_SILENT","items_purchased":["Apotheosis"],"campfire_rested":0,"item_purchase_floors":[11],"current_hp_per_floor":[63,63,63,68,53,53,53,53,53,35,50,50,50,50,50,7,58,40,0,0],"gold":210,"neow_bonus":"THREE_ENEMY_KILL","is_daily":false,"chose_seed":false,"campfire_upgraded":2,"win_rate":0.0,"timestamp":1610987885,"path_taken":["M","M","?","?","?","E","R","M","T","E","$","?","?","M","R","BOSS","M","M"],"items_purchased_type":["Card"],"build_version":"2020-12-22","purchased_purges":1,"victory":false,"max_hp_per_floor":[70,70,70,75,75,75,75,75,75,75,75,75,75,75,75,75,75,75,75,75],"card_choices":[{"not_picked":["Eviscerate","Crippling Poison"],"picked":"Escape Plan","floor":1},{"not_picked":["Well Laid Plans","Quick Slash","Poisoned Stab"],"picked":"SKIP","floor":2},{"not_picked":["Cloak And Dagger","Quick Slash"],"picked":"Riddle With Holes","floor":6},{"not_picked":["Poisoned Stab","Outmaneuver"],"picked":"Prepared","floor":8},{"not_picked":["Cloak And Dagger","Bane","Escape Plan"],"picked":"SKIP","floor":10},{"not_picked":["PiercingWail","Riddle With Holes","Deadly Poison"],"picked":"SKIP","floor":13},{"not_picked":["Slice","Prepared"],"picked":"Acrobatics","floor":14},{"not_picked":["Die Die Die","Night Terror"],"picked":"Burst","floor":16},{"not_picked":["Dagger Spray+1","Underhanded Strike","Prepared"],"picked":"SKIP","floor":18}],"player_experience":390192,"relics_obtained":[{"floor":6,"key":"MawBank"},{"floor":9,"key":"Toy Ornithopter"},{"floor":10,"key":"MealTicket"},{"floor":12,"key":"PreservedInsect"}],"event_choices":[{"damage_healed":0,"gold_gain":0,"player_choice":"Ignored","damage_taken":0,"max_hp_gain":0,"max_hp_loss":0,"event_name":"Golden Idol","floor":3,"gold_loss":0},{"damage_healed":0,"gold_gain":0,"player_choice":"Donut","damage_taken":0,"max_hp_gain":5,"max_hp_loss":0,"event_name":"Big Fish","floor":4,"gold_loss":0},{"damage_healed":0,"gold_gain":0,"player_choice":"Entered Light","damage_taken":15,"max_hp_gain":0,"max_hp_loss":0,"event_name":"Shining Light","floor":5,"gold_loss":0,"cards_upgraded":["Strike_G","Defend_G"]}],"is_beta":false,"boss_relics":[{"not_picked":["WristBlade","Black Star"],"picked":"SacredBark"}],"items_purged_floors":[11],"is_endless":false,"potions_floor_spawned":[1,8,10,13,18],"killed_by":"Spheric Guardian","ascension_level":9}}