{"host":"f6w7z8zvb0mi4wy9","time":1610956752,"event":{"mods":["BaseMod","Colored Map","Minty Spire (QoL Compilation)","READ ME - Guardian Mod","StSLib","SuperFastMode","The Jungle"],"gold_per_floor":[109,109,34,44,63,163,193,245,245,578,61,92,119,148,148,251,251,262,262,262,262,281,281,307,327,327,33,46,46,58,83,95,211,223,254,266,296,308,320,358,370,411,447,479,491,520,558,580,592,604,604],"floor_reached":50,"language":"KOR","playtime":1794,"items_purged":["Strike_B","Strike_B","Pain"],"score":783,"play_id":"6e39742c-ead2-4737-a152-0ee6222dcb5a","local_time":"20210118165912","is_ascension_mode":true,"campfire_choices":[{"data":"Beam Cell","floor":15.0,"key":"SMITH"},{"floor":23,"key":"RECALL"},{"data":"Hologram","floor":32,"key":"SMITH"},{"data":"Scrape","floor":41,"key":"SMITH"},{"data":"Trip","floor":49,"key":"SMITH"}],"circlet_count":0,"master_deck":["Strike_B+1","Defend_B","Defend_B","Defend_B","Defend_B","Zap+1","Dualcast+1","Hologram+1","Go for the Eyes","Steam","Swift Strike","Scrape+1","Gash","Beam Cell+1","Core Surge","Coolheaded+1","Gash","Electrodynamics+1","Streamline+1","BootSequence","Self Repair+1","Chaos+1","Core Surge","CurseOfTheBell","Redo+1","Compile Driver","Redo+1","Creative AI+1","Hologram+1","Flash of Steel","Magnetism+1","Trip+1","Capacitor+1","Heatsinks+1","Coolheaded+1"],"relics":["Cracked Core","Orichalcum","Ornamental Fan","Old Coin","Pantograph","Meat on the Bone","Odd Mushroom","Whetstone","Runic Dome","WarpedTongs","Frozen Egg 2","Gremlin Horn","Oddly Smooth Stone","MawBank","Calling Bell","Art of War","Kunai","Calipers","Centennial Puzzle","Lantern","Potion Belt","Prayer Wheel"],"acts_visited":["Exordium","Exordium","TheBeyond"],"potions_floor_usage":[24,28,33,42,47,50,50],"damage_taken":[{"damage":1.0,"enemies":"Jaw Worm","floor":1.0,"turns":3.0},{"damage":0.0,"enemies":"Cultist","floor":4.0,"turns":3.0},{"damage":4.0,"enemies":"2 Louse","floor":5.0,"turns":2.0},{"damage":3.0,"enemies":"Lagavulin","floor":7.0,"turns":7.0},{"damage":2.0,"enemies":"Exordium Thugs","floor":8.0,"turns":3.0},{"damage":17.0,"enemies":"Gremlin Nob","floor":10.0,"turns":4.0},{"damage":3.0,"enemies":"Lagavulin","floor":12.0,"turns":7.0},{"damage":3.0,"enemies":"The Mushroom Lair","floor":13.0,"turns":3.0},{"damage":18.0,"enemies":"Gremlin Nob","floor":14.0,"turns":4.0},{"damage":18.0,"enemies":"Hexaghost","floor":16.0,"turns":6.0},{"damage":0,"enemies":"theJungle:5_Spyders","floor":18,"turns":5},{"damage":10,"enemies":"theJungle:MUSHROOMGANG","floor":22,"turns":4},{"damage":23,"enemies":"theJungle:2_Phrogs","floor":24,"turns":9},{"damage":10,"enemies":"theJungle:2_Snecko_Cultists","floor":25,"turns":3},{"damage":14,"enemies":"theJungle:2_Flameangoes","floor":28,"turns":4},{"damage":16,"enemies":"theJungle:Lyon","floor":30,"turns":4},{"damage":0,"enemies":"theJungle:Cassacara","floor":31,"turns":5},{"damage":0,"enemies":"theJungle:TotemBoss","floor":33,"turns":5},{"damage":9,"enemies":"3 Darklings","floor":35,"turns":5},{"damage":3,"enemies":"3 Shapes","floor":37,"turns":3},{"damage":19,"enemies":"Reptomancer","floor":40,"turns":5},{"damage":25,"enemies":"Giant Head","floor":42,"turns":7},{"damage":9,"enemies":"3 Darklings","floor":44,"turns":4},{"damage":1,"enemies":"Spire Growth","floor":46,"turns":4},{"damage":16,"enemies":"Reptomancer","floor":47,"turns":5},{"damage":2,"enemies":"Maw","floor":48,"turns":6},{"damage":80,"enemies":"Awakened One","floor":50,"turns":6}],"seed_played":"-3934763204102311343","potions_obtained":[{"floor":4.0,"key":"ColorlessPotion"},{"floor":5.0,"key":"Fire Potion"},{"floor":10.0,"key":"SkillPotion"},{"floor":12.0,"key":"Block Potion"},{"floor":14.0,"key":"EssenceOfDarkness"},{"floor":22,"key":"PowerPotion"},{"floor":24,"key":"SpeedPotion"},{"floor":31,"key":"Swift Potion"},{"floor":37,"key":"Strength Potion"},{"floor":42,"key":"BlessingOfTheForge"},{"floor":46,"key":"Fire Potion"},{"floor":48,"key":"PowerPotion"}],"is_trial":false,"path_per_floor":["M","?","$","M","M","?","E","M","T","E","$","E","?","E","R","B",null,"M","?","?","?","M","R","E","M","T","$","M","T","M","E","R","B",null,"M","?","M","$","?","E","R","E","T","M","?","M","E","M","R","B"],"character_chosen":"DEFECT","items_purchased":["Pantograph","Swift Strike","Scrape","Oddly Smooth Stone","Streamline"],"campfire_rested":0,"item_purchase_floors":[11,11,11,27,27],"current_hp_per_floor":[74,74,74,74,70,70,67,65,65,48,48,45,42,36,36,43,75,75,75,70,70,60,60,49,51,51,51,49,49,45,55,55,80,80,80,80,77,77,77,68,68,53,53,54,44,53,59,57,57,0,0],"gold":604,"neow_bonus":"UPGRADE_CARD","is_daily":false,"chose_seed":false,"campfire_upgraded":4,"win_rate":0.0,"timestamp":1610956752,"path_taken":["M","?","$","M","?","?","E","M","T","E","?","E","?","E","R","BOSS","M","?","?","?","?","R","E","M","T","$","M","?","M","E","R","BOSS","M","?","?","$","?","E","R","E","T","M","?","M","E","M","R","BOSS"],"items_purchased_type":["Relic","Card","Card","Relic","Card"],"build_version":"2020-12-22","purchased_purges":3,"victory":false,"max_hp_per_floor":[75,75,75,75,75,75,75,75,75,75,75,75,75,75,75,75,75,75,75,80,80,80,80,80,80,80,80,80,80,80,80,80,80,80,80,80,80,80,80,80,80,80,80,80,80,80,80,80,80,80,80],"card_choices":[{"not_picked":["Fusion","Aggregate"],"picked":"Hologram","floor":1.0},{"not_picked":["Streamline","Coolheaded"],"picked":"Go for the Eyes","floor":4.0},{"not_picked":["Streamline","Recycle","Conserve Battery"],"picked":"SKIP","floor":5.0},{"not_picked":["Auto Shields","Go for the Eyes"],"picked":"Steam","floor":7.0},{"not_picked":["Barrage","Turbo","Stack"],"picked":"SKIP","floor":8.0},{"not_picked":["Steam","Amplify","Redo"],"picked":"SKIP","floor":10.0},{"not_picked":["Loop","Compile Driver","Turbo"],"picked":"SKIP","floor":12.0},{"not_picked":["Doom and Gloom","Coolheaded"],"picked":"Gash","floor":13.0},{"not_picked":["Lockon","Reboot"],"picked":"Beam Cell","floor":14.0},{"not_picked":["Electrodynamics","Thunder Strike"],"picked":"Core Surge","floor":16.0},{"not_picked":["Barrage","Reprogram"],"picked":"Coolheaded+1","floor":18},{"not_picked":["Conserve Battery","Steam Power","Doom and Gloom+1"],"picked":"SKIP","floor":22},{"not_picked":["Steam","Conserve Battery"],"picked":"Gash","floor":24},{"not_picked":["Go for the Eyes","Sweeping Beam"],"picked":"Electrodynamics+1","floor":25},{"not_picked":["Coolheaded","Turbo"],"picked":"BootSequence","floor":28},{"not_picked":["Sweeping Beam","Streamline"],"picked":"Self Repair+1","floor":30},{"not_picked":["Redo","Fusion"],"picked":"Chaos+1","floor":31},{"not_picked":["Thunder Strike","Amplify"],"picked":"Core Surge","floor":33},{"not_picked":["Leap+1","Stack+1"],"picked":"Redo+1","floor":35},{"not_picked":["Leap","Turbo+1"],"picked":"Compile Driver","floor":37},{"not_picked":["Barrage","Force Field"],"picked":"Redo+1","floor":40},{"not_picked":["Sweeping Beam+1","Conserve Battery+1"],"picked":"Creative AI+1","floor":42},{"not_picked":["Coolheaded+1","Fusion"],"picked":"Hologram+1","floor":44},{"not_picked":["Deep Breath","Jack Of All Trades"],"picked":"Flash of Steel","floor":45},{"not_picked":["Dark Shackles","Chrysalis"],"picked":"Magnetism+1","floor":45},{"not_picked":["Enlightenment","Sadistic Nature+1"],"picked":"Trip","floor":45},{"not_picked":["Gash","Rebound"],"picked":"Capacitor+1","floor":46},{"not_picked":["Lockon","Leap+1"],"picked":"Heatsinks+1","floor":47},{"not_picked":["Chaos+1","Leap"],"picked":"Coolheaded+1","floor":48},{"not_picked":["Reprogram+1","Turbo+1","Hyperbeam"],"picked":"SKIP","floor":48}],"player_experience":881028,"relics_obtained":[{"floor":7.0,"key":"Orichalcum"},{"floor":9.0,"key":"Ornamental Fan"},{"floor":10.0,"key":"Old Coin"},{"floor":12.0,"key":"Meat on the Bone"},{"floor":13.0,"key":"Odd Mushroom"},{"floor":14.0,"key":"Whetstone"},{"floor":24,"key":"Frozen Egg 2"},{"floor":26,"key":"Gremlin Horn"},{"floor":31,"key":"MawBank"},{"floor":34,"key":"Art of War"},{"floor":34,"key":"Kunai"},{"floor":34,"key":"Calipers"},{"floor":40,"key":"Centennial Puzzle"},{"floor":42,"key":"Lantern"},{"floor":43,"key":"Potion Belt"},{"floor":47,"key":"Prayer Wheel"}],"event_choices":[{"damage_healed":0.0,"max_hp_gain":0.0,"max_hp_loss":0.0,"gold_gain":0.0,"event_name":"Upgrade Shrine","player_choice":"Upgraded","floor":2.0,"gold_loss":0.0,"damage_taken":0.0,"cards_upgraded":["Dualcast"]},{"damage_healed":0.0,"max_hp_gain":0.0,"max_hp_loss":0.0,"gold_gain":100.0,"event_name":"Golden Shrine","player_choice":"Pray","floor":6.0,"gold_loss":0.0,"damage_taken":0.0},{"damage_healed":0.0,"max_hp_gain":0.0,"max_hp_loss":0.0,"gold_gain":0.0,"event_name":"Mushrooms","player_choice":"Fought Mushrooms","floor":13.0,"gold_loss":0.0,"damage_taken":0.0},{"damage_healed":0,"gold_gain":0,"player_choice":"Rummage","damage_taken":0,"relics_obtained":["WarpedTongs"],"max_hp_gain":0,"max_hp_loss":0,"event_name":"Accursed Blacksmith","floor":21,"gold_loss":0,"cards_obtained":["Pain"]},{"damage_healed":0,"gold_gain":0,"player_choice":"Upgraded","damage_taken":0,"max_hp_gain":0,"max_hp_loss":0,"event_name":"Upgrade Shrine","floor":36,"gold_loss":0,"cards_upgraded":["Streamline"]},{"cards_removed":["Strike_B"],"damage_healed":0,"gold_gain":0,"player_choice":"Removed Attack","damage_taken":0,"max_hp_gain":0,"max_hp_loss":0,"event_name":"Falling","floor":39,"gold_loss":0},{"damage_healed":0,"gold_gain":0,"player_choice":"Memory 3","damage_taken":10,"max_hp_gain":0,"max_hp_loss":0,"event_name":"SensoryStone","floor":45,"gold_loss":0}],"is_beta":false,"boss_relics":[{"not_picked":["Busted Crown","Astrolabe"],"picked":"Runic Dome"},{"not_picked":["Inserter","SacredBark"],"picked":"Calling Bell"}],"items_purged_floors":[3,11,27],"is_endless":false,"potions_floor_spawned":[4,5,10,12,14,22,24,31,37,42,46,48],"killed_by":"Awakened One","ascension_level":1}}