{"host":"dn6kke80v5f7isus","time":1610955958,"event":{"mods":["AchievementEnabler","Act Like it!","BaseMod","Colored Powertips","Custom Start","Defuse TimeMaze Blight","Duelist Mod","Gremlin Skip","Highlight Path","Hubris","Infinite Spire","Minty Spire (QoL Compilation)","Rare Cards Sparkle","Replay The Spire","StSLib","Uncapped"],"gold_per_floor":[144,144,144,157,157,189,189,201,201,218,218,232,232,251,251,368,368,382,402,30,46,6,39,39,39,65,65,95,95,95,106,106,204,204,221,221,237,237,257,257,257,257,257,270,270,270,297,312,312,412,412,415,161,161,164,172,193,193,190,190,190,94,94,91,91,91,211,211,209,201,201,201,201,201,235,235,287,139,138,137,137,137,137,199,199,194,194,194,216,122,122,117,117,141,141,130,130],"floor_reached":96,"language":"ENG","playtime":3878,"items_purged":["theDuelist:MudragonSwamp+1","theDuelist:OjamaGreen+1"],"score":1959,"play_id":"e3cb79ae-9ce6-4a1e-8e72-98f78e2d7517","local_time":"20210118024558","is_ascension_mode":true,"campfire_choices":[{"data":"theDuelist:Relinquished","floor":7,"key":"SMITH"},{"data":"theDuelist:MindAir","floor":11,"key":"SMITH"},{"data":"theDuelist:OjamaDeltaHurricane","floor":13,"key":"SMITH"},{"floor":15,"key":"REST"},{"data":"theDuelist:OjamaBlue","floor":24,"key":"SMITH"},{"data":"theDuelist:OjamaBlue+1","floor":40,"key":"SMITH"},{"data":"theDuelist:OjamaBlue+2","floor":42,"key":"SMITH"},{"data":"theDuelist:OjamaBlue+3","floor":45,"key":"SMITH"},{"data":"theDuelist:OjamaBlue+4","floor":49,"key":"SMITH"},{"data":"theDuelist:OjamaKnight","floor":58,"key":"SMITH"},{"data":"theDuelist:OjamaKnight+1","floor":61,"key":"SMITH"},{"data":"theDuelist:OjamaKnight+2","floor":63,"key":"SMITH"},{"data":"theDuelist:OjamaKnight+3","floor":66,"key":"SMITH"},{"data":"theDuelist:OjamaBlue+5","floor":76,"key":"SMITH"},{"data":"theDuelist:OjamaBlue+7","floor":83,"key":"SMITH"},{"floor":91,"key":"REST"}],"circlet_count":0,"master_deck":["theDuelist:OjamaCountry+1","theDuelist:MindAir+1","theDuelist:OjamaCountry+1","theDuelist:Relinquished+1","theDuelist:OjamaCountry+1","infinitespire:Collect","theDuelist:KamionTimelord+1","theDuelist:OjamaYellow+1","theDuelist:OjamaBlue+9","theDuelist:Ojamuscle+1","theDuelist:OjamaYellow+1","theDuelist:GarbageLord+1","theDuelist:OjamaDuo+1","theDuelist:Nameless:Magic:GracefulCharity+1","theDuelist:OjamaPajama+1","theDuelist:OjamaBlack+1","theDuelist:OjamaCountry+1","theDuelist:OjamaKnight+4","theDuelist:FlyingSaucer+1","theDuelist:OjamaDeltaHurricane+1","theDuelist:HappyLover+1","theDuelist:Nameless:Power:Beatraptor+1","theDuelist:KamionTimelord+1","theDuelist:SwordsRevealing+1","theDuelist:GarbageLord+1","theDuelist:OjamaEmperor","theDuelist:OjamaBlack+1","theDuelist:SwordsRevealing+1","theDuelist:TributeDoomed+1","theDuelist:OjamaEmperor","theDuelist:OjamaKnight+4","theDuelist:OjamaTrio+1","theDuelist:OjamaBlack+1"],"relics":["theDuelist:MillenniumPuzzle","theDuelist:CardPoolRelic","theDuelist:CardPoolBasicRelic","theDuelist:BoosterPackPoolRelic","theDuelist:CardPoolAddRelic","theDuelist:CardPoolMinusRelic","theDuelist:CardPoolSaveRelic","theDuelist:CardPoolOptionsRelic","NeowsBlessing","theDuelist:MillenniumRing","War Paint","Anchor","hubris:TenFootPole","theDuelist:ZoneToken","Potion Belt","Nunchaku","hubris:Towel","Honey Jar","theDuelist:DuelistOrichalcum","Simple Rune","Oddly Smooth Stone","Ice Cream","Replay:Bronze Core","Singing Bowl","Blue Doll","Gremlin Horn","BargainBundle","theDuelist:SummonAnchor","theDuelist:YugiMirror","Tough Bandages","Gremlin Food","theDuelist:MillenniumStone","SacredBark","theDuelist:ArmorPlateE","Replay:Grab Bag","theDuelist:HauntedRelic","Fusion Hammer","Black Star","Toy Ornithopter","Strawberry","theDuelist:MillenniumRod"],"acts_visited":["Exordium","TheCity","TheBeyond","Exordium","TheCity","TheBeyond"],"potions_floor_usage":[12,12,14,16,21,28,50,50,57,67,74,84,86],"damage_taken":[{"damage":7,"enemies":"Jaw Worm","floor":1,"turns":2},{"damage":0,"enemies":"Small Slimes","floor":4,"turns":1},{"damage":0,"enemies":"3 Sentries","floor":6,"turns":1},{"damage":0,"enemies":"Cultist","floor":8,"turns":2},{"damage":0,"enemies":"3 Louse","floor":10,"turns":1},{"damage":6,"enemies":"2 Fungi Beasts","floor":12,"turns":4},{"damage":14,"enemies":"Blue Slaver","floor":14,"turns":2},{"damage":43,"enemies":"The Guardian","floor":16,"turns":9},{"damage":8,"enemies":"Shell Parasite","floor":18,"turns":4},{"damage":10,"enemies":"Chosen","floor":19,"turns":2},{"damage":0,"enemies":"3 Cultists","floor":21,"turns":4},{"damage":20,"enemies":"theDuelist:KaibaA2","floor":23,"turns":6},{"damage":6,"enemies":"Gremlin Leader","floor":28,"turns":3},{"damage":0,"enemies":"Cultist and Chosen","floor":31,"turns":4},{"damage":5,"enemies":"hubris:MusketHawk","floor":33,"turns":4},{"damage":13,"enemies":"Orb Walker","floor":35,"turns":3},{"damage":0,"enemies":"3 Shapes","floor":37,"turns":3},{"damage":2,"enemies":"Writhing Mass","floor":39,"turns":3},{"damage":0,"enemies":"Sphere and 2 Shapes","floor":44,"turns":2},{"damage":15,"enemies":"Nightmare","floor":47,"turns":7},{"damage":8,"enemies":"4 Shapes","floor":48,"turns":2},{"damage":10,"enemies":"Donu and Deca","floor":50,"turns":4},{"damage":0,"enemies":"Cultist","floor":52,"turns":2},{"damage":0,"enemies":"Small Slimes","floor":55,"turns":1},{"damage":0,"enemies":"Jaw Worm","floor":56,"turns":1},{"damage":0,"enemies":"Gremlin Nob","floor":57,"turns":2},{"damage":0,"enemies":"Looter","floor":59,"turns":2},{"damage":2,"enemies":"Exordium Wildlife","floor":64,"turns":2},{"damage":0,"enemies":"Slime Boss","floor":67,"turns":3},{"damage":0,"enemies":"Shell Parasite","floor":69,"turns":2},{"damage":10,"enemies":"3 Byrds","floor":70,"turns":2},{"damage":0,"enemies":"Gremlin Leader","floor":74,"turns":3},{"damage":0,"enemies":"Sentry and Sphere","floor":79,"turns":1},{"damage":0,"enemies":"Snake Plant","floor":80,"turns":2},{"damage":0,"enemies":"Collector","floor":84,"turns":2},{"damage":9,"enemies":"3 Darklings","floor":86,"turns":2},{"damage":4,"enemies":"3 Shapes","floor":92,"turns":1},{"damage":35,"enemies":"Giant Head","floor":95,"turns":2},{"damage":57,"enemies":"2 Orb Walkers","floor":96,"turns":2}],"seed_played":"-3484695030796222063","potions_obtained":[{"floor":1,"key":"theDuelist:MillenniumElixir"},{"floor":8,"key":"Explosive Potion"},{"floor":10,"key":"theDuelist:StunPotion"},{"floor":14,"key":"Regen Potion"},{"floor":16,"key":"Block Potion"},{"floor":23,"key":"Energy Potion"},{"floor":33,"key":"Strength Potion"},{"floor":44,"key":"Dexterity Potion"},{"floor":50,"key":"ColorlessPotion"},{"floor":57,"key":"BlessingOfTheForge"},{"floor":67,"key":"Dexterity Potion"},{"floor":69,"key":"theDuelist:OrbBottle"},{"floor":80,"key":"infinitespire:BlackPotion"},{"floor":84,"key":"Adrenaline Potion"},{"floor":92,"key":"theDuelist:OrbBottle"}],"is_trial":false,"path_per_floor":["M","?","?","M","?","E","R","M","T","M","R","M","R","M","R","B",null,"M","M","$","M","$","E","R","?","T","AVR","E","?","?","M","R","B",null,"M","?","M","?","M","R","AVR","R","T","M","R","?","NM","M","R","B",null,"M","$","?","M","M","E","R","M","T","R","$","R","M","?","R","B",null,"M","M","?","?","?","E","?","R","T","$","M","M","AVR","?","R","B",null,"M","?","?","?","$","R","M","$","T","E","?"],"character_chosen":"THE_DUELIST","items_purchased":["War Paint","Anchor","theDuelist:OjamaBlack+1","Singing Bowl","BargainBundle","theDuelist:SummonAnchor","theDuelist:MillenniumStone","theDuelist:OjamaEmperor"],"campfire_rested":2,"item_purchase_floors":[20,20,22,53,62,62,78,90],"current_hp_per_floor":[73,57,57,57,57,57,57,57,57,57,57,51,51,37,61,33,80,72,62,62,62,62,42,42,68,68,68,62,62,62,62,80,75,80,67,64,64,64,62,62,62,62,62,62,62,62,60,52,52,42,80,80,80,80,82,82,84,84,86,86,86,86,86,86,93,93,93,95,97,87,87,87,80,82,84,84,84,64,66,68,68,68,68,70,70,61,61,61,61,61,70,72,72,72,56,0,0],"gold":130,"neow_bonus":"THREE_ENEMY_KILL","is_daily":false,"chose_seed":false,"campfire_upgraded":14,"win_rate":0.0,"timestamp":1610955958,"path_taken":["M","?","?","?","?","E","R","M","T","M","R","M","R","M","R","BOSS","M","M","$","M","$","E","R","?","T","AVR","E","?","?","M","R","BOSS","M","?","?","?","M","R","AVR","R","T","M","R","?","NM","M","R","BOSS","M","$","?","?","M","E","R","M","T","R","$","R","M","?","R","BOSS","M","M","?","?","?","E","?","R","T","?","?","M","AVR","?","R","BOSS","M","?","?","?","$","R","?","$","T","E","?"],"items_purchased_type":["Relic","Relic","Card","Relic","Relic","Relic","Relic","Card"],"build_version":"2020-12-22","purchased_purges":2,"victory":false,"max_hp_per_floor":[80,80,80,80,80,80,80,80,80,80,80,80,80,80,80,80,80,80,80,80,80,80,80,80,80,80,80,80,80,80,80,80,80,80,80,80,80,80,80,80,80,80,80,80,80,80,80,80,80,80,80,80,80,80,82,82,84,84,86,86,86,86,86,88,95,95,95,95,97,97,97,97,102,104,106,106,106,64,66,68,68,68,68,70,70,70,70,70,70,70,70,72,72,72,81,81,81],"card_choices":[{"not_picked":["theDuelist:EvilswarmHeliotrope","theDuelist:LightningDarts","theDuelist:WingedKuriboh","theDuelist:Fissure"],"picked":"theDuelist:MudragonSwamp","floor":1},{"not_picked":["theDuelist:SummonedSkull","theDuelist:KingYami","theDuelist:DarkMagician","theDuelist:NeoMagic","theDuelist:FabledAshenveil"],"picked":"SKIP","floor":4},{"not_picked":["theDuelist:DarkMagician","theDuelist:NeoMagic","theDuelist:Eva","theDuelist:WhiteMagicalHat","theDuelist:OjamaGreen"],"picked":"SKIP","floor":6},{"not_picked":["theDuelist:RainbowNeos","theDuelist:Zombyra","theDuelist:OjamaKnight","theDuelist:DarkBlade"],"picked":"theDuelist:OjamaYellow","floor":8},{"not_picked":["theDuelist:Pumpking","theDuelist:Mudballman","theDuelist:Illusionist","theDuelist:OjamaCountry"],"picked":"theDuelist:MindAir","floor":10},{"not_picked":["theDuelist:RainbowDragon","theDuelist:Mudballman","theDuelist:MysticalElf","theDuelist:GiantOrc"],"picked":"theDuelist:OjamaDeltaHurricane","floor":12},{"not_picked":["theDuelist:Tierra","theDuelist:SangaWater","theDuelist:OjamaEmperor","theDuelist:OjamaKing"],"picked":"theDuelist:OjamaBlue","floor":14},{"not_picked":["theDuelist:IrisEarthMother","theDuelist:DarkMasterZorc","theDuelist:OjamaBlue","theDuelist:OjamaRed"],"picked":"theDuelist:SwordsRevealing","floor":16},{"not_picked":["theDuelist:DarkTinker","theDuelist:SpiralSpearStrike","theDuelist:DarkBlade","theDuelist:KamionTimelord+1"],"picked":"theDuelist:GarbageLord","floor":18},{"not_picked":["theDuelist:BigFire","theDuelist:Fissure","theDuelist:GaiaMidNightSun","theDuelist:Hinotama+1","theDuelist:MudragonSwamp"],"picked":"SKIP","floor":19},{"not_picked":["theDuelist:GraniteLoyalist","theDuelist:Hinotama","theDuelist:LightningVortex","theDuelist:PowerGiant","theDuelist:GauntletWarrior"],"picked":"SKIP","floor":21},{"not_picked":["theDuelist:RainbowFlower","theDuelist:RainbowDragon","theDuelist:Zombyra","theDuelist:NeoMagic"],"picked":"theDuelist:GarbageLord","floor":23},{"not_picked":["theDuelist:DarkTinker","theDuelist:Illusionist","theDuelist:RainbowFlower","theDuelist:Relinquished"],"picked":"theDuelist:OjamaKnight","floor":28},{"not_picked":["theDuelist:HappyLover","theDuelist:Eva","theDuelist:IrisEarthMother","theDuelist:QueenDragunDjinn"],"picked":"theDuelist:KamionTimelord+1","floor":31},{"not_picked":["theDuelist:RainbowFlower+1","theDuelist:RainbowDragon","theDuelist:FlyingSaucer+1","theDuelist:DarkMagicianGirl"],"picked":"theDuelist:TributeDoomed","floor":35},{"not_picked":["theDuelist:RainbowNeos","theDuelist:OjamaBlack","theDuelist:WhiteHowling+1","theDuelist:TributeDoomed+1"],"picked":"theDuelist:OjamaCountry+1","floor":37},{"not_picked":["theDuelist:LightningDarts+1","theDuelist:LightningVortex+1","theDuelist:DarkHole+1","theDuelist:DokiDoki+1"],"picked":"theDuelist:DianKeto+1","floor":39},{"not_picked":["theDuelist:SummonedSkull","theDuelist:DarkTinker","theDuelist:DunamesDarkWitch+1","theDuelist:Illusionist+1"],"picked":"theDuelist:OjamaDuo+1","floor":44},{"not_picked":["theDuelist:WhiteHowling+1","theDuelist:CrystalRaigeki+1","theDuelist:DarkHorizon","theDuelist:StatueAnguishPattern+1"],"picked":"theDuelist:OjamaPajama","floor":47},{"not_picked":["theDuelist:SummonedSkull","theDuelist:DunamesDarkWitch","theDuelist:DarkMagician","theDuelist:OjamaBlack"],"picked":"theDuelist:OjamaCountry","floor":48},{"not_picked":["theDuelist:RainbowNeos+1","theDuelist:DunamesDarkWitch+1","theDuelist:Eva+1","theDuelist:KamionTimelord+1"],"picked":"theDuelist:HappyLover","floor":50},{"not_picked":["theDuelist:RainbowNeos+1","theDuelist:RainbowDragon+1","theDuelist:IrisEarthMother+1","theDuelist:KamionTimelord+1"],"picked":"theDuelist:HappyLover+1","floor":52},{"not_picked":["theDuelist:BattleOx+1","theDuelist:WingedKuriboh+1","theDuelist:HaneHane+1","theDuelist:RainbowGravity+1","theDuelist:DropOff+1"],"picked":"Singing Bowl","floor":55},{"not_picked":["theDuelist:RainbowDragon+1","theDuelist:Zombyra+1","theDuelist:FiendMegacyber+1","theDuelist:IcyCrevasse+1"],"picked":"theDuelist:OjamaKnight+4","floor":56},{"not_picked":["theDuelist:RainbowFlower+1","theDuelist:KamionTimelord+1","theDuelist:MindAir+1","theDuelist:Illusionist+1","theDuelist:IceQueen+1"],"picked":"Singing Bowl","floor":57},{"not_picked":["theDuelist:DunamesDarkWitch+1","theDuelist:WhiteMagicalHat+1","theDuelist:MindAir+1","theDuelist:Relinquished+1","theDuelist:Illusionist+1"],"picked":"Singing Bowl","floor":59},{"not_picked":["theDuelist:SummonedSkull+1","theDuelist:FiendMegacyber+1","theDuelist:NeoMagic+1","theDuelist:OnslaughtFireKings+1","theDuelist:OjamaYellow+1"],"picked":"Singing Bowl","floor":64},{"not_picked":["theDuelist:SangaWater+1","theDuelist:SwordsConcealing+1","theDuelist:IceQueen+1","theDuelist:OjamaKing+1"],"picked":"theDuelist:SwordsRevealing+1","floor":67},{"not_picked":["theDuelist:BattleOx+1","theDuelist:GolemSentry+1","theDuelist:BlockGolem+1","theDuelist:MagicalStone+4","theDuelist:GiantTrapHole+1"],"picked":"Singing Bowl","floor":69},{"not_picked":["theDuelist:RainbowDragon+1","theDuelist:KingYami+1","theDuelist:DunamesDarkWitch+1","theDuelist:EvilswarmNightmare+1"],"picked":"theDuelist:OjamaCountry+1","floor":70},{"not_picked":["theDuelist:Zombyra+1","theDuelist:DarkTinker+1","theDuelist:Mudballman+1","theDuelist:MysticalElf+1","theDuelist:PotDuality+1"],"picked":"Singing Bowl","floor":74},{"not_picked":["theDuelist:KingYami+1","theDuelist:GiantOrc+1","theDuelist:Zombyra+1","theDuelist:DarkMagician+1","theDuelist:DarkBlade+1"],"picked":"Singing Bowl","floor":75},{"not_picked":["theDuelist:NeoMagic+1","theDuelist:Mudballman+1","theDuelist:Illusionist+1","theDuelist:RainbowFlower+1","theDuelist:WhiteHowling+1"],"picked":"Singing Bowl","floor":79},{"not_picked":["theDuelist:Fissure+1","theDuelist:LightningVortex+1","theDuelist:CircleFireKings+1","theDuelist:PotDuality+1","theDuelist:Ojamagic+1"],"picked":"Singing Bowl","floor":80},{"not_picked":["theDuelist:IrisEarthMother+1","theDuelist:KamionTimelord+1","theDuelist:SwordsConcealing+1","theDuelist:QueenDragunDjinn+1","theDuelist:OjamaEmperor+1"],"picked":"Singing Bowl","floor":84},{"not_picked":["theDuelist:NeoMagic+1","theDuelist:Mudballman+1","theDuelist:OnslaughtFireKings+1","theDuelist:Pumpking+1"],"picked":"theDuelist:FlyingSaucer+1","floor":86},{"not_picked":["theDuelist:RainbowFlower+1","theDuelist:RainbowNeos+1","theDuelist:HappyLover+1","theDuelist:Eva+1","theDuelist:RainbowDragon+1"],"picked":"Singing Bowl","floor":92},{"not_picked":["theDuelist:BattleOx+1","theDuelist:BlackPendant+1","theDuelist:GilfordLegend+1","theDuelist:PreventRat+1","theDuelist:PotDichotomy+1"],"picked":"Singing Bowl","floor":95}],"player_experience":571913,"relics_obtained":[{"floor":9,"key":"theDuelist:MillenniumRing"},{"floor":23,"key":"hubris:TenFootPole"},{"floor":26,"key":"theDuelist:ZoneToken"},{"floor":28,"key":"Nunchaku"},{"floor":43,"key":"Oddly Smooth Stone"},{"floor":47,"key":"Ice Cream"},{"floor":57,"key":"Blue Doll"},{"floor":60,"key":"Gremlin Horn"},{"floor":74,"key":"theDuelist:YugiMirror"},{"floor":75,"key":"Tough Bandages"},{"floor":77,"key":"Gremlin Food"},{"floor":94,"key":"Toy Ornithopter"},{"floor":95,"key":"Strawberry"},{"floor":95,"key":"theDuelist:MillenniumRod"}],"event_choices":[{"damage_healed":0,"gold_gain":0,"player_choice":"Entered Light","damage_taken":16,"max_hp_gain":0,"max_hp_loss":0,"event_name":"Shining Light","floor":2,"gold_loss":0,"cards_upgraded":["theDuelist:MudragonSwamp","theDuelist:OjamaCountry"]},{"damage_healed":0,"gold_gain":0,"cards_transformed":["theDuelist:OjamaYellow"],"player_choice":"Transformed","damage_taken":0,"max_hp_gain":0,"max_hp_loss":0,"event_name":"Transmorgrifier","floor":3,"gold_loss":0,"cards_obtained":["theDuelist:Relinquished"]},{"damage_healed":0,"gold_gain":0,"player_choice":"Leave","duelist":true,"damage_taken":0,"max_hp_gain":0,"max_hp_loss":0,"event_name":"Relic Duplicator","floor":5,"gold_loss":0},{"damage_healed":26,"gold_gain":0,"player_choice":"Heal","damage_taken":0,"max_hp_gain":0,"max_hp_loss":0,"event_name":"The Library","floor":25,"gold_loss":0},{"damage_healed":0,"gold_gain":0,"player_choice":"Leave","duelist":true,"damage_taken":0,"max_hp_gain":0,"max_hp_loss":0,"event_name":"Egyptian Village","floor":29,"gold_loss":0},{"damage_healed":0,"gold_gain":0,"player_choice":"Dig - random Duelist relic","duelist":true,"damage_taken":0,"max_hp_gain":0,"max_hp_loss":0,"event_name":"Aknamkanon\u0027s Tomb","floor":36,"gold_loss":0},{"damage_healed":0,"gold_gain":0,"player_choice":"Leave","duelist":true,"damage_taken":0,"max_hp_gain":0,"max_hp_loss":0,"event_name":"Millennium Items","floor":38,"gold_loss":0},{"cards_removed":["theDuelist:HappyLover"],"damage_healed":0,"gold_gain":0,"player_choice":"Offered Uncommon","damage_taken":0,"max_hp_gain":0,"max_hp_loss":0,"event_name":"Bonfire Elementals","floor":54,"gold_loss":0},{"power_reward":4,"total_magic_score":124,"gold_gain":0,"duelist":true,"damage_taken":0,"relics_obtained":[],"points":16,"max_hp_gain":7,"max_hp_loss":0,"spent_points":{"magic":4,"greed":0,"war":0,"power":4,"hunger":4},"event_name":"Nameless Tomb","hunger_reward":4,"floor":65,"gold_loss":0,"magic_reward":4,"cards_obtained":["theDuelist:Nameless:Magic:GracefulCharity","theDuelist:Nameless:Power:Beatraptor"]},{"cards_removed":["theDuelist:OjamaGreen"],"damage_healed":0,"gold_gain":0,"player_choice":"Elegance","damage_taken":0,"max_hp_gain":0,"max_hp_loss":0,"event_name":"Back to Basics","floor":71,"gold_loss":0},{"damage_healed":0,"gold_gain":0,"player_choice":"Ignored","damage_taken":0,"max_hp_gain":0,"max_hp_loss":0,"event_name":"Beggar","floor":72,"gold_loss":0},{"damage_healed":0,"gold_gain":0,"player_choice":"Shed Blood","damage_taken":24,"max_hp_gain":5,"max_hp_loss":0,"event_name":"Forgotten Altar","floor":73,"gold_loss":0},{"damage_healed":0,"gold_gain":0,"player_choice":"Ignored","damage_taken":0,"max_hp_gain":0,"max_hp_loss":0,"event_name":"Cursed Tome","floor":82,"gold_loss":0},{"damage_healed":0,"gold_gain":0,"player_choice":"Leave","duelist":true,"damage_taken":0,"max_hp_gain":0,"max_hp_loss":0,"event_name":"Tomb of the Nameless","floor":87,"gold_loss":0},{"damage_healed":0,"gold_gain":0,"player_choice":"Sold Ojama Country+ for 22 Gold.","duelist":true,"damage_taken":0,"max_hp_gain":0,"max_hp_loss":0,"event_name":"Card Trader","floor":89,"gold_loss":0},{"damage_healed":0,"gold_gain":0,"player_choice":"Fight","damage_taken":0,"max_hp_gain":0,"max_hp_loss":0,"event_name":"Mysterious Sphere","floor":96,"gold_loss":0}],"is_beta":false,"boss_relics":[{"not_picked":["ReplayTheSpireMod:DimensionalGlitch","Snecko Scales","hubris:CrackedHourglass"]},{"not_picked":["HoveringKite","Replay:Wanted Poster"],"picked":"Honey Jar"},{"not_picked":["hubris:RunicObelisk","theDuelist:MillenniumKey"],"picked":"Replay:Bronze Core"},{"not_picked":["Snecko Scales","theDuelist:ElectricKey","Kintsugi"]},{"not_picked":["theDuelist:GamblerChip","Painkiller Herb"],"picked":"Replay:Grab Bag"},{"not_picked":["Abe\u0027s Treasure","ReplayTheSpireMod:DimensionalGlitch"],"picked":"theDuelist:HauntedRelic"},{"not_picked":["hubris:GrandSneckoEye","Sozu"],"picked":"Fusion Hammer"},{"not_picked":["hubris:ScarierMask","Runic Cube"],"picked":"Black Star"}],"items_purged_floors":[20,81],"is_endless":true,"potions_floor_spawned":[1,8,10,14,16,23,33,44,50,57,67,69,80,84,92],"killed_by":"2 Orb Walkers","ascension_level":1}}