{"host":"m3herrhkesxm9ooc","time":1610965921,"event":{"mods":["BaseMod","Hermit","Minty Spire (QoL Compilation)","StSLib","The Gatherer"],"gold_per_floor":[111,111,111,111,132,132,175,190,190,190,211,211,232,245,245,341,341,341,341],"floor_reached":18,"language":"KOR","playtime":587,"items_purged":[],"score":300,"play_id":"499f70b9-85a2-4100-b796-d4deb8e2f289","local_time":"20210118193201","is_ascension_mode":true,"campfire_choices":[{"floor":6,"key":"REST"},{"floor":12,"key":"REST"},{"floor":15,"key":"REST"}],"circlet_count":0,"master_deck":["AscendersBane","hermit:Strike_Hermit","hermit:Strike_Hermit","hermit:Strike_Hermit","hermit:Strike_Hermit","hermit:Defend_Hermit","hermit:Defend_Hermit","hermit:Defend_Hermit","hermit:Defend_Hermit","hermit:Snapshot","hermit:Covet","hermit:HighCaliber+1","Injury","Regret","hermit:Headshot","hermit:LuckOfTheDraw","hermit:ShadowCloak","hermit:ShadowCloak","hermit:GoldenBullet","hermit:Glare","hermit:BlackWind"],"relics":["hermit:Momento","hermit:CharredGlove","Golden Idol","Toy Ornithopter","Letter Opener","Question Card","SlaversCollar"],"acts_visited":["Exordium","TheCity"],"potions_floor_usage":[7,13,16],"damage_taken":[{"damage":4,"enemies":"Jaw Worm","floor":1,"turns":5},{"damage":0,"enemies":"Small Slimes","floor":5,"turns":2},{"damage":38,"enemies":"Gremlin Nob","floor":7,"turns":5},{"damage":0,"enemies":"2 Louse","floor":8,"turns":1},{"damage":1,"enemies":"Exordium Wildlife","floor":11,"turns":3},{"damage":3,"enemies":"Blue Slaver","floor":13,"turns":3},{"damage":8,"enemies":"Large Slime","floor":14,"turns":5},{"damage":42,"enemies":"Slime Boss","floor":16,"turns":11},{"damage":51,"enemies":"3 Byrds","floor":18,"turns":4}],"seed_played":"3203076173603335133","potions_obtained":[{"floor":1,"key":"hermit:Tonic"},{"floor":7,"key":"LiquidBronze"},{"floor":8,"key":"SpeedPotion"}],"is_trial":false,"path_per_floor":["M","?","?","?","M","R","E","M","T","?","M","R","M","M","R","B",null,"M"],"character_chosen":"HERMIT","items_purchased":[],"campfire_rested":3,"item_purchase_floors":[],"current_hp_per_floor":[67,49,49,49,49,72,39,39,39,39,38,61,63,55,78,36,68,17,17],"gold":341,"neow_bonus":"TEN_PERCENT_HP_BONUS","is_daily":false,"chose_seed":false,"campfire_upgraded":0,"win_rate":0.0,"timestamp":1610965921,"path_taken":["M","?","?","?","M","R","E","M","T","?","?","R","M","M","R","BOSS","M"],"items_purchased_type":[],"build_version":"2020-12-22","purchased_purges":0,"victory":false,"max_hp_per_floor":[78,78,78,78,78,78,78,78,78,78,78,78,78,78,78,78,78,78,78],"card_choices":[{"not_picked":["hermit:CalledShot","hermit:Brawl"],"picked":"hermit:HighCaliber","floor":1},{"not_picked":["hermit:Roulette","hermit:Desperado"],"picked":"hermit:Headshot","floor":5},{"not_picked":["hermit:TakeAim","hermit:Quickdraw"],"picked":"hermit:LuckOfTheDraw","floor":7},{"not_picked":["hermit:Cheat","hermit:SprayPray"],"picked":"hermit:ShadowCloak","floor":8},{"not_picked":["hermit:Misfire","hermit:Roulette","hermit:ItchyTrigger"],"picked":"hermit:ShadowCloak","floor":11},{"not_picked":["hermit:TakeCover","hermit:HighNoon","hermit:Vantage"],"picked":"hermit:GoldenBullet","floor":13},{"not_picked":["hermit:Ricochet","hermit:Roulette","hermit:HighCaliber"],"picked":"hermit:Glare","floor":14},{"not_picked":["hermit:HeroicBravado","hermit:Adapt","hermit:Purgatory"],"picked":"hermit:BlackWind","floor":16}],"player_experience":677363,"relics_obtained":[{"floor":7,"key":"Letter Opener"},{"floor":9,"key":"Question Card"}],"event_choices":[{"damage_healed":0,"gold_gain":0,"player_choice":"Success","damage_taken":18,"relics_obtained":["hermit:CharredGlove"],"max_hp_gain":0,"max_hp_loss":0,"event_name":"Scrap Ooze","floor":2,"gold_loss":0},{"damage_healed":0,"gold_gain":0,"player_choice":"Take Wound","damage_taken":0,"relics_obtained":["Golden Idol"],"max_hp_gain":0,"max_hp_loss":0,"event_name":"Golden Idol","floor":3,"gold_loss":0,"cards_obtained":["Injury"]},{"damage_healed":0,"gold_gain":0,"player_choice":"Box","damage_taken":0,"relics_obtained":["Toy Ornithopter"],"max_hp_gain":0,"max_hp_loss":0,"event_name":"Big Fish","floor":4,"gold_loss":0,"cards_obtained":["Regret"]},{"damage_healed":0,"gold_gain":0,"player_choice":"Grow","damage_taken":0,"max_hp_gain":0,"max_hp_loss":0,"event_name":"Living Wall","floor":10,"gold_loss":0,"cards_upgraded":["hermit:HighCaliber"]}],"is_beta":false,"boss_relics":[{"not_picked":["Philosopher\u0027s Stone","Snecko Eye"],"picked":"SlaversCollar"}],"items_purged_floors":[],"is_endless":false,"potions_floor_spawned":[1,7,8],"killed_by":"3 Byrds","ascension_level":17}}