{"host":"xen3g9xszuyodjyu","time":1610959306,"event":{"mods":["2.2 Compatiblity","AchievementEnabler","Arknights The Spire","BaseMod","Better Note","Colored Map","Colored Powertips","DeckTracker","Keyboard Shortcuts","Minty Spire (QoL Compilation)","Permanent Neow","Quick Restart","Rare Cards Sparkle","StSLib","SuperFastMode","everything is the same but u backflip on backflip"],"gold_per_floor":[3217,2892,2892,2892,1986,1997,1362,1362,1362,1394,1404,1284,1310,1328,1328,1429,1429,1445,1456,640,640,653,653,668,685,685,702,729,743,743,743,743,842,842,855,868,868,882,947,947,177,212,301,327,369,369,410,436,436,436,436,436,52,101,101],"floor_reached":56,"language":"KOR","playtime":4452,"items_purged":["ats:Strike V","ats:Defend","ats:Strike C","ats:Strike S","ats:Defend"],"score":1364,"play_id":"2d355aa1-8e3b-43a0-ab3c-edb2614d8056","local_time":"20210118174146","is_ascension_mode":false,"campfire_choices":[{"data":"ats:Rapid Magazine","floor":15,"key":"SMITH"},{"data":"ats:Roar Of Ursus","floor":23,"key":"SMITH"},{"floor":30,"key":"RECALL"},{"data":"ats:Powerful Strike","floor":32,"key":"SMITH"},{"data":"ats:Overload","floor":40,"key":"SMITH"},{"data":"ats:Armor Crushing Shot","floor":46,"key":"SMITH"},{"data":"ats:Ambush","floor":49,"key":"SMITH"},{"data":"ats:Support Order","floor":52,"key":"PURGE"}],"circlet_count":0,"master_deck":["ats:Armor Crushing Shot+1","ats:Emotion Absorption+1","ats:Revitalization","ats:Sunburst","ats:Hammer On","ats:Overload+1","ats:Rapid Magazine+1","ats:Roar Of Ursus+1","ats:Apocalypse+1","ats:Assault Order","ats:Powerful Strike+1","Phantasmal Killer+1","ats:Apocalypse+1","ats:Poison Spread+1","ats:Revitalization+1","ats:Healing Strengthening","ats:Healing Strengthening+1","ats:Wolf Pack","ats:Magnetic Hammer+1","ats:Ambush+1","ats:Childhood Dance+1","ats:Shell Defense+1","ats:Shell Defense+1","ats:Chain Hook"],"relics":["ats:Sanity","StoneCalendar","ClockworkSouvenir","Eternal Feather","Pear","Letter Opener","ats:Snipe","Bag of Marbles","Bird Faced Urn","ats:Originium","InkBottle","PreservedInsect","Strawberry","Ice Cream","Philosopher\u0027s Stone","Lee\u0027s Waffle","ats:Lavender","Pen Nib","ats:Berate","Coffee Dripper","ats:Gyao","Oddly Smooth Stone","Happy Flower","Orrery","Mummified Hand","Shovel","Peace Pipe","Torii","ats:Rhine Circuitry"],"acts_visited":["Exordium","TheCity","TheBeyond","TheEnding"],"potions_floor_usage":[10,13,18,24,27,33,33,36,42,50,50,55,55],"damage_taken":[{"damage":5,"enemies":"Jaw Worm","floor":1,"turns":4},{"damage":8,"enemies":"Small Slimes","floor":6,"turns":3},{"damage":13,"enemies":"3 Sentries","floor":10,"turns":4},{"damage":1,"enemies":"2 Louse","floor":11,"turns":2},{"damage":13,"enemies":"Gremlin Nob","floor":13,"turns":3},{"damage":21,"enemies":"Red Slaver","floor":14,"turns":3},{"damage":99,"enemies":"The Guardian","floor":16,"turns":10},{"damage":33,"enemies":"3 Byrds","floor":18,"turns":4},{"damage":34,"enemies":"Spheric Guardian","floor":19,"turns":5},{"damage":29,"enemies":"Chosen and Byrds","floor":22,"turns":5},{"damage":22,"enemies":"Snecko","floor":24,"turns":4},{"damage":39,"enemies":"Shelled Parasite and Fungi","floor":25,"turns":4},{"damage":16,"enemies":"Chosen and Byrds","floor":27,"turns":4},{"damage":47,"enemies":"Book of Stabbing","floor":28,"turns":4},{"damage":13,"enemies":"Cultist and Chosen","floor":29,"turns":4},{"damage":45,"enemies":"Collector","floor":33,"turns":5},{"damage":41,"enemies":"3 Shapes","floor":35,"turns":4},{"damage":42,"enemies":"3 Darklings","floor":36,"turns":5},{"damage":90,"enemies":"Writhing Mass","floor":38,"turns":5},{"damage":0,"enemies":"Mind Bloom Boss Battle","floor":39,"turns":5},{"damage":22,"enemies":"Jaw Worm Horde","floor":42,"turns":5},{"damage":22,"enemies":"4 Shapes","floor":44,"turns":4},{"damage":44,"enemies":"Reptomancer","floor":45,"turns":5},{"damage":31,"enemies":"Giant Head","floor":47,"turns":7},{"damage":26,"enemies":"Sphere and 2 Shapes","floor":48,"turns":5},{"damage":117,"enemies":"Time Eater","floor":50,"turns":14},{"damage":29,"enemies":"Shield and Spear","floor":54,"turns":5},{"damage":559,"enemies":"The Heart","floor":55,"turns":15}],"seed_played":"1780276995435412412","potions_obtained":[{"floor":1,"key":"Fire Potion"},{"floor":6,"key":"Energy Potion"},{"floor":14,"key":"FairyPotion"},{"floor":19,"key":"ats:Emergency Sanity Potion"},{"floor":25,"key":"Weak Potion"},{"floor":27,"key":"DistilledChaos"},{"floor":33,"key":"Strength Potion"},{"floor":38,"key":"FearPotion"},{"floor":39,"key":"Regen Potion"},{"floor":42,"key":"Energy Potion"},{"floor":54,"key":"ats:Emergency Sanity Potion"}],"is_trial":false,"path_per_floor":["M","$","?","?","$","M","$","?","T","E","M","?","E","M","R","B",null,"M","M","$","?","M","R","M","M","T","M","E","M","R","?","R","B",null,"M","M","?","M","?","R","$","M","T","M","E","R","E","M","R","B",null,"R","$","E","B",null],"character_chosen":"DOCTOR_CLASS","items_purchased":["ClockworkSouvenir","Fire Potion","ats:Poison Spread","Pear","Letter Opener","ats:Snipe","ats:Support Order","ats:Apocalypse","ats:Sunburst","Bag of Marbles","Bird Faced Urn","ats:Overload","Lee\u0027s Waffle","ats:Lavender","Pen Nib","Energy Potion","ats:Powerful Strike","Oddly Smooth Stone","Happy Flower","ats:Wolf Pack","Orrery","Torii","GamblersBrew"],"campfire_rested":0,"item_purchase_floors":[2,2,2,5,5,5,5,5,5,7,7,7,20,20,20,20,20,41,41,41,41,53,53],"current_hp_per_floor":[60,60,60,53,63,61,61,61,61,54,55,55,60,47,56,62,82,65,61,89,89,71,80,76,58,58,68,43,56,68,68,77,63,89,60,54,54,25,89,89,89,79,79,84,83,89,89,89,89,71,89,89,89,73,173],"gold":101,"neow_bonus":"ONE_RARE_RELIC","is_daily":false,"chose_seed":false,"campfire_upgraded":6,"win_rate":0.0,"timestamp":1610959306,"path_taken":["M","$","?","?","$","M","$","?","T","E","?","?","E","M","R","BOSS","M","M","$","?","M","R","M","M","T","M","E","M","R","?","R","BOSS","M","?","?","M","?","R","$","M","T","?","E","R","E","M","R","BOSS","R","$","E","BOSS"],"items_purchased_type":["Relic","Potion","Card","Relic","Relic","Relic","Card","Card","Card","Relic","Relic","Card","Relic","Relic","Relic","Potion","Card","Relic","Relic","Card","Relic","Relic","Potion"],"build_version":"2020-12-22","purchased_purges":5,"victory":true,"max_hp_per_floor":[65,65,65,65,75,75,75,75,75,75,75,75,82,82,82,82,82,82,82,89,89,89,89,89,89,89,89,89,89,89,89,89,89,89,89,89,89,89,89,89,89,89,89,89,89,89,89,89,89,89,89,89,89,89,289],"card_choices":[{"not_picked":["ats:Demon Strength","ats:Explosion Area Strengthen"],"picked":"ats:Revitalization","floor":1},{"not_picked":["ats:Assault Order","ats:Poison Spread"],"picked":"ats:Hammer On","floor":6},{"not_picked":["ats:Composite Medical Shells","ats:Hammer On"],"picked":"ats:Rapid Magazine","floor":10},{"not_picked":["ats:Thermite Blade","ats:Powerful Strike"],"picked":"ats:Song Of Battle","floor":11},{"not_picked":["ats:Sunburst","ats:Collapsing Strike","ats:Shadow Raid"],"picked":"SKIP","floor":13},{"not_picked":["ats:Sunburst","ats:Collapsing Strike","ats:Shadow Raid"],"picked":"SKIP","floor":13},{"not_picked":["ats:Hammer On","ats:Soul Absorption"],"picked":"ats:Apocalypse","floor":14},{"not_picked":["ats:Dogmatic Field","ats:Calcification"],"picked":"ats:Roar Of Ursus","floor":16},{"not_picked":["ats:Shell Defense","ats:Composite Medical Shells"],"picked":"ats:Apocalypse+1","floor":18},{"not_picked":["ats:Powerful Strike+1","ats:Ignite+1"],"picked":"ats:Assault Order","floor":19},{"not_picked":["ats:Curse Doll+1","ats:Closed Bolt Burst Fire"],"picked":"ats:Apocalypse+1","floor":22},{"not_picked":["ats:Echo Reverb","ats:Curse Doll"],"picked":"ats:Poison Spread+1","floor":24},{"not_picked":["ats:Explosion Area Strengthen","ats:Flexible Camouflage","ats:Assault Order"],"picked":"SKIP","floor":25},{"not_picked":["ats:Thorns","ats:Explosion Area Strengthen+1"],"picked":"ats:Revitalization+1","floor":27},{"not_picked":["ats:Childhood Dance","ats:Part Time Job","ats:Very Hot Blade"],"picked":"SKIP","floor":28},{"not_picked":["ats:Powerful Strike","ats:Curse Doll","ats:Support Order"],"picked":"SKIP","floor":29},{"not_picked":["ats:Flame Of Heaven+1","ats:Shadow Raid"],"picked":"ats:Healing Strengthening","floor":35},{"not_picked":["ats:LN2 Cannon+1","ats:Consecutive Shot Auto"],"picked":"ats:Healing Strengthening+1","floor":36},{"not_picked":["ats:Shell Defense+1","ats:Ignite","ats:Hammer On"],"picked":"SKIP","floor":38},{"not_picked":["ats:Explosion Area Strengthen+1","ats:Consecutive Shot Auto+1"],"picked":"ats:Magnetic Hammer+1","floor":41},{"not_picked":["ats:Apocalypse+1","ats:Composite Medical Shells+1"],"picked":"ats:Ambush","floor":41},{"not_picked":["ats:Song Of Battle","ats:Ignite+1"],"picked":"ats:Childhood Dance+1","floor":41},{"not_picked":["ats:Overload","ats:Flame Of Heaven+1"],"picked":"ats:Shell Defense+1","floor":41},{"not_picked":["ats:Revitalization+1","ats:Demon Strength+1"],"picked":"ats:Shell Defense+1","floor":42},{"not_picked":["ats:Steam Pump+1","ats:Closed Bolt Burst Fire+1","ats:Curse Doll+1"],"picked":"SKIP","floor":44},{"not_picked":["ats:Apocalypse","ats:Cat Scratch","ats:Assault Order"],"picked":"SKIP","floor":45},{"not_picked":["ats:Poison Spread","ats:Shell Defense+1"],"picked":"ats:Chain Hook","floor":47},{"not_picked":["ats:Explosion Area Strengthen+1","ats:Collapsing Strike","ats:Spore Proliferation"],"picked":"SKIP","floor":48},{"not_picked":["ats:Hammer On","ats:Flexible Camouflage+1","ats:Assault Order"],"picked":"SKIP","floor":54}],"player_experience":43223,"relics_obtained":[{"floor":10,"key":"ats:Originium"},{"floor":10,"key":"InkBottle"},{"floor":13,"key":"ats:Originium"},{"floor":13,"key":"Strawberry"},{"floor":26,"key":"ats:Berate"},{"floor":28,"key":"ats:Originium"},{"floor":39,"key":"ats:Gyao"},{"floor":43,"key":"Mummified Hand"},{"floor":45,"key":"Shovel"},{"floor":47,"key":"Peace Pipe"},{"floor":54,"key":"ats:Rhine Circuitry"}],"event_choices":[{"damage_healed":0,"gold_gain":0,"player_choice":"Grow","damage_taken":0,"max_hp_gain":0,"max_hp_loss":0,"event_name":"Living Wall","floor":3,"gold_loss":0,"cards_upgraded":["ats:Emotion Absorption"]},{"damage_healed":0,"gold_gain":0,"player_choice":"Success","damage_taken":7,"relics_obtained":["Eternal Feather"],"max_hp_gain":0,"max_hp_loss":0,"event_name":"Scrap Ooze","floor":4,"gold_loss":0},{"damage_healed":0,"gold_gain":0,"player_choice":"Ignored","damage_taken":0,"max_hp_gain":0,"max_hp_loss":0,"event_name":"Liars Game","floor":8,"gold_loss":0},{"damage_healed":0,"gold_gain":0,"player_choice":"Paid Gold","damage_taken":0,"relics_obtained":["PreservedInsect"],"max_hp_gain":0,"max_hp_loss":0,"event_name":"WeMeetAgain","floor":12,"gold_loss":120},{"cards_removed":["ats:Revitalization"],"damage_healed":0,"gold_gain":0,"player_choice":"Take \u0026 Give","damage_taken":0,"max_hp_gain":0,"max_hp_loss":0,"event_name":"betterNote:BetterNote","floor":21,"gold_loss":0,"cards_obtained":["Phantasmal Killer"]},{"cards_removed":["ats:Song Of Battle"],"damage_healed":0,"gold_gain":0,"player_choice":"Purged","damage_taken":0,"max_hp_gain":0,"max_hp_loss":0,"event_name":"Purifier","floor":31,"gold_loss":0},{"cards_removed":["ats:Poison Spread"],"damage_healed":0,"gold_gain":0,"player_choice":"Removed Attack","damage_taken":0,"max_hp_gain":0,"max_hp_loss":0,"event_name":"Falling","floor":37,"gold_loss":0},{"damage_healed":0,"gold_gain":0,"player_choice":"Fight","damage_taken":0,"max_hp_gain":0,"max_hp_loss":0,"event_name":"MindBloom","floor":39,"gold_loss":0}],"is_beta":false,"boss_relics":[{"not_picked":["Sozu","Fusion Hammer"],"picked":"Philosopher\u0027s Stone"},{"not_picked":["Empty Cage","Runic Dome"],"picked":"Coffee Dripper"}],"items_purged_floors":[2,5,7,20,41],"is_endless":false,"potions_floor_spawned":[1,6,14,19,24,25,27,33,38,39,42,47,54],"ascension_level":0}}