{"host":"qkbnayyek6fga752","time":1610954022,"event":{"mods":["2.2 Compatiblity","Aspiration","Astrologer","Bard","BaseMod","Beaked The Cultist","Better Altar","Better Match","Better Note","Better Sensory Stone","Better Skull","Better Third Choice","CCEM","CapriCore","ChefMod","Clockwork Mod","Conspire","Ekko","Energized Spire","Evolution","Glutton Mod","Hermit","Hubris","Humility","Jedi Mod","Koishi","Mad Scientist","Marisa????????","Minty Spire (QoL Compilation)","Quarter Circle Forward PUNCH!","Random Character Mod","Replay The Spire","Robot Space Explorer","SIMod","Spicy Shops","StSLib","The Administrix","The Alterego","The Blackbeard","The Blue Laboratory","The Bug Knight","The Construct","The Cursed","The Death Knight","The Disciple","The Druid","The Edgeheg","The Exalted","The Forsaken","The Gatherer","The Hayseed","The Hierophant","The Immortal","The Marked","The Mystic","The Necromancer","The Problem Sleuth","The Runesmith","The Sage","The Senshi","The Vixen","TheBandit","TheFirefly","TheLocksmith","TheSwordswoman","TheVacant","Trackpad","Wandering Minibosses","Yuri Mod","thorton","vexMod","??????REMEMod"],"gold_per_floor":[119,119,40,60,80,80,112,129,174,205,218,218,218,248,248,343,343,358,368,383,403,4,4,4,0,0,0,0,0,0,0,0,0,0],"floor_reached":33,"language":"ENG","playtime":2955,"items_purged":[],"score":397,"play_id":"b00a9b9a-f57f-4329-a536-8d1a1bc72d2c","local_time":"20210118021342","daily_mods":["SealedDeck","Heirloom","DeadlyEvents","Elite Swarm","Uncertain Future"],"is_ascension_mode":false,"campfire_choices":[{"data":"theMarked:ComboAttacks","floor":6,"key":"SMITH"},{"floor":12,"key":"REST"},{"data":"theMarked:HeightenedSenses","floor":15,"key":"SMITH"},{"floor":24,"key":"REST"},{"floor":27,"key":"REST"},{"floor":32,"key":"REST"}],"circlet_count":0,"master_deck":["DeathKnight:Pestilence","theMarked:Overthink","theMarked:RepellingDischarge","theMarked:RepellingDischarge","theMarked:RepellingDischarge","theMarked:ParalyzingBlade","theMarked:HeightenedSenses","theMarked:HeightenedSenses+1","theMarked:EmpowerWeapon","theMarked:Opportunist","theMarked:ComboAttacks+1","thefirefly:Lamentation","theMarked:GodGivenPower","theMarked:EmpowerWeapon","theMarked:HeritageOfTheMarked","theMarked:MagicAdept+1","theMarked:SummonStrength","theMarked:SoldierForm","theMarked:MagicAdept","theMarked:ElementalBlade+1","theMarked:DeterminationOfTheMarked","theMarked:Standoff","theMarked:Opportunist","theMarked:MysticalArsenal","REME_Flogging","Clockwork:TimeWalk","theMarked:BindingBlade","theMarked:SuspiciousRaven","theMarked:WardOff+1","Clockwork:SiegeStrike"],"relics":["theMarked:ArtifactOfAir","EVO:Axolotl","REME_ComplimentaryCards","trackpad:ToughGloves","Lantern","Replay:Wax Seal","vexMod:ScavengeHelm","Strawberry","qcfpunch:Wild_Herbs_Ointment","Nunchaku","Painkiller Herb","jedi:ominousloannote","Replay:Ringing Soul","hubris:DisguiseKit","Smiling Mask","trackpad:FieryHotPepper","trackpad:PetRock","Chameleon Ring","Gremlin Food"],"acts_visited":["Exordium","TheCity"],"potions_floor_usage":[8,8,20,20,23,28],"damage_taken":[{"damage":0,"enemies":"2 Louse","floor":1,"turns":3},{"damage":12,"enemies":"Jaw Worm","floor":4,"turns":4},{"damage":0,"enemies":"Small Slimes","floor":5,"turns":4},{"damage":10,"enemies":"3 Sentries","floor":7,"turns":5},{"damage":5,"enemies":"Gremlin Gang","floor":8,"turns":4},{"damage":5,"enemies":"HollowMod:MossKnight","floor":10,"turns":6},{"damage":17,"enemies":"Exordium Wildlife","floor":11,"turns":6},{"damage":15,"enemies":"3 Sentries","floor":14,"turns":6},{"damage":18,"enemies":"Hexaghost","floor":16,"turns":8},{"damage":23,"enemies":"Spheric Guardian","floor":18,"turns":6},{"damage":4,"enemies":"3 Byrds","floor":19,"turns":6},{"damage":1,"enemies":"Shelled Parasite and Fungi","floor":20,"turns":5},{"damage":7,"enemies":"3 Cultists","floor":21,"turns":5},{"damage":26,"enemies":"Slavers","floor":23,"turns":5},{"damage":35,"enemies":"Gremlin Leader","floor":25,"turns":7},{"damage":35,"enemies":"Slavers","floor":28,"turns":4},{"damage":3,"enemies":"Centurion and Healer","floor":29,"turns":5},{"damage":34,"enemies":"Book of Stabbing","floor":30,"turns":5},{"damage":10,"enemies":"Snecko","floor":31,"turns":4},{"damage":53,"enemies":"hubris:MusketHawk","floor":33,"turns":6}],"seed_played":"3904724475208668556","potions_obtained":[{"floor":4,"key":"Energy Potion"},{"floor":7,"key":"Energy Potion"},{"floor":10,"key":"conspire:TimeTravelPotion"},{"floor":16,"key":"Languid Potion"},{"floor":19,"key":"AttackPotion"},{"floor":21,"key":"Block Potion"},{"floor":28,"key":"Elixir"},{"floor":29,"key":"SteroidPotion"},{"floor":30,"key":"blueLaboratory:PhilterOfMotion"},{"floor":31,"key":"SteroidPotion"}],"is_trial":true,"path_per_floor":["M","?","$","M","M","R","E","M","T","E","M","R","?","E","R","B",null,"?","?","?","?","T","E","T","E","T","T","E","?","E","?","T","B"],"character_chosen":"THE_DEFAULT","items_purchased":["Replay:Wax Seal","jedi:ominousloannote","Replay:Ringing Soul","theMarked:MysticalArsenal","hubris:DisguiseKit","REME_Flogging"],"campfire_rested":4,"item_purchase_floors":[3,22,22,22,22,22],"current_hp_per_floor":[70,70,70,58,58,58,48,43,50,45,28,51,51,36,36,18,77,58,54,53,46,49,30,57,29,29,58,51,51,24,14,47,0,0],"gold":0,"neow_bonus":"","is_daily":false,"chose_seed":false,"campfire_upgraded":2,"win_rate":0.0,"timestamp":1610954022,"path_taken":["M","?","$","M","M","R","E","M","T","E","?","R","?","E","R","BOSS","?","?","?","?","T","E","T","E","T","T","E","?","?","?","T","BOSS"],"items_purchased_type":["Relic","Relic","Relic","Card","Relic","Card"],"build_version":"2020-12-22","purchased_purges":0,"victory":false,"max_hp_per_floor":[70,70,70,70,70,70,70,70,77,77,77,77,77,77,77,77,77,81,81,81,81,84,91,91,98,98,98,101,104,111,111,111,111,111],"card_choices":[{"not_picked":["theMarked:Improvise","theMarked:HeightenedSenses"],"picked":"theMarked:GodGivenPower","floor":1},{"not_picked":["theMarked:WastefulAttack","theMarked:BanishingStrike"],"picked":"theMarked:EmpowerWeapon","floor":4},{"not_picked":["theMarked:WardOff","theMarked:Frustration"],"picked":"theMarked:HeritageOfTheMarked","floor":5},{"not_picked":["theMarked:Levitate","theMarked:Snap"],"picked":"theMarked:MagicAdept","floor":7},{"not_picked":["theMarked:TakeCover","theMarked:Parkour","theMarked:Aftermath"],"picked":"SKIP","floor":8},{"not_picked":["theMarked:UnarmedFury","theMarked:ThrowWeapon"],"picked":"theMarked:SummonStrength","floor":10},{"not_picked":["theMarked:Aftermath","theMarked:SwordAndMagic","theMarked:Improvise"],"picked":"SKIP","floor":11},{"not_picked":["theMarked:ThrowWeapon","theMarked:Levitate"],"picked":"theMarked:SoldierForm","floor":14},{"not_picked":["theMarked:Defy","theMarked:Snap"],"picked":"theMarked:MagicAdept","floor":16},{"not_picked":["theMarked:BanishingStrike","theMarked:Improvise"],"picked":"theMarked:ElementalBlade","floor":18},{"not_picked":["theMarked:ChainLightning","theMarked:BanishingStrike"],"picked":"theMarked:DeterminationOfTheMarked","floor":19},{"not_picked":["theMarked:TwofoldDefense","theMarked:Opportunist+1"],"picked":"theMarked:Standoff","floor":20},{"not_picked":["theMarked:EmpowerWeapon+1","theMarked:ResourceFulStrike"],"picked":"theMarked:Opportunist","floor":21},{"not_picked":["theMarked:MuscleMemory","theMarked:Abjuration","theMarked:MagicAdept"],"picked":"Clockwork:TimeWalk","floor":23},{"not_picked":["theMarked:ChannelForce","theMarked:SummonStrength","Clockwork:Strangle"],"picked":"theMarked:BindingBlade","floor":25},{"not_picked":["theMarked:SummonStrength","theMarked:Vacuum","Clockwork:WindupStrike"],"picked":"theMarked:SuspiciousRaven","floor":28},{"not_picked":["theMarked:SwordAndMagic","theMarked:Indomitable+1","Clockwork:SystemScan"],"picked":"theMarked:WardOff+1","floor":29},{"not_picked":["theMarked:DispelDoubt","theMarked:TakeOffHeels","theMarked:UnarmedFury"],"picked":"Clockwork:SiegeStrike","floor":30},{"not_picked":["theMarked:Frustration","theMarked:ElementalBlade","theMarked:ResourceFulStrike","Clockwork:SpringShield"],"picked":"SKIP","floor":31}],"player_experience":414919,"relics_obtained":[{"floor":7,"key":"vexMod:ScavengeHelm"},{"floor":9,"key":"Strawberry"},{"floor":10,"key":"qcfpunch:Wild_Herbs_Ointment"},{"floor":14,"key":"Nunchaku"},{"floor":23,"key":"Smiling Mask"},{"floor":25,"key":"trackpad:FieryHotPepper"},{"floor":26,"key":"trackpad:PetRock"},{"floor":28,"key":"Chameleon Ring"},{"floor":30,"key":"Gremlin Food"}],"event_choices":[{"damage_healed":0,"gold_gain":0,"player_choice":"Upgraded","damage_taken":0,"max_hp_gain":0,"max_hp_loss":0,"event_name":"Upgrade Shrine","floor":13,"gold_loss":0,"cards_upgraded":["theMarked:MagicAdept"]}],"is_beta":false,"boss_relics":[{"not_picked":["Black Star","qcfpunch:Killian_Engine_Alpha"],"picked":"Painkiller Herb"}],"items_purged_floors":[],"is_endless":false,"potions_floor_spawned":[4,7,10,16,19,21,28,29,30,31],"killed_by":"hubris:MusketHawk","ascension_level":0}}