{"host":"56ghxnzsglgdq727","time":1610932236,"event":{"mods":["AchievementEnabler","BaseMod","Downfall","Duelist Mod","Minty Spire (QoL Compilation)","Rare Cards Sparkle","StSLib","The Bug Knight","The Exalted","The Senshi","The Wild Card"],"gold_per_floor":[395,61,61,79,7,36,46,46,46],"floor_reached":8,"language":"ENG","playtime":383,"items_purged":["theDuelist:GravekeeperCurse"],"score":78,"play_id":"d715019f-c686-4832-96a4-d0bb62e5aed1","local_time":"20210117201036","is_ascension_mode":true,"campfire_choices":[],"circlet_count":0,"master_deck":["theDuelist:Biofalcon","theDuelist:CastleWalls","theDuelist:CastleWalls","theDuelist:Deskbot004","theDuelist:Deskbot004","theDuelist:Deskbot005","theDuelist:Deskbot005","theDuelist:GreenGadget","theDuelist:Sparks","theDuelist:Sparks","theDuelist:GoldenBlastJuggler","theDuelist:MachineFactory","theDuelist:StimPack"],"relics":["theDuelist:MillenniumPuzzle","theDuelist:CardPoolRelic","theDuelist:CardPoolBasicRelic","theDuelist:BoosterPackPoolRelic","theDuelist:CardPoolAddRelic","theDuelist:CardPoolMinusRelic","theDuelist:CardPoolSaveRelic","theDuelist:CardPoolOptionsRelic","Matryoshka","Bag of Marbles"],"acts_visited":["Exordium"],"potions_floor_usage":[6,6,7],"damage_taken":[{"damage":10,"enemies":"Small Slimes","floor":1,"turns":4},{"damage":4,"enemies":"Cultist","floor":4,"turns":4},{"damage":29,"enemies":"3 Sentries","floor":6,"turns":12},{"damage":6,"enemies":"2 Louse","floor":7,"turns":2},{"damage":11,"enemies":"Gremlin Nob","floor":8,"turns":3}],"seed_played":"3737408328057182018","potions_obtained":[{"floor":1,"key":"FocusPotion"},{"floor":4,"key":"sneckomod:MuddlingPotion"},{"floor":6,"key":"theDuelist:MillenniumElixir"}],"is_trial":false,"path_per_floor":["M","$","?","M","$","E","M","E"],"character_chosen":"THE_DUELIST","items_purchased":["Matryoshka","theDuelist:MachineFactory"],"campfire_rested":0,"item_purchase_floors":[2,5],"current_hp_per_floor":[62,62,62,58,58,29,23,12,12],"gold":46,"neow_bonus":"TWO_FIFTY_GOLD","is_daily":false,"chose_seed":false,"campfire_upgraded":0,"win_rate":0.0,"timestamp":1610932236,"path_taken":["M","$","?","M","$","E","M","E"],"items_purchased_type":["Relic","Card"],"build_version":"2020-12-22","purchased_purges":1,"victory":false,"max_hp_per_floor":[80,80,80,80,80,80,80,80,80],"card_choices":[{"not_picked":["theDuelist:Deskbot001","theDuelist:CyberRaider","theDuelist:CardsFromTheSky"],"picked":"SKIP","floor":1},{"not_picked":["theDuelist:OrbitalBombardment","theDuelist:SolemnStrike"],"picked":"theDuelist:GoldenBlastJuggler","floor":4},{"not_picked":["theDuelist:BigFire","theDuelist:Hinotama","theDuelist:FluteKuriboh"],"picked":"SKIP","floor":6},{"not_picked":["theDuelist:Factory100Machines","theDuelist:CyberArchfiend"],"picked":"theDuelist:StimPack","floor":7}],"player_experience":279295,"relics_obtained":[{"floor":6,"key":"Bag of Marbles"}],"event_choices":[{"damage_healed":0,"gold_gain":0,"player_choice":"Leave","duelist":true,"damage_taken":0,"max_hp_gain":0,"max_hp_loss":0,"event_name":"Battle City","floor":3,"gold_loss":0}],"is_beta":false,"boss_relics":[],"items_purged_floors":[2],"is_endless":false,"potions_floor_spawned":[1,4,6],"killed_by":"Gremlin Nob","ascension_level":8}}