{"host":"w3q5ijqu8eoknil3","time":1610942551,"event":{"mods":["AchievementEnabler","BaseMod","Block Reminder","Colored Map","Colored Powertips","Curses Come First","Dark Map","Minty Spire (QoL Compilation)","Quick Restart","Relic Stats","StSLib","ojb\u0027s Better Paths Mod","ojb\u0027s Info Mod","slay the spire mod where everything is the same but ironclad has a cowboy hat"],"gold_per_floor":[11,11,23,33,51,76,76,76,103,118,138,213,233,248,248,322,322,337,337,34,50,50,50,62,62,62],"floor_reached":25,"language":"ENG","playtime":1126,"items_purged":["Accuracy"],"score":390,"play_id":"524f53de-f371-4f95-9ede-5fef6bf4ae3b","local_time":"20210118040231","is_ascension_mode":true,"campfire_choices":[{"data":"Crippling Poison","floor":7,"key":"SMITH"},{"floor":15,"key":"REST"},{"floor":23,"key":"REST"}],"circlet_count":0,"master_deck":["AscendersBane","Survivor","Neutralize","Masterful Stab","Finisher","Blade Dance","PiercingWail","Skewer","Dash","Crippling Poison+1","Outmaneuver","Flying Knee","Bouncing Flask","Corpse Explosion","Backflip","Unload","Calculated Gamble","Phantasmal Killer","Predator","Tools of the Trade","Doppelganger","Terror","Tools of the Trade","Bane","Adrenaline","Footwork","Blur","Dagger Spray","Footwork","Catalyst","Acrobatics"],"relics":["Ring of the Snake","Prayer Wheel","Orichalcum","Smiling Mask","Odd Mushroom","Pandora\u0027s Box","Chemical X"],"acts_visited":["Exordium","TheCity"],"potions_floor_usage":[14,16,16,21,21],"damage_taken":[{"damage":2.0,"enemies":"2 Louse","floor":1.0,"turns":3.0},{"damage":0.0,"enemies":"Cultist","floor":3.0,"turns":2.0},{"damage":4,"enemies":"Jaw Worm","floor":4,"turns":2},{"damage":13,"enemies":"Large Slime","floor":5,"turns":6},{"damage":17,"enemies":"3 Sentries","floor":6,"turns":8},{"damage":3,"enemies":"3 Louse","floor":10,"turns":4},{"damage":1,"enemies":"Looter","floor":11,"turns":4},{"damage":0,"enemies":"The Mushroom Lair","floor":13,"turns":2},{"damage":0,"enemies":"2 Fungi Beasts","floor":14,"turns":2},{"damage":18,"enemies":"The Guardian","floor":16,"turns":10},{"damage":12,"enemies":"2 Thieves","floor":18,"turns":5},{"damage":12,"enemies":"Shell Parasite","floor":21,"turns":6},{"damage":14,"enemies":"Snake Plant","floor":24,"turns":4},{"damage":17,"enemies":"Centurion and Healer","floor":25,"turns":4}],"seed_played":"1168570495950613653","potions_obtained":[{"floor":4,"key":"CultistPotion"},{"floor":5,"key":"SteroidPotion"},{"floor":14,"key":"SpeedPotion"},{"floor":16,"key":"LiquidMemories"},{"floor":18,"key":"ColorlessPotion"}],"is_trial":false,"path_per_floor":["M","?","M","M","M","E","R","$","T","M","M","?","?","M","R","B",null,"M","?","$","M","?","R","M","M"],"character_chosen":"THE_SILENT","items_purchased":["Chemical X","Footwork"],"campfire_rested":2,"item_purchase_floors":[20,20],"current_hp_per_floor":[57,57,57,53,40,23,23,23,23,20,19,8,8,8,27,9,52,40,40,40,28,10,31,17,0,0],"gold":62,"neow_bonus":"ONE_RARE_RELIC","is_daily":false,"chose_seed":false,"campfire_upgraded":1,"win_rate":0.0,"timestamp":1610942551,"path_taken":["M","?","M","M","?","E","R","?","T","M","M","?","?","M","R","BOSS","M","?","$","M","?","R","M","M"],"items_purchased_type":["Relic","Card"],"build_version":"2020-12-22","purchased_purges":1,"victory":false,"max_hp_per_floor":[66,66,66,66,66,66,66,66,66,66,66,66,66,66,66,66,66,66,66,66,66,71,71,71,71,71],"relic_stats":{"counters":[14,62],"Prayer Wheel":11,"Pandora\u0027s Box":["Predator","Tools of the Trade","Doppelganger","Terror","Tools of the Trade","Bane","Accuracy","Adrenaline","Footwork","Blur"],"Chemical X":[3],"Orichalcum":[108],"Smiling Mask":25,"obtain_stats":[{"Prayer Wheel":0,"Pandora\u0027s Box":17,"Chemical X":20,"Orichalcum":6,"Odd Mushroom":13,"Smiling Mask":9,"Ring of the Snake":0},{"Prayer Wheel":0,"Pandora\u0027s Box":10,"Chemical X":11,"Orichalcum":5,"Odd Mushroom":8,"Smiling Mask":5,"Ring of the Snake":0},{"Prayer Wheel":0,"Pandora\u0027s Box":43,"Chemical X":48,"Orichalcum":21,"Odd Mushroom":31,"Smiling Mask":21,"Ring of the Snake":0}],"Ring of the Snake":[28]},"card_choices":[{"not_picked":["Quick Slash","Outmaneuver"],"picked":"Masterful Stab","floor":1.0},{"not_picked":["Dagger Throw","Outmaneuver"],"picked":"Finisher","floor":1.0},{"not_picked":["Well Laid Plans","Prepared"],"picked":"Blade Dance","floor":3},{"not_picked":["Deadly Poison","Backflip"],"picked":"PiercingWail","floor":3},{"not_picked":["Footwork","Setup"],"picked":"Skewer","floor":4},{"not_picked":["Outmaneuver","Flying Knee"],"picked":"Dash","floor":4},{"not_picked":["Finisher","Flying Knee"],"picked":"Crippling Poison","floor":5},{"not_picked":["Dagger Throw","Crippling Poison"],"picked":"Outmaneuver","floor":5},{"not_picked":["Slice","Flechettes"],"picked":"Flying Knee","floor":6},{"not_picked":["Quick Slash","Bane"],"picked":"Bouncing Flask","floor":10},{"not_picked":["Infinite Blades","Cloak And Dagger","Deflect"],"picked":"SKIP","floor":10},{"not_picked":["Slice","Prepared"],"picked":"Corpse Explosion","floor":11},{"not_picked":["Slice","Dodge and Roll","Endless Agony"],"picked":"SKIP","floor":11},{"not_picked":["Bane","Bouncing Flask"],"picked":"Backflip","floor":13},{"not_picked":["Underhanded Strike","Flechettes"],"picked":"Unload","floor":14},{"not_picked":["Dagger Spray","Cloak And Dagger"],"picked":"Calculated Gamble","floor":14},{"not_picked":["Storm of Steel","Corpse Explosion"],"picked":"Phantasmal Killer","floor":16},{"not_picked":["Distraction","Skewer"],"picked":"Dagger Spray","floor":18},{"not_picked":["Quick Slash","Prepared","Masterful Stab"],"picked":"SKIP","floor":18},{"not_picked":["Underhanded Strike+1","Sucker Punch+1"],"picked":"Catalyst","floor":21},{"not_picked":["Dagger Throw+1","Poisoned Stab","Outmaneuver"],"picked":"SKIP","floor":21},{"not_picked":["Flying Knee","Blade Dance"],"picked":"Acrobatics","floor":24},{"not_picked":["Sucker Punch","Prepared","Bane"],"picked":"SKIP","floor":24}],"player_experience":986584,"relics_obtained":[{"floor":6,"key":"Orichalcum"},{"floor":9,"key":"Smiling Mask"},{"floor":13,"key":"Odd Mushroom"}],"event_choices":[{"damage_healed":0.0,"max_hp_gain":0.0,"max_hp_loss":0.0,"gold_gain":0.0,"event_name":"Match and Keep!","player_choice":"0 cards matched","floor":2.0,"gold_loss":0.0,"damage_taken":0.0,"cards_obtained":[]},{"damage_healed":0,"gold_gain":75,"player_choice":"Gather Gold","damage_taken":11,"max_hp_gain":0,"max_hp_loss":0,"event_name":"World of Goop","floor":12,"gold_loss":0},{"damage_healed":0,"gold_gain":0,"player_choice":"Fought Mushrooms","damage_taken":0,"max_hp_gain":0,"max_hp_loss":0,"event_name":"Mushrooms","floor":13,"gold_loss":0},{"damage_healed":0,"gold_gain":0,"player_choice":"Ignored","damage_taken":0,"max_hp_gain":0,"max_hp_loss":0,"event_name":"Vampires","floor":19,"gold_loss":0},{"damage_healed":0,"gold_gain":0,"player_choice":"Shed Blood","damage_taken":23,"max_hp_gain":5,"max_hp_loss":0,"event_name":"Forgotten Altar","floor":22,"gold_loss":0}],"is_beta":false,"boss_relics":[{"not_picked":["Runic Pyramid","Coffee Dripper"],"picked":"Pandora\u0027s Box"}],"items_purged_floors":[20],"is_endless":false,"potions_floor_spawned":[4,5,11,13,14,16,18],"killed_by":"Centurion and Healer","ascension_level":18}}