{"host":"jscggscbx0p7706o","time":1610947563,"event":{"mods":["AchievementEnabler","BaseMod","Block Reminder","Colored Powertips","Filter the Spire","Minty Spire (QoL Compilation)","Permanent Neow","Quick Restart","StSLib"],"gold_per_floor":[113,128,146,14,14,45,60,75,75,85,85,98,129,7,7,79,79,90,90,109,109,27,43,43,68,68,68,116,144,144,144,144,44,44,44,119,119,135,135,181,181,181,181,208,227,227,227,246,246,280,293,31,31,31,31,31,31,57,57],"floor_reached":60,"language":"ENG","playtime":3096,"items_purged":["Strike_G","Survivor"],"score":2090,"play_id":"a17174d6-9cd0-47aa-88ca-8764982a44fc","local_time":"20210118132603","is_ascension_mode":true,"campfire_choices":[{"data":"Dagger Spray","floor":11.0,"key":"SMITH"},{"data":"Catalyst","floor":15.0,"key":"SMITH"},{"data":"PiercingWail","floor":24.0,"key":"SMITH"},{"floor":26.0,"key":"REST"},{"data":"Neutralize","floor":31.0,"key":"SMITH"},{"data":"Sucker Punch","floor":34.0,"key":"SMITH"},{"data":"Deflect","floor":35.0,"key":"SMITH"},{"floor":43.0,"key":"RECALL"},{"data":"Acrobatics","floor":49.0,"key":"SMITH"},{"data":"Dagger Throw","floor":53.0,"key":"SMITH"},{"data":"Bite","floor":56.0,"key":"SMITH"}],"circlet_count":0,"master_deck":["AscendersBane","Defend_G+1","Defend_G+1","Defend_G+1","Defend_G+1","Defend_G+1","Neutralize+1","Dash+1","Flying Knee+1","After Image+1","Noxious Fumes+1","Dagger Throw+1","Sucker Punch+1","Dagger Spray+1","PiercingWail+1","Catalyst+1","Deflect+1","Wraith Form v2+1","Bite+1","Bite","Bite+1","Bite","Bite","Caltrops+1","Acrobatics+1","Distraction+1","Catalyst+1","Caltrops+1","Parasite"],"relics":["Calling Bell","MealTicket","Frozen Egg 2","Pocketwatch","Letter Opener","Bottled Flame","Pear","Busted Crown","Nilry\u0027s Codex","White Beast Statue","InkBottle","Bag of Marbles","Strawberry","Philosopher\u0027s Stone","Torii","Bag of Preparation","Regal Pillow","Whetstone","Bottled Tornado","Centennial Puzzle"],"acts_visited":["Exordium","TheCity","TheBeyond","TheEnding"],"potions_floor_usage":[59],"damage_taken":[{"damage":0.0,"enemies":"Cultist","floor":1.0,"turns":4.0},{"damage":7.0,"enemies":"2 Louse","floor":2.0,"turns":3.0},{"damage":0.0,"enemies":"Small Slimes","floor":3.0,"turns":3.0},{"damage":0.0,"enemies":"Lagavulin","floor":6.0,"turns":7.0},{"damage":3.0,"enemies":"Blue Slaver","floor":7.0,"turns":4.0},{"damage":0.0,"enemies":"2 Fungi Beasts","floor":8.0,"turns":4.0},{"damage":0.0,"enemies":"3 Louse","floor":10.0,"turns":4.0},{"damage":0.0,"enemies":"Looter","floor":12.0,"turns":4.0},{"damage":14.0,"enemies":"3 Sentries","floor":13.0,"turns":6.0},{"damage":29.0,"enemies":"Hexaghost","floor":16.0,"turns":10.0},{"damage":0.0,"enemies":"Chosen","floor":18.0,"turns":6.0},{"damage":0.0,"enemies":"Shell Parasite","floor":20.0,"turns":5.0},{"damage":9.0,"enemies":"Sentry and Sphere","floor":23.0,"turns":7.0},{"damage":44.0,"enemies":"Slavers","floor":25.0,"turns":8.0},{"damage":0.0,"enemies":"Gremlin Leader","floor":29.0,"turns":6.0},{"damage":3.0,"enemies":"Automaton","floor":36.0,"turns":9.0},{"damage":0.0,"enemies":"3 Darklings","floor":38.0,"turns":5.0},{"damage":4.0,"enemies":"2 Orb Walkers","floor":40.0,"turns":5.0},{"damage":15.0,"enemies":"Nemesis","floor":44.0,"turns":7.0},{"damage":0.0,"enemies":"3 Shapes","floor":45.0,"turns":5.0},{"damage":0.0,"enemies":"Writhing Mass","floor":48.0,"turns":5.0},{"damage":17.0,"enemies":"Giant Head","floor":50.0,"turns":8.0},{"damage":1.0,"enemies":"Transient","floor":51.0,"turns":5.0},{"damage":13.0,"enemies":"Time Eater","floor":54.0,"turns":7.0},{"damage":25.0,"enemies":"Shield and Spear","floor":58.0,"turns":5.0},{"damage":40,"enemies":"The Heart","floor":59,"turns":8}],"seed_played":"-2119542689375039758","potions_obtained":[{"floor":2.0,"key":"Explosive Potion"},{"floor":7.0,"key":"Swift Potion"},{"floor":20.0,"key":"Ancient Potion"},{"floor":29.0,"key":"SkillPotion"},{"floor":36.0,"key":"PowerPotion"},{"floor":38.0,"key":"Poison Potion"},{"floor":40.0,"key":"Swift Potion"},{"floor":44.0,"key":"Strength Potion"},{"floor":48.0,"key":"Ancient Potion"}],"is_trial":false,"path_per_floor":["M","M","M","$","?","E","M","M","T","M","R","M","E","$","R","B",null,"M","?","M","?","$","M","R","E","R","T","T","E","?","R","?","$","R","R","B",null,"M","?","?","?","?","R","E","M","T","T","M","R","E","M","$","R","B",null,"R","$","E","B",null],"character_chosen":"THE_SILENT","items_purchased":["Noxious Fumes+1","Dagger Throw","Deflect","Caltrops+1","Acrobatics","Bottled Tornado"],"campfire_rested":1,"item_purchase_floors":[4,4,14,22,22,52],"current_hp_per_floor":[59,52,52,66,66,66,63,63,63,63,63,63,59,74,74,45,68,68,47,47,47,53,48,48,10,25,25,25,44,44,44,44,59,59,59,60,60,60,60,60,57,57,57,53,57,57,57,57,57,42,47,57,57,49,55,55,57,42,24],"gold":57,"neow_bonus":"BOSS_RELIC","is_daily":false,"chose_seed":false,"campfire_upgraded":9,"win_rate":0.0,"timestamp":1610947563,"path_taken":["M","?","M","$","?","E","M","M","T","M","R","M","E","?","R","BOSS","M","?","M","?","$","M","R","E","R","T","T","E","?","R","?","$","R","R","BOSS","M","?","?","?","?","R","E","?","T","T","M","R","E","M","$","R","BOSS","R","$","E","BOSS"],"items_purchased_type":["Card","Card","Card","Card","Card","Relic"],"build_version":"2020-12-22","purchased_purges":2,"victory":true,"max_hp_per_floor":[66,66,66,66,66,66,66,66,66,66,66,66,76,76,76,76,76,76,76,76,53,53,53,53,53,53,53,53,60,60,60,60,60,60,60,60,60,60,60,60,57,57,57,57,57,57,57,57,57,57,57,57,57,57,57,57,57,57,57],"card_choices":[{"not_picked":["Accuracy+1","Reflex"],"picked":"Dash","floor":1.0},{"not_picked":["Endless Agony","Reflex"],"picked":"Flying Knee","floor":2.0},{"not_picked":["Poisoned Stab","PiercingWail"],"picked":"After Image+1","floor":3.0},{"not_picked":["Reflex","Underhanded Strike","Setup"],"picked":"SKIP","floor":6.0},{"not_picked":["Dodge and Roll","Tactician"],"picked":"Sucker Punch","floor":7.0},{"not_picked":["Outmaneuver","Dagger Throw","Prepared"],"picked":"SKIP","floor":8.0},{"not_picked":["Outmaneuver","Underhanded Strike"],"picked":"Dagger Spray","floor":10.0},{"not_picked":["Eviscerate","Underhanded Strike"],"picked":"PiercingWail","floor":12.0},{"not_picked":["Grand Finale","Dagger Throw"],"picked":"Catalyst","floor":13.0},{"not_picked":["Die Die Die","Tools of the Trade+1"],"picked":"Wraith Form v2+1","floor":16.0},{"not_picked":["Slice"],"picked":"SKIP","floor":18.0},{"not_picked":["Sucker Punch+1"],"picked":"SKIP","floor":20.0},{"not_picked":["Backstab"],"picked":"SKIP","floor":23.0},{"not_picked":[],"picked":"Distraction+1","floor":25.0},{"not_picked":["PiercingWail"],"picked":"SKIP","floor":29.0},{"not_picked":["Deflect"],"picked":"SKIP","floor":38.0},{"not_picked":[],"picked":"Caltrops+1","floor":44.0},{"not_picked":["Calculated Gamble"],"picked":"SKIP","floor":45.0},{"not_picked":["Accuracy+1"],"picked":"SKIP","floor":48.0},{"not_picked":["Dagger Spray"],"picked":"SKIP","floor":50.0},{"not_picked":["Bane+1"],"picked":"SKIP","floor":51.0},{"not_picked":["Flying Knee"],"picked":"SKIP","floor":58.0}],"player_experience":287263,"relics_obtained":[{"floor":0.0,"key":"MealTicket"},{"floor":0.0,"key":"Frozen Egg 2"},{"floor":0.0,"key":"Pocketwatch"},{"floor":6.0,"key":"Letter Opener"},{"floor":9.0,"key":"Bottled Flame"},{"floor":13.0,"key":"Pear"},{"floor":19.0,"key":"Nilry\u0027s Codex"},{"floor":25.0,"key":"White Beast Statue"},{"floor":27.0,"key":"InkBottle"},{"floor":28.0,"key":"Bag of Marbles"},{"floor":29.0,"key":"Strawberry"},{"floor":40.0,"key":"Torii"},{"floor":44.0,"key":"Bag of Preparation"},{"floor":46.0,"key":"Regal Pillow"},{"floor":50.0,"key":"Whetstone"},{"floor":58.0,"key":"Centennial Puzzle"}],"event_choices":[{"damage_healed":0.0,"max_hp_gain":0.0,"max_hp_loss":0.0,"gold_gain":0.0,"event_name":"Accursed Blacksmith","player_choice":"Forge","floor":5.0,"gold_loss":0.0,"damage_taken":0.0,"cards_upgraded":["Dash"]},{"damage_healed":0.0,"max_hp_gain":0.0,"max_hp_loss":0.0,"gold_gain":0.0,"event_name":"Cursed Tome","player_choice":"Obtained Book","floor":19.0,"gold_loss":0.0,"damage_taken":21.0},{"damage_healed":0.0,"max_hp_gain":0.0,"max_hp_loss":23.0,"gold_gain":0.0,"event_name":"Vampires","player_choice":"Became a vampire","floor":21.0,"gold_loss":0.0,"damage_taken":0.0,"cards_obtained":["Bite","Bite","Bite","Bite","Bite"]},{"damage_healed":0.0,"max_hp_gain":0.0,"max_hp_loss":0.0,"gold_gain":0.0,"event_name":"Ghosts","player_choice":"Ignored","floor":30.0,"gold_loss":0.0,"damage_taken":0.0},{"damage_healed":0.0,"max_hp_gain":0.0,"max_hp_loss":0.0,"gold_gain":0.0,"event_name":"Back to Basics","player_choice":"Simplicity","floor":32.0,"gold_loss":0.0,"damage_taken":0.0,"cards_upgraded":["Defend_G","Defend_G","Defend_G","Defend_G","Defend_G"]},{"damage_healed":0.0,"max_hp_gain":0.0,"max_hp_loss":0.0,"gold_gain":0.0,"event_name":"SensoryStone","player_choice":"Memory 1","floor":39.0,"gold_loss":0.0,"damage_taken":0.0},{"damage_healed":0.0,"max_hp_gain":0.0,"max_hp_loss":0.0,"gold_gain":0.0,"event_name":"Mysterious Sphere","player_choice":"Fight","floor":40.0,"gold_loss":0.0,"damage_taken":0.0},{"damage_healed":0.0,"max_hp_gain":0.0,"max_hp_loss":3.0,"gold_gain":0.0,"event_name":"Winding Halls","player_choice":"Max HP","floor":41.0,"gold_loss":0.0,"damage_taken":0.0},{"damage_healed":0.0,"max_hp_gain":0.0,"max_hp_loss":0.0,"gold_gain":0.0,"event_name":"Duplicator","player_choice":"Copied","floor":42.0,"gold_loss":0.0,"damage_taken":0.0,"cards_obtained":["Catalyst"]}],"is_beta":false,"boss_relics":[{"not_picked":["Coffee Dripper","HoveringKite"],"picked":"Busted Crown"},{"not_picked":["Empty Cage","Sozu"],"picked":"Philosopher\u0027s Stone"}],"items_purged_floors":[14,33],"is_endless":false,"potions_floor_spawned":[2,7,10,13,20,29,36,38,40,44,45,48,50,51,58],"ascension_level":15}}