{"host":"7gewg82ormp6yt4e","time":1610979396,"event":{"mods":["BaseMod","Block Reminder","Colored Map","Colored Powertips","DeckTracker","Highlight Path","Minty Spire (QoL Compilation)","Relic Stats","StSLib","ojb\u0027s Info Mod"],"gold_per_floor":[114,114,114,73,73,73,104,104,186,210,253,274,290,149,149,242,242,262,285,298,321,344,344,380,380,406,420,320,320,16,30,30,129,192,205,205,538,538,549,549,578,578,601,601,601,9,9,28,28,28,28,28],"floor_reached":51,"language":"JPN","playtime":3520,"items_purged":["Strike_B"],"score":1406,"play_id":"0dde68cd-16d2-4672-ae25-30811513fc8e","local_time":"20210118231636","is_ascension_mode":true,"campfire_choices":[{"data":"Zap","floor":6,"key":"SMITH"},{"data":"Rainbow","floor":8,"key":"SMITH"},{"floor":15,"key":"REST"},{"floor":23,"key":"REST"},{"floor":32,"key":"REST"},{"floor":40,"key":"REST"},{"floor":42,"key":"RECALL"},{"floor":45,"key":"REST"},{"floor":49,"key":"REST"}],"circlet_count":0,"master_deck":["AscendersBane","Strike_B+1","Strike_B+1","Defend_B","Defend_B","Defend_B","Defend_B+1","Zap+1","Dualcast","Conserve Battery","Seek","Scrape+1","Rainbow+1","Streamline","Compile Driver+1","Streamline+1","Hyperbeam+1","Cold Snap+1","Defragment+1","Compile Driver+1","Panacea","Coolheaded","All For One+1","Apotheosis","Dark Shackles","Forethought","Madness","Madness","Coolheaded+1","Hologram","Turbo","Undo+1","Go for the Eyes+1"],"relics":["Cracked Core","Happy Flower","Singing Bowl","Molten Egg 2","Symbiotic Virus","Fusion Hammer","Whetstone","DataDisk","Potion Belt","Tiny House","Ginger","Kunai","Orrery"],"acts_visited":["Exordium","TheCity","TheBeyond"],"potions_floor_usage":[7,7,7,11,11,13,16,20,24,33,39,41,41,48],"damage_taken":[{"damage":16,"enemies":"2 Louse","floor":1,"turns":2},{"damage":13,"enemies":"Lagavulin","floor":7,"turns":5},{"damage":0,"enemies":"Small Slimes","floor":10,"turns":2},{"damage":12,"enemies":"3 Sentries","floor":11,"turns":6},{"damage":2,"enemies":"Jaw Worm","floor":12,"turns":3},{"damage":0,"enemies":"Red Slaver","floor":13,"turns":2},{"damage":4,"enemies":"The Guardian","floor":16,"turns":8},{"damage":1,"enemies":"Spheric Guardian","floor":18,"turns":3},{"damage":0,"enemies":"3 Byrds","floor":19,"turns":4},{"damage":25,"enemies":"Shelled Parasite and Fungi","floor":20,"turns":5},{"damage":15,"enemies":"Cultist and Chosen","floor":21,"turns":5},{"damage":12,"enemies":"Chosen and Byrds","floor":22,"turns":5},{"damage":13,"enemies":"Gremlin Leader","floor":24,"turns":3},{"damage":0,"enemies":"Centurion and Healer","floor":27,"turns":4},{"damage":4,"enemies":"Snake Plant","floor":31,"turns":2},{"damage":13,"enemies":"Champ","floor":33,"turns":15},{"damage":16,"enemies":"Orb Walker","floor":35,"turns":2},{"damage":8,"enemies":"3 Darklings","floor":39,"turns":6},{"damage":12,"enemies":"Reptomancer","floor":41,"turns":6},{"damage":11,"enemies":"Writhing Mass","floor":48,"turns":5},{"damage":37,"enemies":"Awakened One","floor":50,"turns":17},{"damage":53,"enemies":"Donu and Deca","floor":51,"turns":4}],"seed_played":"-583972702149941103","potions_obtained":[{"floor":0,"key":"CultistPotion"},{"floor":0,"key":"EntropicBrew"},{"floor":7,"key":"GamblersBrew"},{"floor":10,"key":"LiquidBronze"},{"floor":12,"key":"Block Potion"},{"floor":13,"key":"FocusPotion"},{"floor":18,"key":"BlessingOfTheForge"},{"floor":19,"key":"Energy Potion"},{"floor":24,"key":"FearPotion"},{"floor":31,"key":"Explosive Potion"},{"floor":34,"key":"Regen Potion"},{"floor":41,"key":"Weak Potion"},{"floor":48,"key":"LiquidBronze"}],"is_trial":false,"path_per_floor":["M","?","?","$","?","R","E","R","T","M","E","M","M","?","R","B",null,"M","M","M","M","M","R","E","?","T","M","$","?","$","M","R","B",null,"M","?","?","?","M","R","E","R","T","?","R","$","$","M","R","B","B"],"character_chosen":"DEFECT","items_purchased":["Scrape","Panacea","Potion Belt","PowerPotion","Hologram","Kunai","CultistPotion","Orrery"],"campfire_rested":6,"item_purchase_floors":[4,28,30,30,46,46,46,46],"current_hp_per_floor":[48,48,48,48,48,48,35,35,35,35,23,21,21,21,40,36,57,58,58,33,20,10,31,18,18,18,20,20,20,20,16,37,24,67,53,43,43,28,37,61,49,49,49,49,73,79,79,68,89,52,0,0],"gold":28,"neow_bonus":"THREE_SMALL_POTIONS","is_daily":false,"chose_seed":false,"campfire_upgraded":2,"win_rate":0.0,"timestamp":1610979396,"path_taken":["M","?","?","$","?","R","E","R","T","?","E","M","M","?","R","BOSS","M","?","?","?","M","R","E","?","T","?","$","?","$","M","R","BOSS","M","?","?","?","M","R","E","R","T","?","R","?","$","M","R","BOSS","BOSS"],"items_purchased_type":["Card","Card","Relic","Potion","Card","Relic","Potion","Relic"],"build_version":"2020-12-22","purchased_purges":1,"victory":false,"max_hp_per_floor":[71,64,64,64,64,64,64,64,64,64,64,64,64,64,64,64,64,66,66,66,68,70,70,70,70,70,72,72,72,72,72,72,72,79,81,81,81,81,83,83,83,83,83,83,83,89,89,89,89,89,89,89],"relic_stats":{"Happy Flower":[35],"Singing Bowl":20,"counters":[22,114],"Whetstone":["Strike_B","Strike_B"],"Ginger":[2],"Kunai":[14],"obtain_stats":[{"Potion Belt":30,"Tiny House":34,"Happy Flower":7,"Singing Bowl":9,"Golden Idol":2,"Whetstone":24,"Ginger":41,"DataDisk":26,"Orrery":46,"Molten Egg 2":11,"Fusion Hammer":17,"Kunai":46,"Cracked Core":0,"Symbiotic Virus":14},{"Potion Belt":14,"Tiny House":16,"Happy Flower":2,"Singing Bowl":2,"Golden Idol":1,"Whetstone":13,"Ginger":19,"DataDisk":13,"Orrery":19,"Molten Egg 2":4,"Fusion Hammer":7,"Kunai":19,"Cracked Core":0,"Symbiotic Virus":6},{"Potion Belt":57,"Tiny House":74,"Happy Flower":7,"Singing Bowl":7,"Golden Idol":2,"Whetstone":53,"Ginger":88,"DataDisk":53,"Orrery":88,"Molten Egg 2":15,"Fusion Hammer":28,"Kunai":88,"Cracked Core":0,"Symbiotic Virus":20}]},"card_choices":[{"not_picked":["Barrage","Gash"],"picked":"Conserve Battery","floor":1},{"not_picked":["Conserve Battery","Go for the Eyes"],"picked":"Rainbow","floor":7},{"not_picked":["Aggregate","Turbo"],"picked":"Streamline","floor":10},{"not_picked":["Gash+1","Redo"],"picked":"Glacier","floor":11},{"not_picked":["Hologram","Storm"],"picked":"Compile Driver+1","floor":12},{"not_picked":["Aggregate","Auto Shields"],"picked":"Streamline+1","floor":13},{"not_picked":["Fission","Machine Learning"],"picked":"Hyperbeam+1","floor":16},{"not_picked":["Coolheaded","Steam","Barrage+1"],"picked":"Singing Bowl","floor":18},{"not_picked":["Tempest","Ball Lightning+1"],"picked":"Cold Snap+1","floor":19},{"not_picked":["Turbo","Aggregate"],"picked":"Defragment","floor":20},{"not_picked":["Tempest","Multi-Cast","Redo"],"picked":"Singing Bowl","floor":21},{"not_picked":["Stack","Melter+1","Blizzard+1"],"picked":"Singing Bowl","floor":22},{"not_picked":["Redo","Storm"],"picked":"Compile Driver+1","floor":24},{"not_picked":["Sweeping Beam+1","Sunder+1","Turbo"],"picked":"Singing Bowl","floor":27},{"not_picked":["Thunder Strike+1","Redo"],"picked":"Coolheaded","floor":31},{"not_picked":["Reboot","Hyperbeam+1"],"picked":"All For One+1","floor":33},{"not_picked":["Heatsinks","Stack","Gash+1"],"picked":"Singing Bowl","floor":34},{"not_picked":["Rebound+1","Redo","Aggregate"],"picked":"Singing Bowl","floor":35},{"not_picked":["Transmutation","Dark Shackles"],"picked":"Apotheosis","floor":36},{"not_picked":["Deep Breath","Purity"],"picked":"Dark Shackles","floor":36},{"not_picked":["Purity","Bandage Up"],"picked":"Forethought","floor":36},{"not_picked":["Cold Snap+1","Barrage+1","Redo"],"picked":"Singing Bowl","floor":39},{"not_picked":["Amplify","Cold Snap+1"],"picked":"Coolheaded+1","floor":41},{"not_picked":["Leap","Loop","Double Energy"],"picked":"Singing Bowl","floor":46},{"not_picked":["Compile Driver+1","Sweeping Beam+1"],"picked":"Turbo","floor":46},{"not_picked":["Reprogram","Go for the Eyes+1"],"picked":"Undo+1","floor":46},{"not_picked":["Static Discharge","Redo","Sunder+1"],"picked":"Singing Bowl","floor":46},{"not_picked":["Leap","Rebound+1","Rainbow"],"picked":"Singing Bowl","floor":46},{"not_picked":["FTL+1","Conserve Battery"],"picked":"Go for the Eyes+1","floor":48}],"player_experience":2617293,"relics_obtained":[{"floor":7,"key":"Happy Flower"},{"floor":9,"key":"Singing Bowl"},{"floor":11,"key":"Molten Egg 2"},{"floor":24,"key":"Whetstone"},{"floor":26,"key":"DataDisk"},{"floor":41,"key":"Ginger"}],"event_choices":[{"damage_healed":0,"gold_gain":0,"player_choice":"Lose Max HP","damage_taken":0,"relics_obtained":["Golden Idol"],"max_hp_gain":0,"max_hp_loss":7,"event_name":"Golden Idol","floor":2,"gold_loss":0},{"damage_healed":0,"gold_gain":0,"cards_transformed":["Strike_B"],"player_choice":"Change","damage_taken":0,"max_hp_gain":0,"max_hp_loss":0,"event_name":"Living Wall","floor":3,"gold_loss":0,"cards_obtained":["Seek"]},{"damage_healed":0,"gold_gain":0,"player_choice":"Upgraded","damage_taken":0,"max_hp_gain":0,"max_hp_loss":0,"event_name":"Upgrade Shrine","floor":5,"gold_loss":0,"cards_upgraded":["Scrape"]},{"damage_healed":0,"gold_gain":0,"player_choice":"Paid Gold","damage_taken":0,"relics_obtained":["Symbiotic Virus"],"max_hp_gain":0,"max_hp_loss":0,"event_name":"WeMeetAgain","floor":14,"gold_loss":141},{"damage_healed":0,"gold_gain":0,"player_choice":"Upgraded","damage_taken":0,"max_hp_gain":0,"max_hp_loss":0,"event_name":"Upgrade Shrine","floor":25,"gold_loss":0,"cards_upgraded":["Defragment"]},{"damage_healed":0,"gold_gain":0,"player_choice":"Ignored","damage_taken":0,"max_hp_gain":0,"max_hp_loss":0,"event_name":"Cursed Tome","floor":29,"gold_loss":0},{"damage_healed":0,"gold_gain":0,"player_choice":"Memory 3","damage_taken":10,"max_hp_gain":0,"max_hp_loss":0,"event_name":"SensoryStone","floor":36,"gold_loss":0},{"damage_healed":0,"gold_gain":333,"player_choice":"Gave Idol","damage_taken":0,"max_hp_gain":0,"max_hp_loss":0,"event_name":"The Moai Head","floor":37,"relics_lost":["Golden Idol"],"gold_loss":0},{"damage_healed":0,"gold_gain":0,"player_choice":"Embrace Madness","damage_taken":15,"max_hp_gain":0,"max_hp_loss":0,"event_name":"Winding Halls","floor":38,"gold_loss":0,"cards_obtained":["Madness","Madness"]},{"cards_removed":["Glacier"],"damage_healed":0,"gold_gain":0,"player_choice":"Removed Skill","damage_taken":0,"max_hp_gain":0,"max_hp_loss":0,"event_name":"Falling","floor":44,"gold_loss":0}],"is_beta":false,"boss_relics":[{"not_picked":["SlaversCollar","FrozenCore"],"picked":"Fusion Hammer"},{"not_picked":["Philosopher\u0027s Stone","Sozu"],"picked":"Tiny House"}],"items_purged_floors":[30],"is_endless":false,"potions_floor_spawned":[7,10,12,13,18,19,24,31,41,48],"killed_by":"Donu and Deca","ascension_level":20}}