{"host":"ccw6t0i2dpm5wyxf","time":1610992528,"event":{"mods":["AchievementEnabler","BaseMod","Colored Map","Minty Spire (QoL Compilation)","Permanent Neow","SuperFastMode"],"gold_per_floor":[111,126,136,153,153,153,173,184,184,213,213,213,213,223,223,322,322,337,349,349,128,128,128,144,161,161,161,187,15,28,48,48,152,152,170,184,59,69,81,81,108,108,108,133,160,183,5,5,5,5],"floor_reached":51,"language":"ENG","playtime":1975,"items_purged":["Strike_B","Strike_B","Rebound"],"score":738,"play_id":"9e89c5d9-828f-4caf-80c3-ba3a57fc081c","local_time":"20210118115528","is_ascension_mode":true,"campfire_choices":[{"data":"Storm","floor":6,"key":"SMITH"},{"floor":12,"key":"REST"},{"floor":15,"key":"REST"},{"data":"Defragment","floor":23,"key":"SMITH"},{"floor":27,"key":"REST"},{"data":"Loop","floor":32,"key":"SMITH"},{"data":"Hello World","floor":40,"key":"SMITH"},{"floor":42,"key":"REST"},{"data":"Capacitor","floor":49,"key":"SMITH"}],"circlet_count":0,"master_deck":["Strike_B+1","Defend_B","Defend_B","Zap+1","Dualcast","Defragment+1","Storm+1","Capacitor+1","Coolheaded+1","Cold Snap","Echo Form+1","Barrage","Reboot+1","Storm+1","Redo+1","Steam+1","Self Repair+1","Loop+1","Hello World+1","Compile Driver","Thunder Strike","Chill+1","Chaos+1","Barrage+1","Heatsinks","Capacitor+1"],"relics":["Cracked Core","Bird Faced Urn","Question Card","Bag of Preparation","Sozu","Kunai","War Paint","Ornamental Fan","Bronze Scales","Empty Cage","Pocketwatch","MawBank","Membership Card"],"acts_visited":["Exordium","TheCity","TheBeyond"],"potions_floor_usage":[7,16,24,28],"damage_taken":[{"damage":3,"enemies":"Jaw Worm","floor":1,"turns":4},{"damage":0,"enemies":"Cultist","floor":2,"turns":3},{"damage":5,"enemies":"2 Louse","floor":3,"turns":3},{"damage":1,"enemies":"2 Fungi Beasts","floor":4,"turns":3},{"damage":8,"enemies":"Looter","floor":7,"turns":3},{"damage":14,"enemies":"Blue Slaver","floor":8,"turns":3},{"damage":18,"enemies":"3 Sentries","floor":10,"turns":6},{"damage":21,"enemies":"Lots of Slimes","floor":14,"turns":5},{"damage":11,"enemies":"The Guardian","floor":16,"turns":13},{"damage":0,"enemies":"Spheric Guardian","floor":18,"turns":3},{"damage":27,"enemies":"3 Byrds","floor":19,"turns":3},{"damage":37,"enemies":"Snake Plant","floor":24,"turns":3},{"damage":10,"enemies":"Cultist and Chosen","floor":25,"turns":4},{"damage":17,"enemies":"Book of Stabbing","floor":28,"turns":3},{"damage":11,"enemies":"Chosen and Byrds","floor":30,"turns":3},{"damage":18,"enemies":"Centurion and Healer","floor":31,"turns":5},{"damage":16,"enemies":"Champ","floor":33,"turns":6},{"damage":29,"enemies":"3 Shapes","floor":35,"turns":3},{"damage":13,"enemies":"3 Darklings","floor":36,"turns":3},{"damage":22,"enemies":"Jaw Worm Horde","floor":38,"turns":4},{"damage":20,"enemies":"4 Shapes","floor":39,"turns":3},{"damage":54,"enemies":"Nemesis","floor":41,"turns":5},{"damage":14,"enemies":"Spire Growth","floor":44,"turns":3},{"damage":10,"enemies":"Transient","floor":45,"turns":5},{"damage":8,"enemies":"4 Shapes","floor":46,"turns":5},{"damage":86,"enemies":"Awakened One","floor":50,"turns":7}],"seed_played":"-146489289733673695","potions_obtained":[{"floor":4,"key":"Energy Potion"},{"floor":7,"key":"LiquidBronze"},{"floor":14,"key":"SkillPotion"},{"floor":16,"key":"PowerPotion"}],"is_trial":false,"path_per_floor":["M","M","M","M","?","R","M","M","T","E","?","R","?","M","R","B",null,"M","M","?","$","?","R","M","M","T","R","E","$","M","M","R","B",null,"M","M","$","M","M","R","E","R","T","M","M","M","$","?","R","B",null],"character_chosen":"DEFECT","items_purchased":["War Paint","Hello World","Membership Card","Capacitor"],"campfire_rested":4,"item_purchase_floors":[21,29,47,47],"current_hp_per_floor":[72,74,72,75,75,75,71,63,63,51,36,58,51,42,64,59,75,75,52,52,52,52,52,29,29,29,51,54,54,65,73,73,75,75,46,59,59,75,73,73,45,67,67,73,75,75,75,75,75,17],"gold":5,"neow_bonus":"ONE_RARE_RELIC","is_daily":false,"chose_seed":false,"campfire_upgraded":5,"win_rate":0.0,"timestamp":1610992528,"path_taken":["M","M","M","M","?","R","M","?","T","E","?","R","?","M","R","BOSS","M","M","?","$","?","R","?","M","T","R","E","$","M","M","R","BOSS","M","?","$","M","M","R","E","R","T","M","M","M","$","?","R","BOSS"],"items_purchased_type":["Relic","Card","Relic","Card"],"build_version":"2020-12-22","purchased_purges":3,"victory":true,"max_hp_per_floor":[75,75,75,75,75,75,75,75,75,75,75,75,75,75,75,75,75,75,75,75,75,75,75,75,75,75,75,75,75,75,75,75,75,75,75,75,75,75,75,75,75,75,75,75,75,75,75,75,75,75],"card_choices":[{"not_picked":["Turbo","Compile Driver"],"picked":"Defragment","floor":1},{"not_picked":["Gash","Static Discharge"],"picked":"Storm","floor":2},{"not_picked":["Streamline","Ball Lightning"],"picked":"Capacitor","floor":3},{"not_picked":["Recycle","Steam"],"picked":"Coolheaded","floor":4},{"not_picked":["Turbo","Sweeping Beam"],"picked":"Rebound","floor":7},{"not_picked":["Sweeping Beam","Go for the Eyes"],"picked":"Cold Snap","floor":8},{"not_picked":["Beam Cell","Undo","Compile Driver"],"picked":"Echo Form","floor":10},{"not_picked":["Go for the Eyes","Compile Driver","Coolheaded"],"picked":"Barrage","floor":14},{"not_picked":["Hyperbeam","Core Surge","Rainbow"],"picked":"Reboot","floor":16},{"not_picked":["Cold Snap","Redo","Skim+1"],"picked":"Storm+1","floor":18},{"not_picked":["Auto Shields+1","Cold Snap","Stack"],"picked":"Redo+1","floor":19},{"not_picked":["Sweeping Beam","Redo","Rebound"],"picked":"Steam+1","floor":24},{"not_picked":["Multi-Cast","Ball Lightning","Barrage+1"],"picked":"Self Repair+1","floor":25},{"not_picked":["Chill","Cold Snap+1","Conserve Battery"],"picked":"Loop","floor":28},{"not_picked":["Turbo","Stack","Ball Lightning"],"picked":"Compile Driver","floor":30},{"not_picked":["Steam","Go for the Eyes","Chaos","Ball Lightning"],"picked":"SKIP","floor":31},{"not_picked":["Rainbow","Fission","Biased Cognition"],"picked":"Thunder Strike","floor":33},{"not_picked":["Beam Cell+1","Compile Driver","Lockon","Sweeping Beam+1"],"picked":"SKIP","floor":35},{"not_picked":["Steam Power","Beam Cell","Go for the Eyes"],"picked":"Chill+1","floor":36},{"not_picked":["Compile Driver","Force Field+1","Stack"],"picked":"Chaos+1","floor":38},{"not_picked":["Redo","Steam+1","Ball Lightning","Turbo"],"picked":"SKIP","floor":39},{"not_picked":["Chaos+1","Auto Shields","Reboot","Coolheaded+1"],"picked":"SKIP","floor":41},{"not_picked":["Rebound+1","Streamline+1","Steam"],"picked":"Barrage+1","floor":44},{"not_picked":["Conserve Battery","Auto Shields","Go for the Eyes+1","Beam Cell"],"picked":"SKIP","floor":45},{"not_picked":["Sweeping Beam+1","Blizzard+1","Recycle+1"],"picked":"Heatsinks","floor":46}],"player_experience":297620,"relics_obtained":[{"floor":9,"key":"Question Card"},{"floor":10,"key":"Bag of Preparation"},{"floor":26,"key":"Ornamental Fan"},{"floor":28,"key":"Bronze Scales"},{"floor":41,"key":"Pocketwatch"},{"floor":43,"key":"MawBank"}],"event_choices":[{"cards_removed":["Shame"],"damage_healed":0,"gold_gain":0,"player_choice":"Removed Curses","damage_taken":0,"max_hp_gain":0,"max_hp_loss":0,"event_name":"Fountain of Cleansing","floor":5,"gold_loss":0},{"damage_healed":0,"gold_gain":0,"player_choice":"Entered Light","damage_taken":15,"max_hp_gain":0,"max_hp_loss":0,"event_name":"Shining Light","floor":11,"gold_loss":0,"cards_upgraded":["Zap","Strike_B"]},{"cards_removed":["Strike_B"],"damage_healed":0,"gold_gain":0,"player_choice":"Card Removal","damage_taken":7,"max_hp_gain":0,"max_hp_loss":0,"event_name":"Golden Wing","floor":13,"gold_loss":0},{"damage_healed":0,"gold_gain":0,"player_choice":"Opened","damage_taken":0,"relics_obtained":["Kunai"],"max_hp_gain":0,"max_hp_loss":0,"event_name":"The Mausoleum","floor":20,"gold_loss":0},{"damage_healed":0,"gold_gain":0,"player_choice":"Forge","damage_taken":0,"max_hp_gain":0,"max_hp_loss":0,"event_name":"Accursed Blacksmith","floor":22,"gold_loss":0,"cards_upgraded":["Echo Form"]},{"damage_healed":0,"gold_gain":0,"player_choice":"Upgraded","damage_taken":0,"max_hp_gain":0,"max_hp_loss":0,"event_name":"Upgrade Shrine","floor":48,"gold_loss":0,"cards_upgraded":["Capacitor"]}],"is_beta":false,"boss_relics":[{"not_picked":["Cursed Key","Snecko Eye"],"picked":"Sozu"},{"not_picked":["Black Star","Coffee Dripper"],"picked":"Empty Cage"}],"items_purged_floors":[21,29,37],"is_endless":false,"potions_floor_spawned":[4,7,14,16,19,28,33,35,38,46],"ascension_level":1}}