{"host":"wl47xhfxme4nig5w","time":1610951682,"event":{"mods":["BaseMod","Colored Map","Colored Powertips","Googly Eyes","Minty Spire (QoL Compilation)","StSLib","SuperFastMode","everything is the same but u backflip on backflip","slay the spire mod where everything is the same but ironclad has a cowboy hat"],"gold_per_floor":[112,77,90,105,118,118,118,137,163,163,178,48,60,72,72,72,72],"floor_reached":16,"language":"ENG","playtime":1009,"items_purged":[],"score":122,"play_id":"e5db153a-650e-44dc-ab5a-9f57057a6dd0","local_time":"20210117223442","is_ascension_mode":true,"campfire_choices":[{"data":"Deadly Poison","floor":7.0,"key":"SMITH"},{"floor":10.0,"key":"REST"},{"floor":15,"key":"REST"}],"circlet_count":0,"master_deck":["Strike_G","Strike_G","Strike_G","Strike_G","Defend_G","Defend_G","Defend_G","Defend_G","Defend_G","Survivor","Neutralize","Deadly Poison+1","Deflect","Outmaneuver","Bouncing Flask","Crippling Poison","Poisoned Stab","Setup","Acrobatics"],"relics":["Ring of the Snake","Regal Pillow"],"acts_visited":["Exordium"],"potions_floor_usage":[16],"damage_taken":[{"damage":12.0,"enemies":"Jaw Worm","floor":1.0,"turns":8.0},{"damage":0.0,"enemies":"2 Louse","floor":3.0,"turns":2.0},{"damage":0.0,"enemies":"Small Slimes","floor":4.0,"turns":4.0},{"damage":6.0,"enemies":"2 Fungi Beasts","floor":5.0,"turns":4.0},{"damage":14.0,"enemies":"Lagavulin","floor":6.0,"turns":6.0},{"damage":19.0,"enemies":"Exordium Wildlife","floor":8.0,"turns":5.0},{"damage":9.0,"enemies":"Exordium Thugs","floor":11.0,"turns":5.0},{"damage":4.0,"enemies":"3 Louse","floor":13.0,"turns":5.0},{"damage":32,"enemies":"Large Slime","floor":14,"turns":7},{"damage":30,"enemies":"Slime Boss","floor":16,"turns":11}],"seed_played":"-3113491694736568049","potions_obtained":[{"floor":1.0,"key":"SmokeBomb"},{"floor":4.0,"key":"SkillPotion"},{"floor":5.0,"key":"Weak Potion"},{"floor":11.0,"key":"Strength Potion"},{"floor":14,"key":"SteroidPotion"}],"is_trial":false,"path_per_floor":["M","?","M","M","M","E","R","M","T","R","M","$","M","M","R","B"],"character_chosen":"THE_SILENT","items_purchased":["Crippling Poison","Poisoned Stab"],"campfire_rested":2,"item_purchase_floors":[12,12],"current_hp_per_floor":[58,70,70,70,64,50,50,31,31,67,58,58,54,22,58,28,28],"gold":72,"neow_bonus":"REMOVE_CARD","is_daily":false,"chose_seed":false,"campfire_upgraded":1,"win_rate":0.0,"timestamp":1610951682,"path_taken":["M","?","M","M","M","E","R","M","T","R","M","$","M","M","R","BOSS"],"items_purchased_type":["Card","Card"],"build_version":"2020-12-22","purchased_purges":0,"victory":false,"max_hp_per_floor":[70,70,70,70,70,70,70,70,70,70,70,70,70,70,70,70,70],"card_choices":[{"not_picked":["Tactician","Bane"],"picked":"Deadly Poison","floor":1.0},{"not_picked":["Predator","Dagger Throw"],"picked":"Deflect","floor":3.0},{"not_picked":["Dagger Spray","Deflect"],"picked":"Outmaneuver","floor":4.0},{"not_picked":["Setup","Accuracy","Backflip"],"picked":"SKIP","floor":5.0},{"not_picked":["Terror","Sucker Punch"],"picked":"Bouncing Flask","floor":8.0},{"not_picked":["Acrobatics","Prepared","Predator"],"picked":"SKIP","floor":11.0},{"not_picked":["Cloak And Dagger","Terror"],"picked":"Setup","floor":13.0},{"not_picked":["Caltrops","All Out Attack"],"picked":"Acrobatics","floor":14}],"player_experience":342280,"relics_obtained":[{"floor":9.0,"key":"Regal Pillow"}],"event_choices":[{"damage_healed":17.0,"max_hp_gain":0.0,"max_hp_loss":0.0,"gold_gain":0.0,"event_name":"The Cleric","player_choice":"Healed","floor":2.0,"gold_loss":35.0,"damage_taken":0.0}],"is_beta":false,"boss_relics":[],"items_purged_floors":[],"is_endless":false,"potions_floor_spawned":[1,4,5,11,14],"killed_by":"Slime Boss","ascension_level":3}}