{"host":"rl5ku05escnl5kxo","time":1610949129,"event":{"mods":["Act Like it!","BaseMod","Minty Spire (QoL Compilation)","StSLib","The Bug Knight"],"gold_per_floor":[111,126,126,82,98,98,98,98,98,98,27,37,57,71,71,71,71],"floor_reached":16,"language":"ENG","playtime":796,"items_purged":[],"score":92,"play_id":"3dc7627d-6e71-4407-981d-cd4323cd8cb2","local_time":"20210117215209","is_ascension_mode":false,"campfire_choices":[{"data":"HollowMod:SharpenedNail","floor":6,"key":"SMITH"},{"data":"HollowMod:MonarchWings","floor":8,"key":"SMITH"},{"floor":15,"key":"REST"}],"circlet_count":0,"master_deck":["HollowMod:NailStrikeStart","HollowMod:NailStrikeStart","HollowMod:NailStrikeStart","HollowMod:NailStrikeStart","HollowMod:QuickDashStart","HollowMod:QuickDashStart","HollowMod:QuickDashStart","HollowMod:QuickDashStart","HollowMod:FocusHealStart","HollowMod:PogoStrike","HollowMod:SharpenedNail+1","HollowMod:SiblingsSouls+1","HollowMod:MonarchWings+1","HollowMod:GrimmsGift","HollowMod:BrokenVessel+1","HollowMod:DashSlash","HollowMod:TaintedHusks"],"relics":["HollowMod:VesselMask","NeowsBlessing","Frozen Egg 2"],"acts_visited":["Exordium"],"potions_floor_usage":[],"damage_taken":[{"damage":0,"enemies":"Jaw Worm","floor":1,"turns":1},{"damage":0,"enemies":"Small Slimes","floor":2,"turns":1},{"damage":0,"enemies":"2 Louse","floor":5,"turns":1},{"damage":13,"enemies":"Exordium Thugs","floor":12,"turns":5},{"damage":16,"enemies":"Blue Slaver","floor":13,"turns":5},{"damage":11,"enemies":"Lots of Slimes","floor":14,"turns":4},{"damage":89,"enemies":"The Guardian","floor":16,"turns":9}],"seed_played":"-274059178506964993","potions_obtained":[{"floor":2,"key":"SteroidPotion"},{"floor":12,"key":"Swift Potion"},{"floor":14,"key":"ColorlessPotion"}],"is_trial":false,"path_per_floor":["M","M","?","?","M","R","?","R","T","?","$","M","M","M","R","B"],"character_chosen":"THE_BUGKNIGHT","items_purchased":["HollowMod:GrimmsGift"],"campfire_rested":1,"item_purchase_floors":[11],"current_hp_per_floor":[75,75,75,75,75,75,80,80,80,80,80,72,68,57,80,0,0],"gold":71,"neow_bonus":"THREE_ENEMY_KILL","is_daily":false,"chose_seed":false,"campfire_upgraded":2,"win_rate":0.0,"timestamp":1610949129,"path_taken":["M","M","?","?","?","R","?","R","T","?","$","M","M","?","R","BOSS"],"items_purchased_type":["Card"],"build_version":"2020-12-22","purchased_purges":0,"victory":false,"max_hp_per_floor":[75,75,75,75,75,75,80,80,80,80,80,80,80,80,80,80,80],"card_choices":[{"not_picked":["HollowMod:TaintedHusks","HollowMod:NewJinnsSoul"],"picked":"HollowMod:SharpenedNail","floor":1},{"not_picked":["HollowMod:CornifersMapStart","HollowMod:InfectedAttack"],"picked":"HollowMod:SiblingsSouls","floor":2},{"not_picked":["HollowMod:InfectedCysts","HollowMod:SharpenedShadows"],"picked":"HollowMod:MonarchWings","floor":5},{"not_picked":["HollowMod:CloakDash","HollowMod:VengefulVoid"],"picked":"HollowMod:BrokenVessel+1","floor":12},{"not_picked":["HollowMod:ShadowDash","HollowMod:HowlingWraiths"],"picked":"HollowMod:DashSlash","floor":13},{"not_picked":["HollowMod:GrimmsGift","HollowMod:WraithStrike"],"picked":"HollowMod:TaintedHusks","floor":14}],"player_experience":458846,"relics_obtained":[{"floor":9,"key":"Frozen Egg 2"}],"event_choices":[{"damage_healed":0,"gold_gain":0,"player_choice":"Grow","damage_taken":0,"max_hp_gain":0,"max_hp_loss":0,"event_name":"Living Wall","floor":3,"gold_loss":0,"cards_upgraded":["HollowMod:SiblingsSouls"]},{"damage_healed":0,"gold_gain":0,"player_choice":"Left Gold","damage_taken":0,"max_hp_gain":0,"max_hp_loss":0,"event_name":"World of Goop","floor":4,"gold_loss":44},{"damage_healed":0,"gold_gain":0,"player_choice":"Donut","damage_taken":0,"max_hp_gain":5,"max_hp_loss":0,"event_name":"Big Fish","floor":7,"gold_loss":0},{"damage_healed":0,"gold_gain":0,"player_choice":"Leave","damage_taken":0,"max_hp_gain":0,"max_hp_loss":0,"event_name":"The Cleric","floor":10,"gold_loss":0}],"is_beta":false,"boss_relics":[],"items_purged_floors":[],"is_endless":false,"potions_floor_spawned":[2,12,14],"killed_by":"The Guardian","ascension_level":0}}