{"host":"b995t17pt6d05w8c","time":1610995683,"event":{"mods":["AchievementEnabler","BaseMod","Colored Map","DeckTracker","Keyboard Shortcuts","Minty Spire (QoL Compilation)","Permanent Neow","SuperFastMode"],"gold_per_floor":[218,234,284,131,151,151,164,184,211,244,244,275,275,292,292,369,369,382,382,282,282,16,16,16,16],"floor_reached":24,"language":"KOR","playtime":591,"items_purged":["Strike_R","Strike_R","Strike_R+1"],"score":408,"play_id":"23e823f7-a281-4bfa-87a3-a6ab15ff9d06","local_time":"20210119034803","is_ascension_mode":true,"campfire_choices":[{"data":"Carnage","floor":6,"key":"SMITH"},{"floor":15,"key":"REST"},{"floor":23,"key":"REST"}],"circlet_count":0,"master_deck":["AscendersBane","Strike_R+1","Defend_R+1","Defend_R+1","Defend_R+1","Defend_R+1","Bash+1","Uppercut","Power Through","Carnage+1","Seeing Red","Disarm","True Grit","Body Slam","Evolve","Shrug It Off"],"relics":["Burning Blood","Art of War","Strawberry","Oddly Smooth Stone","Velvet Choker","Membership Card"],"acts_visited":["TheCity"],"potions_floor_usage":[10,15,16,24],"damage_taken":[{"damage":1,"enemies":"2 Louse","floor":1,"turns":3},{"damage":1,"enemies":"Cultist","floor":2,"turns":3},{"damage":0,"enemies":"Small Slimes","floor":5,"turns":3},{"damage":6,"enemies":"Looter","floor":7,"turns":2},{"damage":11,"enemies":"Exordium Wildlife","floor":8,"turns":6},{"damage":8,"enemies":"Gremlin Nob","floor":10,"turns":3},{"damage":30,"enemies":"3 Sentries","floor":12,"turns":10},{"damage":15,"enemies":"Large Slime","floor":14,"turns":7},{"damage":33,"enemies":"Slime Boss","floor":16,"turns":14},{"damage":32,"enemies":"3 Byrds","floor":18,"turns":9},{"damage":50,"enemies":"Gremlin Leader","floor":24,"turns":7}],"seed_played":"-5131425594410414990","potions_obtained":[{"floor":1,"key":"Block Potion"},{"floor":2,"key":"AttackPotion"},{"floor":12,"key":"Fruit Juice"},{"floor":16,"key":"BlessingOfTheForge"},{"floor":18,"key":"LiquidBronze"}],"is_trial":false,"path_per_floor":["M","M","?","$","M","R","M","M","T","E","?","E","?","M","R","B",null,"M","?","$","?","$","R","E"],"character_chosen":"IRONCLAD","items_purchased":["Carnage","Membership Card","Shrug It Off"],"campfire_rested":2,"item_purchase_floors":[4,22,22],"current_hp_per_floor":[73,75,68,68,74,74,74,69,69,74,49,25,25,16,47,20,70,44,19,19,19,19,46,0,0],"gold":16,"neow_bonus":"HUNDRED_GOLD","is_daily":false,"chose_seed":false,"campfire_upgraded":1,"win_rate":0.0,"timestamp":1610995683,"path_taken":["M","M","?","?","M","R","M","M","T","E","?","E","?","M","R","BOSS","M","?","$","?","$","R","E"],"items_purchased_type":["Card","Relic","Card"],"build_version":"2020-12-22","purchased_purges":3,"victory":false,"max_hp_per_floor":[75,75,75,75,75,75,75,75,75,82,82,82,82,82,87,87,87,87,92,92,92,92,92,92,92],"card_choices":[{"not_picked":["Twin Strike","Burning Pact"],"picked":"Uppercut","floor":1},{"not_picked":["Dual Wield","Warcry"],"picked":"Power Through","floor":2},{"not_picked":["Entrench","Sentinel"],"picked":"Seeing Red","floor":5},{"not_picked":["Sentinel","Pummel"],"picked":"Disarm","floor":7},{"not_picked":["Sever Soul","Armaments"],"picked":"True Grit","floor":8},{"not_picked":["Infernal Blade","Thunderclap"],"picked":"Body Slam","floor":10},{"not_picked":["Whirlwind","Headbutt","Heavy Blade"],"picked":"SKIP","floor":12},{"not_picked":["Searing Blow","Flex","Sword Boomerang"],"picked":"SKIP","floor":14},{"not_picked":["Perfected Strike","Iron Wave","Dropkick"],"picked":"SKIP","floor":18}],"player_experience":154596,"relics_obtained":[{"floor":9,"key":"Art of War"},{"floor":10,"key":"Strawberry"},{"floor":12,"key":"Oddly Smooth Stone"}],"event_choices":[{"damage_healed":0,"gold_gain":50,"player_choice":"Touch","damage_taken":7,"max_hp_gain":0,"max_hp_loss":0,"event_name":"FaceTrader","floor":3,"gold_loss":0},{"damage_healed":0,"gold_gain":0,"player_choice":"Entered Light","damage_taken":25,"max_hp_gain":0,"max_hp_loss":0,"event_name":"Shining Light","floor":11,"gold_loss":0,"cards_upgraded":["Bash","Strike_R"]},{"damage_healed":0,"gold_gain":0,"cards_transformed":["Strike_R"],"player_choice":"Change","damage_taken":0,"max_hp_gain":0,"max_hp_loss":0,"event_name":"Living Wall","floor":13,"gold_loss":0,"cards_obtained":["Evolve"]},{"damage_healed":0,"gold_gain":0,"player_choice":"Shed Blood","damage_taken":30,"max_hp_gain":5,"max_hp_loss":0,"event_name":"Forgotten Altar","floor":19,"gold_loss":0},{"damage_healed":0,"gold_gain":0,"player_choice":"Simplicity","damage_taken":0,"max_hp_gain":0,"max_hp_loss":0,"event_name":"Back to Basics","floor":21,"gold_loss":0,"cards_upgraded":["Strike_R","Defend_R","Defend_R","Defend_R","Defend_R"]}],"is_beta":false,"boss_relics":[{"not_picked":["Tiny House","Black Star"],"picked":"Velvet Choker"}],"items_purged_floors":[4,20,22],"is_endless":false,"potions_floor_spawned":[1,2,7,12,16,18],"killed_by":"Gremlin Leader","ascension_level":20}}