{"host":"00tqcjwpycel7e54","time":1610981879,"event":{"mods":["ATMod(阿瑾Mod)","Act Like it!","BaseMod","Colored Powertips","Decade(王小明)","Hermit","Highlight Path","Hubris","Luminous","Marisa（F雨　魔理沙）","Minty Spire (QoL Compilation)","Reimu（博丽灵梦）","Remilia（蕾米莉亚）","Robot Space Explorer","SOS（斯巴达之子）","Shop Mod","Spicy Shops","StSLib","The Administrix","The Animator","The Blackbeard","The Bug Knight","The Construct","The Cursed","The Gatherer","The Hierophant","The Mystic","The Runesmith","The Servant 0.9.4","WarShipGirlsR/战舰少女R mod","Youmu（魂魄妖梦）","Yuyuko","vexMod","【遗物卡牌】REMEMod"],"gold_per_floor":[115,125,125,141,160,160,189,189,189,220,239,239,239,16,16,149,149,171,189,189,79,104,140,140,140],"floor_reached":24,"language":"ZHS","playtime":1372,"items_purged":["Injury"],"score":302,"play_id":"c350bc51-9c58-458b-9eb6-ad3e40072cb3","local_time":"20210118225759","is_ascension_mode":true,"campfire_choices":[{"data":"PathToVictory","floor":6.0,"key":"SMITH"},{"data":"REME_Repentance","floor":8.0,"key":"SMITH"},{"floor":13.0,"key":"REST"},{"data":"Vigilance","floor":15.0,"key":"SMITH"}],"circlet_count":0,"master_deck":["Strike_P","Strike_P","Strike_P","Defend_P","Defend_P+1","Defend_P","Defend_P","Eruption+1","Vigilance+1","Crescendo+1","PathToVictory+1","REME_Repentance+1","Sanctity","Vault","Protect","AT_RealColorLess","AT_SoftenMuscles","Protect","Apotheosis","MentalFortress"],"relics":["PureWater","AT_ATBox","REME_ComplimentaryCards","NeowsBlessing","hubris:TinFlute","WingedGreaves","Runesmith:AutoHammer","Bloody Idol","CeramicFish","REME_LowDesire","hubris:OldNail","vexMod:FocusSash","War Paint","hubris:ToyBattleship"],"acts_visited":["Exordium","TheCity"],"potions_floor_usage":[],"damage_taken":[{"damage":0.0,"enemies":"Small Slimes","floor":1.0,"turns":1.0},{"damage":0.0,"enemies":"Jaw Worm","floor":2.0,"turns":1.0},{"damage":0.0,"enemies":"2 Louse","floor":4.0,"turns":1.0},{"damage":14.0,"enemies":"Exordium Wildlife","floor":5.0,"turns":6.0},{"damage":7.0,"enemies":"Lagavulin","floor":7.0,"turns":7.0},{"damage":22.0,"enemies":"3 Sentries","floor":10.0,"turns":7.0},{"damage":5.0,"enemies":"2 Fungi Beasts","floor":11.0,"turns":3.0},{"damage":36.0,"enemies":"Hexaghost","floor":16.0,"turns":11.0},{"damage":41.0,"enemies":"Spheric Guardian","floor":18.0,"turns":8.0},{"damage":18,"enemies":"2 Thieves","floor":22,"turns":6},{"damage":11,"enemies":"Book of Stabbing","floor":23,"turns":7},{"damage":42,"enemies":"Gremlin Leader","floor":24,"turns":5}],"seed_played":"-2066924774188665169","potions_obtained":[{"floor":4.0,"key":"construct:ShiftPotion"},{"floor":7.0,"key":"SpeedPotion"},{"floor":10.0,"key":"Fire Potion"},{"floor":22,"key":"Energy Potion"}],"is_trial":false,"path_per_floor":["M","M","?","M","M","R","E","R","T","E","M","?","R","$","R","B",null,"M","?","?","$","M","E","E"],"character_chosen":"WATCHER","items_purchased":["CeramicFish","War Paint","Protect"],"campfire_rested":1,"item_purchase_floors":[14,21,21],"current_hp_per_floor":[65,65,65,65,51,51,44,44,44,22,17,17,38,38,38,2,55,14,14,14,19,16,15,0,0],"gold":140,"neow_bonus":"THREE_ENEMY_KILL","is_daily":false,"chose_seed":false,"campfire_upgraded":3,"win_rate":0.0,"timestamp":1610981879,"path_taken":["M","M","?","M","M","R","E","R","T","E","M","?","R","$","R","BOSS","M","?","?","?","M","E","E"],"items_purchased_type":["Relic","Relic","Card"],"build_version":"2020-12-22","purchased_purges":1,"victory":false,"max_hp_per_floor":[72,72,72,72,72,72,72,72,72,72,72,72,72,72,72,72,72,72,72,72,72,72,72,72,72],"card_choices":[{"not_picked":["AT_RealFormLess","BowlingBash"],"picked":"Crescendo","floor":1.0},{"not_picked":["FearNoEvil","Nirvana"],"picked":"REME_MusicOfDeath","floor":2.0},{"not_picked":["EmptyFist","WheelKick"],"picked":"PathToVictory","floor":4.0},{"not_picked":["ThirdEye","Halt"],"picked":"REME_Repentance","floor":5.0},{"not_picked":["FlurryOfBlows","CutThroughFate","Vengeance"],"picked":"SKIP","floor":7.0},{"not_picked":["Crescendo","FollowUp","Wallop"],"picked":"SKIP","floor":10.0},{"not_picked":["Wallop","ClearTheMind"],"picked":"Sanctity","floor":11.0},{"not_picked":["SpiritShield","LessonLearned"],"picked":"Vault","floor":16.0},{"not_picked":["BowlingBash","CutThroughFate","Impatience+1"],"picked":"Protect","floor":18.0},{"not_picked":["Halt+1","Pray","FlurryOfBlows+1"],"picked":"Apotheosis","floor":22},{"not_picked":["FollowUp","CrushJoints","Trip"],"picked":"MentalFortress","floor":23}],"player_experience":747582,"relics_obtained":[{"floor":7.0,"key":"hubris:TinFlute"},{"floor":9.0,"key":"WingedGreaves"},{"floor":10.0,"key":"Runesmith:AutoHammer"},{"floor":17.0,"key":"hubris:OldNail"},{"floor":17.0,"key":"vexMod:FocusSash"},{"floor":23,"key":"hubris:ToyBattleship"}],"event_choices":[{"damage_healed":0.0,"max_hp_gain":0.0,"max_hp_loss":0.0,"gold_gain":0.0,"event_name":"Living Wall","player_choice":"Grow","floor":3.0,"gold_loss":0.0,"damage_taken":0.0,"cards_upgraded":["Eruption"]},{"damage_healed":0.0,"max_hp_gain":0.0,"max_hp_loss":0.0,"gold_gain":0.0,"event_name":"Golden Idol","player_choice":"Take Wound","floor":12.0,"gold_loss":0.0,"damage_taken":0.0,"relics_obtained":["Golden Idol"],"cards_obtained":["Injury"]},{"damage_healed":0.0,"max_hp_gain":0.0,"max_hp_loss":0.0,"gold_gain":0.0,"cards_transformed":["REME_MusicOfDeath","Strike_P"],"event_name":"Drug Dealer","player_choice":"Became Test Subject","floor":19.0,"gold_loss":0.0,"damage_taken":0.0,"cards_obtained":["AT_RealColorLess","AT_SoftenMuscles"]},{"damage_healed":0.0,"max_hp_gain":0.0,"max_hp_loss":0.0,"gold_gain":0.0,"event_name":"Forgotten Altar","player_choice":"Gave Idol","floor":20.0,"relics_lost":["Golden Idol"],"gold_loss":0.0,"damage_taken":0.0,"relics_obtained":["Bloody Idol"]}],"is_beta":false,"boss_relics":[{"not_picked":["Pandora\u0027s Box","Calling Bell"],"picked":"REME_LowDesire"}],"items_purged_floors":[14],"is_endless":false,"potions_floor_spawned":[4,7,10,22],"killed_by":"Gremlin Leader","ascension_level":7}}