{"host":"rq107ve574byxhfs","time":1610960733,"event":{"mods":["AchievementEnabler","BaseMod","Colored Map","Minty Spire (QoL Compilation)","StSLib","SuperFastMode","everything is the same but u backflip on backflip"],"gold_per_floor":[113,38,38,49,49,49,79,92,92,108,119,130,130,141,141,218,268,286,74,88,88,88],"floor_reached":21,"language":"KOR","playtime":711,"items_purged":["Defend_G","Strike_G"],"score":416,"play_id":"a3638ad9-0ad8-4d08-a319-302039fb321b","local_time":"20210118180533","is_ascension_mode":true,"campfire_choices":[{"data":"Noxious Fumes","floor":6.0,"key":"SMITH"},{"data":"Well Laid Plans","floor":13.0,"key":"SMITH"},{"data":"Eviscerate","floor":15.0,"key":"SMITH"}],"circlet_count":0,"master_deck":["AscendersBane","Strike_G","Strike_G","Strike_G","Defend_G","Defend_G","Defend_G","Defend_G","Survivor","Neutralize","Acrobatics","Noxious Fumes+1","Eviscerate+1","Dagger Throw+1","Well Laid Plans+1","Deadly Poison","Wraith Form v2","Acrobatics","Tactician"],"relics":["Ring of the Snake","NeowsBlessing","Ornamental Fan","Bag of Preparation","Tiny House","Membership Card"],"acts_visited":["Exordium","TheCity"],"potions_floor_usage":[16,16,18],"damage_taken":[{"damage":0.0,"enemies":"Small Slimes","floor":1.0,"turns":1.0},{"damage":0.0,"enemies":"Cultist","floor":4.0,"turns":1.0},{"damage":0.0,"enemies":"Lagavulin","floor":7.0,"turns":1.0},{"damage":1.0,"enemies":"Jaw Worm","floor":8.0,"turns":4.0},{"damage":7.0,"enemies":"Red Slaver","floor":10.0,"turns":3.0},{"damage":19.0,"enemies":"Large Slime","floor":11.0,"turns":6.0},{"damage":4.0,"enemies":"2 Fungi Beasts","floor":12.0,"turns":4.0},{"damage":6.0,"enemies":"Lots of Slimes","floor":14.0,"turns":4.0},{"damage":29,"enemies":"Hexaghost","floor":16,"turns":10},{"damage":26,"enemies":"3 Byrds","floor":18,"turns":5},{"damage":26,"enemies":"Shell Parasite","floor":20,"turns":6},{"damage":3,"enemies":"Sentry and Sphere","floor":21,"turns":3}],"seed_played":"-8353822083744047909","potions_obtained":[{"floor":4.0,"key":"Weak Potion"},{"floor":8.0,"key":"Regen Potion"},{"floor":17,"key":"GamblersBrew"}],"is_trial":false,"path_per_floor":["M","$","?","M","?","R","E","M","T","M","M","M","R","M","R","B",null,"M","$","M","M"],"character_chosen":"THE_SILENT","items_purchased":["Membership Card"],"campfire_rested":0,"item_purchase_floors":[19],"current_hp_per_floor":[59,59,54,54,54,54,54,53,53,46,27,23,23,17,17,3,55,29,29,3,0,0],"gold":88,"neow_bonus":"THREE_ENEMY_KILL","is_daily":false,"chose_seed":false,"campfire_upgraded":3,"win_rate":0.0,"timestamp":1610960733,"path_taken":["M","$","?","M","?","R","E","?","T","M","M","M","R","M","R","BOSS","M","$","?","M"],"items_purchased_type":["Relic"],"build_version":"2020-12-22","purchased_purges":2,"victory":false,"max_hp_per_floor":[66,66,66,66,66,66,66,66,66,66,66,66,66,66,66,66,71,71,71,71,71,71],"card_choices":[{"not_picked":["Flying Knee","Slice"],"picked":"Acrobatics","floor":1.0},{"not_picked":["Leg Sweep","Deadly Poison"],"picked":"Noxious Fumes","floor":4.0},{"not_picked":["Slice","Dodge and Roll"],"picked":"Eviscerate","floor":7.0},{"not_picked":["Bane","Predator"],"picked":"Dagger Throw","floor":8.0},{"not_picked":["Masterful Stab","Distraction","Dash"],"picked":"SKIP","floor":10.0},{"not_picked":["Dagger Spray","Deflect"],"picked":"Well Laid Plans","floor":11.0},{"not_picked":["Dodge and Roll","Quick Slash"],"picked":"Deadly Poison","floor":12.0},{"not_picked":["Dash","Dagger Throw","Unload"],"picked":"SKIP","floor":14.0},{"not_picked":["Venomology","Malaise"],"picked":"Wraith Form v2","floor":16},{"not_picked":["Deadly Poison+1","Deflect"],"picked":"Acrobatics","floor":18},{"not_picked":["Quick Slash","Cloak And Dagger"],"picked":"Tactician","floor":20}],"player_experience":1335828,"relics_obtained":[{"floor":7.0,"key":"Bag of Preparation"}],"event_choices":[{"damage_healed":0.0,"max_hp_gain":0.0,"max_hp_loss":0.0,"gold_gain":0.0,"event_name":"Scrap Ooze","player_choice":"Success","floor":3.0,"gold_loss":0.0,"damage_taken":5.0,"relics_obtained":["Ornamental Fan"]},{"cards_removed":["Strike_G"],"damage_healed":0.0,"max_hp_gain":0.0,"max_hp_loss":0.0,"gold_gain":0.0,"event_name":"Purifier","player_choice":"Purged","floor":5.0,"gold_loss":0.0,"damage_taken":0.0}],"is_beta":false,"boss_relics":[{"not_picked":["Busted Crown","WristBlade"],"picked":"Tiny House"}],"items_purged_floors":[2,19],"is_endless":false,"potions_floor_spawned":[4,8,11,12,14],"killed_by":"Sentry and Sphere","ascension_level":20}}