{"host":"baymyijz6sxaqj5s","time":1610969427,"event":{"mods":["AchievementEnabler","BaseMod","Colored Map","Colored Powertips","DeckTracker","Highlight Path","KOR Keyword Fix","Keyboard Shortcuts","Minty Spire (QoL Compilation)","StSLib","SuperFastMode","everything is the same but u backflip on backflip"],"gold_per_floor":[111,186,186,206,206,206,223,223,223,245,245,245,272,282,282,386,436,446,463,492,492,492],"floor_reached":21,"language":"KOR","playtime":630,"items_purged":[],"score":184,"play_id":"f5babadf-eb77-46b7-9a5c-e715faf7be99","local_time":"20210118203027","is_ascension_mode":true,"campfire_choices":[{"data":"Survivor","floor":6,"key":"SMITH"},{"data":"Noxious Fumes","floor":8,"key":"SMITH"},{"floor":12,"key":"REST"},{"data":"Defend_G","floor":15,"key":"SMITH"}],"circlet_count":0,"master_deck":["Strike_G","Strike_G+1","Strike_G","Strike_G+1","Strike_G","Defend_G+1","Defend_G","Defend_G","Defend_G","Defend_G+1","Survivor+1","Neutralize+1","Noxious Fumes+1","Prepared+1","Outmaneuver+1","Burst+1","Deflect+1","Poisoned Stab","Dagger Spray"],"relics":["Ring of the Snake","Toxic Egg 2","Odd Mushroom","Whetstone","Tiny House","Red Mask"],"acts_visited":["Exordium","TheCity"],"potions_floor_usage":[10,10,16,20,20,21],"damage_taken":[{"damage":0,"enemies":"Small Slimes","floor":1,"turns":4},{"damage":0,"enemies":"2 Louse","floor":4,"turns":3},{"damage":0,"enemies":"Cultist","floor":7,"turns":4},{"damage":19,"enemies":"The Mushroom Lair","floor":10,"turns":4},{"damage":0,"enemies":"Blue Slaver","floor":14,"turns":4},{"damage":50,"enemies":"Hexaghost","floor":16,"turns":12},{"damage":26,"enemies":"Spheric Guardian","floor":18,"turns":8},{"damage":8,"enemies":"3 Byrds","floor":19,"turns":6},{"damage":46,"enemies":"Masked Bandits","floor":20,"turns":6},{"damage":5,"enemies":"Centurion and Healer","floor":21,"turns":6}],"seed_played":"4821593386146504323","potions_obtained":[{"floor":1,"key":"DistilledChaos"},{"floor":7,"key":"SkillPotion"},{"floor":14,"key":"SneckoOil"},{"floor":17,"key":"Fire Potion"},{"floor":18,"key":"Block Potion"},{"floor":20,"key":"Fire Potion"}],"is_trial":false,"path_per_floor":["M","?","?","M","?","R","M","R","T","?","?","R","T","M","R","B",null,"M","M","?","M"],"character_chosen":"THE_SILENT","items_purchased":[],"campfire_rested":1,"item_purchase_floors":[],"current_hp_per_floor":[77,66,66,66,66,66,66,66,66,47,47,70,70,70,70,20,82,56,48,2,0,0],"gold":492,"neow_bonus":"TEN_PERCENT_HP_BONUS","is_daily":false,"chose_seed":false,"campfire_upgraded":3,"win_rate":0.0,"timestamp":1610969427,"path_taken":["M","?","?","M","?","R","M","R","T","?","?","R","?","M","R","BOSS","M","M","?","M"],"items_purchased_type":[],"build_version":"2020-12-22","purchased_purges":0,"victory":false,"max_hp_per_floor":[77,77,77,77,77,77,77,77,77,77,77,77,77,77,77,77,82,82,82,82,82,82],"card_choices":[{"not_picked":["Eviscerate","Flying Knee","Blade Dance"],"picked":"SKIP","floor":1},{"not_picked":["Deadly Poison","Blur"],"picked":"Noxious Fumes","floor":4},{"not_picked":["Calculated Gamble","PiercingWail","Footwork"],"picked":"SKIP","floor":7},{"not_picked":["Deflect+1","Dagger Spray"],"picked":"Prepared+1","floor":10},{"not_picked":["Deflect+1","Prepared+1"],"picked":"Outmaneuver+1","floor":14},{"not_picked":["Storm of Steel+1","Wraith Form v2"],"picked":"Burst+1","floor":16},{"not_picked":["Choke","Poisoned Stab"],"picked":"Deflect+1","floor":17},{"not_picked":["Blade Dance+1","Reflex+1"],"picked":"Poisoned Stab","floor":18},{"not_picked":["Backstab","Dagger Throw+1"],"picked":"Dagger Spray","floor":19}],"player_experience":45440,"relics_obtained":[{"floor":9,"key":"Toxic Egg 2"},{"floor":10,"key":"Odd Mushroom"},{"floor":13,"key":"Whetstone"},{"floor":20,"key":"Red Mask"}],"event_choices":[{"damage_healed":0,"gold_gain":75,"player_choice":"Gather Gold","damage_taken":11,"max_hp_gain":0,"max_hp_loss":0,"event_name":"World of Goop","floor":2,"gold_loss":0},{"damage_healed":0,"gold_gain":0,"player_choice":"Ignored","damage_taken":0,"max_hp_gain":0,"max_hp_loss":0,"event_name":"Liars Game","floor":3,"gold_loss":0},{"damage_healed":0,"gold_gain":0,"player_choice":"Ignored","damage_taken":0,"max_hp_gain":0,"max_hp_loss":0,"event_name":"Golden Idol","floor":5,"gold_loss":0},{"damage_healed":0,"gold_gain":0,"player_choice":"Fought Mushrooms","damage_taken":0,"max_hp_gain":0,"max_hp_loss":0,"event_name":"Mushrooms","floor":10,"gold_loss":0},{"damage_healed":0,"gold_gain":0,"player_choice":"Grow","damage_taken":0,"max_hp_gain":0,"max_hp_loss":0,"event_name":"Living Wall","floor":11,"gold_loss":0,"cards_upgraded":["Neutralize"]},{"damage_healed":0,"gold_gain":0,"player_choice":"Fought Bandits","damage_taken":0,"max_hp_gain":0,"max_hp_loss":0,"event_name":"Masked Bandits","floor":20,"gold_loss":0}],"is_beta":false,"boss_relics":[{"not_picked":["Philosopher\u0027s Stone","Cursed Key"],"picked":"Tiny House"}],"items_purged_floors":[],"is_endless":false,"potions_floor_spawned":[1,7,14,18,20],"killed_by":"Centurion and Healer","ascension_level":2}}