{"host":"aqym1xxr3lb31d9m","time":1610960746,"event":{"mods":["BaseMod","Block Reminder","Colored Map","Colored Powertips","DeckTracker","Highlight Path","Minty Spire (QoL Compilation)","Quick Restart","Random Character Button","StSLib","SuperFastMode","UnlockEverythingMod"],"gold_per_floor":[359,370,318,328,328,298,298,310,337,72,86,117,143,168,168,243,243,254,71,71,71,71,101,101,112,182,182,182],"floor_reached":27,"language":"JPN","playtime":3004,"items_purged":[],"score":478,"play_id":"17e1cf76-6bca-4d90-80a6-9fa8e3cbe4ee","local_time":"20210118180546","is_ascension_mode":true,"campfire_choices":[{"data":"Crippling Poison","floor":7,"key":"SMITH"},{"floor":15,"key":"REST"}],"circlet_count":0,"master_deck":["AscendersBane","Strike_G","Strike_G","Strike_G","Strike_G","Defend_G","Defend_G","Defend_G","Defend_G","Defend_G","Survivor","Neutralize","Parasite","Crippling Poison+1","Backstab","Deadly Poison","Blade Dance","Blade Dance","Burst","Backstab","Caltrops","Malaise","Sucker Punch+1","PiercingWail","Leg Sweep","Shame","Burst","Concentrate","Dash+1"],"relics":["Ring of the Snake","Vajra","Eternal Feather","Potion Belt","White Beast Statue","Philosopher\u0027s Stone","PreservedInsect","Ice Cream","StrikeDummy","Singing Bowl"],"acts_visited":["Exordium","TheCity"],"potions_floor_usage":[12,18,23,27],"damage_taken":[{"damage":1,"enemies":"Small Slimes","floor":1,"turns":4},{"damage":6,"enemies":"2 Louse","floor":2,"turns":6},{"damage":0,"enemies":"Cultist","floor":4,"turns":4},{"damage":11,"enemies":"Exordium Thugs","floor":8,"turns":5},{"damage":0,"enemies":"2 Fungi Beasts","floor":11,"turns":2},{"damage":10,"enemies":"Gremlin Nob","floor":12,"turns":3},{"damage":29,"enemies":"3 Sentries","floor":14,"turns":10},{"damage":15,"enemies":"The Guardian","floor":16,"turns":9},{"damage":0,"enemies":"Chosen","floor":18,"turns":3},{"damage":12,"enemies":"Slavers","floor":23,"turns":5},{"damage":14,"enemies":"Shell Parasite","floor":25,"turns":7},{"damage":41,"enemies":"Gremlin Leader","floor":27,"turns":6}],"seed_played":"902174546760053194","potions_obtained":[{"floor":1,"key":"Poison Potion"},{"floor":6,"key":"SkillPotion"},{"floor":11,"key":"LiquidMemories"},{"floor":12,"key":"SteroidPotion"},{"floor":16,"key":"Strength Potion"},{"floor":18,"key":"DuplicationPotion"},{"floor":23,"key":"SpeedPotion"},{"floor":25,"key":"FearPotion"}],"is_trial":false,"path_per_floor":["M","M","$","M","?","?","R","M","T","$","M","E","T","E","R","B",null,"M","$","?","?","$","E","?","M","T","E"],"character_chosen":"THE_SILENT","items_purchased":["Deadly Poison","Eternal Feather","PreservedInsect","PiercingWail"],"campfire_rested":1,"item_purchase_floors":[3,10,19,19],"current_hp_per_floor":[58,52,52,52,57,57,57,46,46,46,46,36,36,7,40,25,60,60,60,60,60,60,48,48,34,34,0,0],"gold":182,"neow_bonus":"TWO_FIFTY_GOLD","is_daily":false,"chose_seed":false,"campfire_upgraded":1,"win_rate":0.0,"timestamp":1610960746,"path_taken":["M","M","$","M","?","?","R","M","T","$","?","E","?","E","R","BOSS","M","$","?","?","$","E","?","?","T","E"],"items_purchased_type":["Card","Relic","Relic","Card"],"build_version":"2020-12-22","purchased_purges":0,"victory":false,"max_hp_per_floor":[66,66,66,66,71,71,71,71,71,71,71,71,71,71,71,71,71,71,71,71,71,71,71,71,71,71,71,71],"card_choices":[{"not_picked":["Deadly Poison","Infinite Blades"],"picked":"Crippling Poison","floor":1},{"not_picked":["Prepared","Bane"],"picked":"Backstab","floor":2},{"not_picked":["Setup","Dagger Throw"],"picked":"Blade Dance","floor":4},{"not_picked":["Prepared","Setup"],"picked":"Blade Dance","floor":8},{"not_picked":["Blade Dance","Choke"],"picked":"Burst","floor":11},{"not_picked":["Bane","Underhanded Strike"],"picked":"Backstab","floor":12},{"not_picked":["Sucker Punch","Backstab"],"picked":"Caltrops","floor":14},{"not_picked":["Grand Finale","Storm of Steel"],"picked":"Malaise","floor":16},{"not_picked":["Flying Knee","Blade Dance"],"picked":"Sucker Punch+1","floor":18},{"not_picked":["Prepared","Dagger Spray"],"picked":"Burst","floor":23},{"not_picked":["Sucker Punch","Outmaneuver+1"],"picked":"Dash+1","floor":25}],"player_experience":3930689,"relics_obtained":[{"floor":9,"key":"Vajra"},{"floor":12,"key":"Potion Belt"},{"floor":14,"key":"White Beast Statue"},{"floor":23,"key":"StrikeDummy"},{"floor":26,"key":"Singing Bowl"}],"event_choices":[{"damage_healed":0,"gold_gain":0,"player_choice":"Donut","damage_taken":0,"max_hp_gain":5,"max_hp_loss":0,"event_name":"Big Fish","floor":5,"gold_loss":0},{"damage_healed":0,"gold_gain":0,"player_choice":"Bought 2 Potions","damage_taken":0,"max_hp_gain":0,"max_hp_loss":0,"event_name":"The Woman in Blue","floor":6,"gold_loss":0},{"damage_healed":0,"gold_gain":0,"player_choice":"Read","damage_taken":0,"max_hp_gain":0,"max_hp_loss":0,"event_name":"The Library","floor":20,"gold_loss":0,"cards_obtained":["Leg Sweep"]},{"damage_healed":0,"gold_gain":0,"player_choice":"Stole Relic","damage_taken":0,"relics_obtained":["Ice Cream"],"max_hp_gain":0,"max_hp_loss":0,"event_name":"Addict","floor":21,"gold_loss":0,"cards_obtained":["Shame"]},{"damage_healed":0,"gold_gain":0,"cards_transformed":["Strike_G"],"player_choice":"Transformed","damage_taken":0,"max_hp_gain":0,"max_hp_loss":0,"event_name":"Transmorgrifier","floor":24,"gold_loss":0,"cards_obtained":["Concentrate"]}],"is_beta":false,"boss_relics":[{"not_picked":["Busted Crown","Runic Dome"],"picked":"Philosopher\u0027s Stone"}],"items_purged_floors":[],"is_endless":false,"potions_floor_spawned":[1,11,12,16,18,23,25],"killed_by":"Gremlin Leader","ascension_level":20}}