{"host":"6pgtslebjnyv5xmi","time":1610985140,"event":{"mods":["AchievementEnabler","BaseMod","Colored Map","Minty Spire (QoL Compilation)","Rare Cards Sparkle","StSLib","SuperFastMode","The Cursed","everything is the same but u backflip on backflip"],"gold_per_floor":[365,365,365,365,365,406,406,69,145,478,496,517,517,570,570,570,570],"floor_reached":16,"language":"KOR","playtime":964,"items_purged":[],"score":226,"play_id":"d6fc8b97-9e26-4eae-831f-0b2e86fa1088","local_time":"20210119005220","is_ascension_mode":true,"campfire_choices":[{"floor":7.0,"key":"REST"},{"data":"Bullet Time","floor":13.0,"key":"SMITH"},{"data":"Phantasmal Killer","floor":15.0,"key":"SMITH"}],"circlet_count":0,"master_deck":["AscendersBane","Strike_G","Strike_G","Strike_G","Strike_G","Strike_G","Defend_G","Defend_G","Defend_G","Defend_G","Defend_G","Survivor","Neutralize","Writhe","Blade Dance+1","Panache","PiercingWail","Bullet Time+1","Phantasmal Killer+1"],"relics":["Ring of the Snake","Golden Idol","Gremlin Horn","Blood Vial","Strawberry","Sling","Ornamental Fan","Old Coin","CeramicFish"],"acts_visited":["Exordium"],"potions_floor_usage":[16],"damage_taken":[{"damage":0.0,"enemies":"2 Louse","floor":1.0,"turns":4.0},{"damage":31.0,"enemies":"3 Sentries","floor":6.0,"turns":13.0},{"damage":0.0,"enemies":"Gremlin Nob","floor":10.0,"turns":4.0},{"damage":8.0,"enemies":"Jaw Worm","floor":11.0,"turns":2.0},{"damage":0.0,"enemies":"Cultist","floor":12.0,"turns":4.0},{"damage":8.0,"enemies":"3 Sentries","floor":14.0,"turns":9.0},{"damage":72,"enemies":"Slime Boss","floor":16,"turns":11}],"seed_played":"1673251883265177527","potions_obtained":[{"floor":1.0,"key":"FairyPotion"},{"floor":10.0,"key":"Fire Potion"},{"floor":11.0,"key":"LiquidMemories"}],"is_trial":false,"path_per_floor":["M","?","?","T","?","E","R","$","T","E","M","M","R","E","R","B"],"character_chosen":"THE_SILENT","items_purchased":["Panache","Sling"],"campfire_rested":1,"item_purchase_floors":[8,8],"current_hp_per_floor":[63,63,63,63,51,29,50,50,50,52,46,48,48,42,42,0,0],"gold":570,"neow_bonus":"TWO_FIFTY_GOLD","is_daily":false,"chose_seed":false,"campfire_upgraded":2,"win_rate":0.0,"timestamp":1610985140,"path_taken":["M","?","?","?","?","E","R","$","T","E","M","M","R","E","R","BOSS"],"items_purchased_type":["Card","Relic"],"build_version":"2020-12-22","purchased_purges":0,"victory":false,"max_hp_per_floor":[70,65,65,65,65,72,72,72,72,72,72,72,72,72,72,72,72],"card_choices":[{"not_picked":["Poisoned Stab","Endless Agony"],"picked":"Blade Dance","floor":1.0},{"not_picked":["Slice","Sucker Punch","Dagger Spray"],"picked":"SKIP","floor":6.0},{"not_picked":["Dagger Spray","Slice"],"picked":"PiercingWail","floor":10.0},{"not_picked":["Bane","Poisoned Stab","Well Laid Plans"],"picked":"SKIP","floor":11.0},{"not_picked":["Dagger Spray","Deflect"],"picked":"Bullet Time","floor":12.0},{"not_picked":["Underhanded Strike","PiercingWail"],"picked":"Phantasmal Killer","floor":14.0}],"player_experience":973635,"relics_obtained":[{"floor":4.0,"key":"Gremlin Horn"},{"floor":6.0,"key":"Strawberry"},{"floor":9.0,"key":"Ornamental Fan"},{"floor":10.0,"key":"Old Coin"},{"floor":14.0,"key":"CeramicFish"}],"event_choices":[{"damage_healed":0.0,"max_hp_gain":0.0,"max_hp_loss":5.0,"gold_gain":0.0,"event_name":"Golden Idol","player_choice":"Lose Max HP","floor":2.0,"gold_loss":0.0,"damage_taken":0.0,"relics_obtained":["Golden Idol"]},{"damage_healed":0.0,"max_hp_gain":0.0,"max_hp_loss":0.0,"gold_gain":0.0,"event_name":"Living Wall","player_choice":"Grow","floor":3.0,"gold_loss":0.0,"damage_taken":0.0,"cards_upgraded":["Blade Dance"]},{"damage_healed":0.0,"max_hp_gain":0.0,"max_hp_loss":0.0,"gold_gain":0.0,"event_name":"Scrap Ooze","player_choice":"Success","floor":5.0,"gold_loss":0.0,"damage_taken":12.0,"relics_obtained":["Blood Vial"]}],"is_beta":false,"boss_relics":[],"items_purged_floors":[],"is_endless":false,"potions_floor_spawned":[1,10,11,14],"killed_by":"Slime Boss","ascension_level":12}}