{"host":"yekvm0llnambltim","time":1610963478,"event":{"mods":["Act Like it!","BaseMod","CapriCore","Challenge The Spire","Minty Spire (QoL Compilation)","MostiFishMod","Quick Restart","Relic Stats","Replay The Spire","Spicy Shops","StSLib","TheHeartMod","Waifu the Spire","¡¾ÒÅÎï¿¨ÅÆ¡¿REMEMod"],"gold_per_floor":[118,138,138,63,63,35,48,48,73,83,113,113,132,148,148,220,220,236,236,254,304,317,349,349,384,409,473,486,486,486,501,501,575,575,592,438,487,503,520,550,550,577,604,617,617,617,652,702,702,702,702],"floor_reached":52,"language":"ZHS","playtime":2159,"items_purged":["Strike_R"],"score":2225,"play_id":"b5509050-7449-4018-ac5a-ce50c42fdd7b","local_time":"20210118175118","is_ascension_mode":true,"campfire_choices":[{"data":"Pommel Strike","floor":8.0,"key":"SMITH"},{"data":"Armaments","floor":12.0,"key":"SMITH"},{"data":"Offering","floor":15.0,"key":"SMITH"},{"data":"Berserk","floor":24.0,"key":"SMITH"},{"data":"Sword Boomerang","floor":29.0,"key":"SMITH"},{"data":"Evolve","floor":32.0,"key":"SMITH"},{"data":"MostiFishMod:HellRitual","floor":41.0,"key":"SMITH"},{"floor":49.0,"key":"DIG"}],"circlet_count":0,"master_deck":["AscendersBane","Strike_R","Defend_R+1","Defend_R+1","Defend_R+1","Bash","Flash of Steel","Cleave+1","Pommel Strike+1","Power Through+1","Armaments+1","Shockwave","Offering+1","MostiFishMod:DarkDeal","Disarm","Offering+1","Berserk+1","Sword Boomerang+1","Burning Pact","Evolve+1","Fiend Fire","Demon Form","MostiFishMod:HellRitual+1","Abandon+1","Madness","Madness"],"relics":["Burning Blood","DaveBox","REME_ComplimentaryCards","Transparent","SynthV:TestCard","Dream Catcher","Replay:Baseball","xbg","Replay:Bottled Eggs","Mirror","Vajra","Mango","Black Star","Lee\u0027s Waffle","Ice Cream","Omamori","StoneCalendar","Bag of Marbles","Juzu Bracelet","Toy Ornithopter","Ring of Peace","ReplayTheSpireMod:Ring of Exchange","REME_PuzzleBoxRelic","Dead Branch","Replay:Bottled Steam"],"acts_visited":["Exordium","TheCity","TheBeyond"],"potions_floor_usage":[],"damage_taken":[{"damage":14.0,"enemies":"Jaw Worm","floor":1.0,"turns":2.0},{"damage":14.0,"enemies":"2 Louse","floor":2.0,"turns":2.0},{"damage":7.0,"enemies":"Small Slimes","floor":7.0,"turns":1.0},{"damage":20.0,"enemies":"Looter","floor":10.0,"turns":2.0},{"damage":21.0,"enemies":"Lagavulin","floor":11.0,"turns":3.0},{"damage":7.0,"enemies":"Blue Slaver","floor":13.0,"turns":1.0},{"damage":13.0,"enemies":"Lots of Slimes","floor":14.0,"turns":1.0},{"damage":34.0,"enemies":"Slime Boss","floor":16.0,"turns":4.0},{"damage":18.0,"enemies":"2 Thieves","floor":18.0,"turns":1.0},{"damage":19.0,"enemies":"Chosen","floor":20.0,"turns":1.0},{"damage":31.0,"enemies":"Shelled Parasite and Fungi","floor":22.0,"turns":2.0},{"damage":35.0,"enemies":"Book of Stabbing","floor":23.0,"turns":2.0},{"damage":31.0,"enemies":"Gremlin Leader","floor":25.0,"turns":2.0},{"damage":24.0,"enemies":"Book of Stabbing","floor":27.0,"turns":1.0},{"damage":28.0,"enemies":"Chosen and Byrds","floor":28.0,"turns":2.0},{"damage":25.0,"enemies":"Centurion and Healer","floor":31.0,"turns":1.0},{"damage":59.0,"enemies":"Pondfish","floor":33.0,"turns":2.0},{"damage":27.0,"enemies":"3 Darklings","floor":35.0,"turns":2.0},{"damage":52.0,"enemies":"2 Orb Walkers","floor":37.0,"turns":2.0},{"damage":28.0,"enemies":"3 Shapes","floor":38.0,"turns":1.0},{"damage":65.0,"enemies":"Jaw Worm Horde","floor":39.0,"turns":2.0},{"damage":44.0,"enemies":"Nemesis","floor":40.0,"turns":3.0},{"damage":29.0,"enemies":"Reptomancer","floor":42.0,"turns":2.0},{"damage":63.0,"enemies":"Transient","floor":44.0,"turns":4.0},{"damage":46.0,"enemies":"R_Hoarder","floor":47.0,"turns":4.0},{"damage":66,"enemies":"Time Eater","floor":50,"turns":4},{"damage":26,"enemies":"Awakened One","floor":51,"turns":2}],"seed_played":"-4942673372362023443","potions_obtained":[{"floor":10.0,"key":"BlessingOfTheForge"},{"floor":13.0,"key":"DistilledChaos"},{"floor":18.0,"key":"REME_GoldPotion"},{"floor":33.0,"key":"Death Potion"},{"floor":37.0,"key":"ElixirPotion"},{"floor":40.0,"key":"Flashbang"},{"floor":44.0,"key":"Elixir"}],"is_trial":true,"path_per_floor":["M","M","?","?","?","$","M","R","T","M","E","R","M","M","R","B",null,"M","?","M","?","M","E","R","E","T","E","M","R","?","M","R","B",null,"M","$","?","M","M","E","R","E","T","M","?","?","E","?","R","B","B",null],"character_chosen":"IRONCLAD","items_purchased":["Armaments","Lee\u0027s Waffle"],"campfire_rested":0,"item_purchase_floors":[6,36],"current_hp_per_floor":[75,75,75,75,52,52,75,75,75,75,75,75,75,75,75,75,75,75,75,75,75,75,75,75,75,75,89,89,89,89,89,89,89,89,89,96,96,96,96,96,96,96,96,96,96,79,96,96,96,98,98],"gold":702,"neow_bonus":"","is_daily":false,"chose_seed":false,"campfire_upgraded":7,"win_rate":0.0,"timestamp":1610963478,"path_taken":["M","M","?","?","?","?","?","R","T","M","E","R","M","M","R","BOSS","M","?","?","?","M","E","R","E","T","E","M","R","?","?","R","BOSS","M","$","?","M","M","E","R","E","T","M","?","?","E","?","R","BOSS","BOSS"],"items_purchased_type":["Card","Relic"],"build_version":"2020-12-22","purchased_purges":1,"victory":true,"max_hp_per_floor":[75,75,75,75,75,75,75,75,75,75,75,75,75,75,75,75,75,75,75,75,75,75,75,75,75,75,89,89,89,89,89,89,89,89,89,96,96,96,96,96,96,96,96,96,96,96,96,96,96,98,98],"relic_stats":{"Dream Catcher":0,"Lee\u0027s Waffle":7,"counters":[27,56],"Dead Branch":[57],"StoneCalendar":[0],"Black Star":3,"Juzu Bracelet":0,"obtain_stats":[{"Ice Cream":37,"ReplayTheSpireMod:Ring of Exchange":45,"DaveBox":0,"Vajra":26,"Mango":27,"StoneCalendar":40,"Juzu Bracelet":42,"Burning Blood":0,"Dream Catcher":9,"Ring of Peace":45,"Replay:Bottled Eggs":23,"Replay:Bottled Steam":49,"Lee\u0027s Waffle":36,"Dead Branch":47,"Omamori":40,"Replay:Baseball":11,"SynthV:TestCard":1,"Transparent":0,"Black Star":34,"Bag of Marbles":42,"xbg":17,"REME_PuzzleBoxRelic":47,"Mirror":25,"Toy Ornithopter":43,"REME_ComplimentaryCards":0},{"Ice Cream":19,"ReplayTheSpireMod:Ring of Exchange":24,"DaveBox":0,"Vajra":13,"Mango":14,"StoneCalendar":22,"Juzu Bracelet":23,"Burning Blood":0,"Dream Catcher":3,"Ring of Peace":24,"Replay:Bottled Eggs":12,"Replay:Bottled Steam":25,"Lee\u0027s Waffle":18,"Dead Branch":25,"Omamori":22,"Replay:Baseball":5,"SynthV:TestCard":1,"Transparent":0,"Black Star":17,"Bag of Marbles":23,"xbg":8,"REME_PuzzleBoxRelic":25,"Mirror":13,"Toy Ornithopter":23,"REME_ComplimentaryCards":0},{"Ice Cream":34,"ReplayTheSpireMod:Ring of Exchange":46,"DaveBox":0,"Vajra":24,"Mango":25,"StoneCalendar":40,"Juzu Bracelet":42,"Burning Blood":0,"Dream Catcher":5,"Ring of Peace":46,"Replay:Bottled Eggs":22,"Replay:Bottled Steam":50,"Lee\u0027s Waffle":32,"Dead Branch":50,"Omamori":40,"Replay:Baseball":10,"SynthV:TestCard":2,"Transparent":0,"Black Star":30,"Bag of Marbles":42,"xbg":16,"REME_PuzzleBoxRelic":50,"Mirror":24,"Toy Ornithopter":42,"REME_ComplimentaryCards":0}],"Burning Blood":162,"Toy Ornithopter":0},"card_choices":[{"not_picked":["Shrug It Off","Spot Weakness"],"picked":"Cleave","floor":1.0},{"not_picked":["Wild Strike","Body Slam","Warcry","Havoc"],"picked":"Pommel Strike","floor":2.0},{"not_picked":["REME_FearOfPain","Sword Boomerang","ReplayTheSpireMod:Strike From Hell","Replay:Undeath\u0027s Touch","Havoc"],"picked":"SKIP","floor":7.0},{"not_picked":["Rage","Perfected Strike","Thunderclap","MostiFishMod:BrandingRite"],"picked":"Shockwave","floor":10.0},{"not_picked":["Searing Blow","ReplayTheSpireMod:Muscle Training","Heavy Blade","Wild Strike"],"picked":"Offering","floor":11.0},{"not_picked":["Havoc","Wild Strike","Replay:Undeath\u0027s Touch","Heavy Blade","Iron Wave"],"picked":"SKIP","floor":13.0},{"not_picked":["Twin Strike","Hemokinesis","Armaments","Iron Wave","Pummel"],"picked":"SKIP","floor":14.0},{"not_picked":["MostiFishMod:NewArrival","Feed","MostiFishMod:WingOfPhoenix","Replay:Many Hands"],"picked":"MostiFishMod:DarkDeal","floor":16.0},{"not_picked":["Flex","Anger","Wild Strike","Massacre+1"],"picked":"Disarm","floor":18.0},{"not_picked":["Run Through","ReplayTheSpireMod:Limb From Limb+1","ReplayTheSpireMod:Strike From Hell","Dropkick"],"picked":"Berserk","floor":20.0},{"not_picked":["ReplayTheSpireMod:Strike From Hell","Heavy Blade","Anger","Body Slam"],"picked":"Sword Boomerang","floor":22.0},{"not_picked":["Cleave+1","Thunderclap+1","Headbutt","MostiFishMod:FireWorks","Iron Wave+1"],"picked":"SKIP","floor":23.0},{"not_picked":["Combust","Cleave+1","Shrug It Off","True Grit","Body Slam"],"picked":"SKIP","floor":25.0},{"not_picked":["Body Slam","REME_Scribble","True Grit","Cleave+1"],"picked":"Burning Pact","floor":27.0},{"not_picked":["Pommel Strike","Anger","ReplayTheSpireMod:Muscle Training","Reaper"],"picked":"Evolve","floor":28.0},{"not_picked":["Havoc","Body Slam+1","Clash","Heavy Blade","Headbutt"],"picked":"SKIP","floor":31.0},{"not_picked":["Carnage","Clothesline+1","Armaments+1","True Grit","Shrug It Off+1"],"picked":"SKIP","floor":35.0},{"not_picked":["Pommel Strike","Reckless Charge+1","Thunderclap","Clash","Shrug It Off"],"picked":"SKIP","floor":38.0},{"not_picked":["Armaments+1","Shrug It Off","Clothesline","ReplayTheSpireMod:Strike From Hell+1","Headbutt+1"],"picked":"SKIP","floor":39.0},{"not_picked":["Bloodletting+1","Wild Strike","Body Slam","Twin Strike"],"picked":"MostiFishMod:HellRitual","floor":40.0},{"not_picked":["True Grit","Warcry+1","ReplayTheSpireMod:Strike From Hell","Havoc+1","Sever Soul"],"picked":"SKIP","floor":42.0},{"not_picked":["Cleave+1","Power Through","Replay:Undeath\u0027s Touch","ReplayTheSpireMod:Stacked+1"],"picked":"Abandon+1","floor":44.0},{"not_picked":["Fire Breathing","Burning Pact","Flex+1","Shrug It Off","Reckless Charge"],"picked":"SKIP","floor":47.0}],"player_experience":311320,"relics_obtained":[{"floor":1.0,"key":"SynthV:TestCard"},{"floor":9.0,"key":"Dream Catcher"},{"floor":11.0,"key":"Replay:Baseball"},{"floor":23.0,"key":"Replay:Bottled Eggs"},{"floor":25.0,"key":"Mirror"},{"floor":26.0,"key":"Vajra"},{"floor":27.0,"key":"Mango"},{"floor":37.0,"key":"Ice Cream"},{"floor":40.0,"key":"Omamori"},{"floor":40.0,"key":"StoneCalendar"},{"floor":42.0,"key":"Bag of Marbles"},{"floor":42.0,"key":"Juzu Bracelet"},{"floor":43.0,"key":"Toy Ornithopter"},{"floor":45.0,"key":"Ring of Peace"},{"floor":45.0,"key":"ReplayTheSpireMod:Ring of Exchange"},{"floor":47.0,"key":"REME_PuzzleBoxRelic"},{"floor":47.0,"key":"Dead Branch"},{"floor":49.0,"key":"Replay:Bottled Steam"}],"event_choices":[{"damage_healed":0.0,"max_hp_gain":0.0,"max_hp_loss":0.0,"gold_gain":0.0,"cards_transformed":["Strike_R"],"event_name":"Living Wall","player_choice":"Change","floor":3.0,"gold_loss":0.0,"damage_taken":0.0,"cards_obtained":["Power Through"]},{"cards_removed":["Strike_R"],"damage_healed":0.0,"max_hp_gain":0.0,"max_hp_loss":0.0,"gold_gain":0.0,"event_name":"The Cleric","player_choice":"Card Removal","floor":4.0,"gold_loss":75.0,"damage_taken":0.0},{"damage_healed":0.0,"max_hp_gain":0.0,"max_hp_loss":0.0,"gold_gain":0.0,"event_name":"Shining Light","player_choice":"Entered Light","floor":5.0,"gold_loss":0.0,"damage_taken":23.0,"cards_upgraded":["Cleave","Power Through"]},{"damage_healed":0.0,"max_hp_gain":0.0,"max_hp_loss":0.0,"gold_gain":0.0,"event_name":"Duplicator","player_choice":"Copied","floor":19.0,"gold_loss":0.0,"damage_taken":0.0,"cards_obtained":["Offering"]},{"damage_healed":0.0,"max_hp_gain":0.0,"max_hp_loss":0.0,"gold_gain":50.0,"event_name":"Nest","player_choice":"Stole From Cult","floor":21.0,"gold_loss":0.0,"damage_taken":0.0},{"damage_healed":0.0,"max_hp_gain":0.0,"max_hp_loss":0.0,"gold_gain":0.0,"cards_transformed":["Strike_R","Defend_R"],"event_name":"Drug Dealer","player_choice":"Became Test Subject","floor":30.0,"gold_loss":0.0,"damage_taken":0.0,"cards_obtained":["Fiend Fire","Demon Form"]},{"damage_healed":0.0,"max_hp_gain":0.0,"max_hp_loss":0.0,"gold_gain":0.0,"event_name":"Mysterious Sphere","player_choice":"Fight","floor":37.0,"gold_loss":0.0,"damage_taken":0.0},{"damage_healed":0.0,"max_hp_gain":0.0,"max_hp_loss":0.0,"gold_gain":0.0,"event_name":"Winding Halls","player_choice":"Embrace Madness","floor":46.0,"gold_loss":0.0,"damage_taken":17.0,"cards_obtained":["Madness","Madness"]},{"damage_healed":0.0,"max_hp_gain":0.0,"max_hp_loss":0.0,"gold_gain":50.0,"event_name":"Golden Shrine","player_choice":"Pray","floor":48.0,"gold_loss":0.0,"damage_taken":0.0}],"is_beta":false,"boss_relics":[{"not_picked":["Runic Pyramid","Philosopher\u0027s Stone"],"picked":"xbg"},{"not_picked":["HereWithMe","ChewingGum"],"picked":"Black Star"}],"items_purged_floors":[36],"is_endless":false,"potions_floor_spawned":[10,13,16,18,23,25,28,33,37,39,40,44],"ascension_level":20}}