{"host":"Qube","time":1610934857,"event":{"mods":["AchievementEnabler","BaseMod","Colored Map","Colored Powertips","Minty Spire (QoL Compilation)","Quick Restart","Random Character Button","StSLib"],"gold_per_floor":[116,266,278,203,217,250,250,282,333,333,358,328,328,328],"floor_reached":13,"language":"ENG","playtime":485,"items_purged":[],"score":202,"play_id":"f44b6497-2a91-42b7-bf42-29bc62db0998","local_time":"20210117175417","is_ascension_mode":true,"campfire_choices":[{"floor":10.0,"key":"REST"}],"circlet_count":0,"master_deck":["AscendersBane","Strike_G","Strike_G","Strike_G","Strike_G","Strike_G","Defend_G","Defend_G","Defend_G","Defend_G","Defend_G","Survivor","Neutralize","Infinite Blades+1","Poisoned Stab","Bane","Slice","Prepared+1","Burst+1"],"relics":["Fusion Hammer","Toxic Egg 2","Blood Vial","Nunchaku","MealTicket"],"acts_visited":["Exordium"],"potions_floor_usage":[13,13],"damage_taken":[{"damage":0.0,"enemies":"Cultist","floor":1.0,"turns":4.0},{"damage":0.0,"enemies":"2 Louse","floor":3.0,"turns":3.0},{"damage":0.0,"enemies":"Small Slimes","floor":5.0,"turns":3.0},{"damage":14.0,"enemies":"3 Sentries","floor":6.0,"turns":8.0},{"damage":5.0,"enemies":"Lagavulin","floor":8.0,"turns":6.0},{"damage":49,"enemies":"Gremlin Nob","floor":11,"turns":5},{"damage":14,"enemies":"Lagavulin","floor":13,"turns":6}],"seed_played":"1057296992726050488","potions_obtained":[{"floor":1.0,"key":"FearPotion"},{"floor":3.0,"key":"Poison Potion"},{"floor":12,"key":"GamblersBrew"},{"floor":12,"key":"ColorlessPotion"}],"is_trial":false,"path_per_floor":["M","?","M","?","M","E","?","E","T","R","E","?","E"],"character_chosen":"THE_SILENT","items_purchased":[],"campfire_rested":1,"item_purchase_floors":[],"current_hp_per_floor":[59,59,59,59,59,45,45,40,40,59,12,12,0,0],"gold":328,"neow_bonus":"BOSS_RELIC","is_daily":false,"chose_seed":false,"campfire_upgraded":0,"win_rate":0.0,"timestamp":1610934857,"path_taken":["M","?","M","?","M","E","?","E","T","R","E","?","E"],"items_purchased_type":[],"build_version":"2020-12-18","purchased_purges":0,"victory":false,"max_hp_per_floor":[66,66,66,66,66,66,66,66,66,66,66,66,66,66],"card_choices":[{"not_picked":["Escape Plan","PiercingWail"],"picked":"Infinite Blades","floor":1.0},{"not_picked":["PiercingWail","Well Laid Plans"],"picked":"Poisoned Stab","floor":3.0},{"not_picked":["Sucker Punch","PiercingWail"],"picked":"Bane","floor":5.0},{"not_picked":["Noxious Fumes","Dagger Throw"],"picked":"Slice","floor":6.0},{"not_picked":["Bane","Blade Dance+1"],"picked":"Prepared+1","floor":8.0},{"not_picked":["Terror+1","Slice"],"picked":"Burst+1","floor":11}],"player_experience":917998,"relics_obtained":[{"floor":6.0,"key":"Toxic Egg 2"},{"floor":8.0,"key":"Blood Vial"},{"floor":9.0,"key":"Nunchaku"},{"floor":11,"key":"MealTicket"}],"event_choices":[{"damage_healed":0.0,"max_hp_gain":0.0,"max_hp_loss":0.0,"gold_gain":150.0,"event_name":"Liars Game","player_choice":"AGREE","floor":2.0,"gold_loss":0.0,"damage_taken":0.0,"cards_obtained":["Doubt"]},{"cards_removed":["Doubt"],"damage_healed":0.0,"max_hp_gain":0.0,"max_hp_loss":0.0,"gold_gain":0.0,"event_name":"The Cleric","player_choice":"Card Removal","floor":4.0,"gold_loss":75.0,"damage_taken":0.0},{"damage_healed":0.0,"max_hp_gain":0.0,"max_hp_loss":0.0,"gold_gain":0.0,"event_name":"Living Wall","player_choice":"Grow","floor":7.0,"gold_loss":0.0,"damage_taken":0.0,"cards_upgraded":["Infinite Blades"]},{"damage_healed":0,"gold_gain":0,"player_choice":"Bought 2 Potions","damage_taken":0,"max_hp_gain":0,"max_hp_loss":0,"event_name":"The Woman in Blue","floor":12,"gold_loss":0}],"is_beta":true,"boss_relics":[],"items_purged_floors":[],"is_endless":false,"potions_floor_spawned":[1,3],"killed_by":"Lagavulin","ascension_level":20}}