{"host":"1c52r9kaxdyo25eq","time":1610995596,"event":{"mods":["AchievementEnabler","BaseMod","Minty Spire (QoL Compilation)","Rare Cards Sparkle","SuperFastMode","everything is the same but u backflip on backflip"],"gold_per_floor":[114,39,39,39,114,144,144,160,184,202,225,242,265,276,276,355,355,372,388,388,388],"floor_reached":20,"language":"KOR","playtime":370,"items_purged":["Defend_G"],"score":398,"play_id":"a203c49e-3608-4ef3-a1b5-12f46ed33697","local_time":"20210119034636","is_ascension_mode":true,"campfire_choices":[{"data":"Accuracy","floor":7,"key":"SMITH"},{"data":"Cloak And Dagger","floor":15,"key":"SMITH"}],"circlet_count":0,"master_deck":["AscendersBane","Strike_G","Strike_G","Strike_G","Strike_G","Strike_G","Defend_G","Defend_G","Defend_G","Survivor","Neutralize","Accuracy+1","Escape Plan","Dagger Throw","Bouncing Flask","Cloak And Dagger+1","A Thousand Cuts","CurseOfTheBell","Tactician+1"],"relics":["Ring of the Snake","NeowsBlessing","InkBottle","Nunchaku","Akabeko","Anchor","Calling Bell","Pen Nib","Toxic Egg 2","Ginger"],"acts_visited":["Exordium","TheCity"],"potions_floor_usage":[16],"damage_taken":[{"damage":0,"enemies":"2 Louse","floor":1,"turns":1},{"damage":0,"enemies":"Lagavulin","floor":6,"turns":1},{"damage":0,"enemies":"Jaw Worm","floor":8,"turns":1},{"damage":9,"enemies":"Small Slimes","floor":10,"turns":4},{"damage":16,"enemies":"Exordium Thugs","floor":12,"turns":5},{"damage":0,"enemies":"Looter","floor":14,"turns":2},{"damage":24,"enemies":"The Guardian","floor":16,"turns":8},{"damage":14,"enemies":"Shell Parasite","floor":18,"turns":5},{"damage":13,"enemies":"Chosen","floor":19,"turns":4},{"damage":29,"enemies":"Shelled Parasite and Fungi","floor":20,"turns":4}],"seed_played":"6998383380904333059","potions_obtained":[{"floor":1,"key":"FairyPotion"},{"floor":12,"key":"Energy Potion"},{"floor":14,"key":"DuplicationPotion"},{"floor":18,"key":"Energy Potion"}],"is_trial":false,"path_per_floor":["M","$","?","?","?","E","R","M","T","M","T","M","T","M","R","B",null,"M","M","M"],"character_chosen":"THE_SILENT","items_purchased":[],"campfire_rested":0,"item_purchase_floors":[],"current_hp_per_floor":[59,59,64,57,46,46,46,46,46,37,37,21,21,21,21,21,59,45,32,3,3],"gold":388,"neow_bonus":"THREE_ENEMY_KILL","is_daily":false,"chose_seed":false,"campfire_upgraded":2,"win_rate":0.0,"timestamp":1610995596,"path_taken":["M","$","?","?","?","E","R","M","T","M","?","?","?","M","R","BOSS","M","M","M"],"items_purchased_type":[],"build_version":"2020-12-22","purchased_purges":1,"victory":false,"max_hp_per_floor":[66,66,71,71,71,71,71,71,71,71,71,71,71,71,71,71,71,71,71,71,71],"card_choices":[{"not_picked":["Choke","Distraction"],"picked":"Accuracy","floor":1},{"not_picked":["Choke","PiercingWail"],"picked":"Escape Plan","floor":6},{"not_picked":["Outmaneuver","Well Laid Plans"],"picked":"Dagger Throw","floor":8},{"not_picked":["Noxious Fumes","Deflect"],"picked":"Bouncing Flask","floor":10},{"not_picked":["Flechettes","PiercingWail"],"picked":"Cloak And Dagger","floor":12},{"not_picked":["Slice","Distraction","Eviscerate"],"picked":"SKIP","floor":14},{"not_picked":["Tools of the Trade","Doppelganger"],"picked":"A Thousand Cuts","floor":16},{"not_picked":["Dagger Throw","Dagger Spray","Unload"],"picked":"SKIP","floor":18},{"not_picked":["Dodge and Roll+1","Acrobatics+1"],"picked":"Tactician+1","floor":19}],"player_experience":594369,"relics_obtained":[{"floor":6,"key":"InkBottle"},{"floor":9,"key":"Nunchaku"},{"floor":11,"key":"Akabeko"},{"floor":13,"key":"Anchor"},{"floor":17,"key":"Pen Nib"},{"floor":17,"key":"Toxic Egg 2"},{"floor":17,"key":"Ginger"}],"event_choices":[{"damage_healed":0,"gold_gain":0,"player_choice":"Donut","damage_taken":0,"max_hp_gain":5,"max_hp_loss":0,"event_name":"Big Fish","floor":3,"gold_loss":0},{"cards_removed":["Defend_G"],"damage_healed":0,"gold_gain":0,"player_choice":"Card Removal","damage_taken":7,"max_hp_gain":0,"max_hp_loss":0,"event_name":"Golden Wing","floor":4,"gold_loss":0},{"damage_healed":0,"gold_gain":75,"player_choice":"Gather Gold","damage_taken":11,"max_hp_gain":0,"max_hp_loss":0,"event_name":"World of Goop","floor":5,"gold_loss":0}],"is_beta":false,"boss_relics":[{"not_picked":["Ectoplasm","Snecko Eye"],"picked":"Calling Bell"}],"items_purged_floors":[2],"is_endless":false,"potions_floor_spawned":[1,12,14,18],"killed_by":"Shelled Parasite and Fungi","ascension_level":20}}