{"host":"dftyqn972q7tuon4","time":1610934124,"event":{"mods":["AchievementEnabler","BaseMod","Better Altar","Better Match","Better Note","Better Sensory Stone","Better Skull","Better Third Choice","Colored Powertips","Highlight Path","Minty Spire (QoL Compilation)","Permanent Neow","Quick Restart","StSLib"],"gold_per_floor":[114,129,129,304,42,72,72,97,122,122,122,122,122,137,137,237,237,252,252,212,62,83,113,212,212,212,212,312,312,312,342,342,442,442,457,482,1481,1526,1748,1778,1793,853,853,44,69,69,99,99,99,99],"floor_reached":51,"language":"ENG","playtime":1664,"items_purged":["Doubt","Normality","Flex"],"score":927,"play_id":"40c21789-7f11-41d6-a5fd-0264318fb291","local_time":"20210118024204","daily_mods":["Draft","Flight","Lethality"],"is_ascension_mode":false,"campfire_choices":[{"data":"True Grit","floor":12.0,"key":"SMITH"},{"data":"True Grit","floor":13.0,"key":"SMITH"},{"data":"True Grit","floor":15.0,"key":"SMITH"},{"floor":27.0,"key":"REST"},{"floor":32.0,"key":"REST"},{"data":"Limit Break","floor":46.0,"key":"SMITH"},{"data":"Dark Embrace","floor":49.0,"key":"SMITH"}],"circlet_count":0,"master_deck":["Second Wind","Feel No Pain","Twin Strike","Sword Boomerang+1","Sentinel","Wild Strike","True Grit+1","Thunderclap+1","Armaments","Feel No Pain+1","Sentinel+1","True Grit+1","Wild Strike+1","Shrug It Off+1","True Grit+1","Wild Strike","Dark Embrace+1","Limit Break+1","Violence+1","Wild Strike","Limit Break","Fire Breathing","Sword Boomerang+1","Disarm","Intimidate","Demon Form","Insight","Reaper","Sword Boomerang+1","Fire Breathing+1","Burning Pact","Inflame","Warcry","Thinking Ahead","Fire Breathing","Shockwave","Disarm","Violence","Clothesline"],"relics":["Burning Blood","MealTicket","Juzu Bracelet","Tiny Chest","Boot","Omamori","WarpedTongs","Mark of Pain","Darkstone Periapt","DollysMirror","Red Mask","Happy Flower","HornCleat","Lantern","Bird Faced Urn","Velvet Choker","PreservedInsect","Pocketwatch","Red Skull","Charon\u0027s Ashes","Question Card","Eternal Feather","ClockworkSouvenir","Akabeko","Whetstone","Mango"],"acts_visited":["Exordium","TheCity","TheBeyond"],"potions_floor_usage":[50,50],"damage_taken":[{"damage":0.0,"enemies":"Cultist","floor":1.0,"turns":2.0},{"damage":0.0,"enemies":"2 Louse","floor":2.0,"turns":1.0},{"damage":14.0,"enemies":"Lagavulin","floor":6.0,"turns":5.0},{"damage":0.0,"enemies":"Small Slimes","floor":14.0,"turns":2.0},{"damage":5.0,"enemies":"Slime Boss","floor":16.0,"turns":4.0},{"damage":21.0,"enemies":"2 Thieves","floor":18.0,"turns":3.0},{"damage":25.0,"enemies":"Masked Bandits","floor":22.0,"turns":4.0},{"damage":21.0,"enemies":"Book of Stabbing","floor":23.0,"turns":4.0},{"damage":7.0,"enemies":"Slavers","floor":31.0,"turns":3.0},{"damage":25.0,"enemies":"Champ","floor":33.0,"turns":9.0},{"damage":0.0,"enemies":"3 Shapes","floor":35.0,"turns":2.0},{"damage":30.0,"enemies":"2 Orb Walkers","floor":38.0,"turns":4.0},{"damage":40.0,"enemies":"Nemesis","floor":40.0,"turns":5.0},{"damage":5.0,"enemies":"3 Darklings","floor":41.0,"turns":4.0},{"damage":12.0,"enemies":"Giant Head","floor":47.0,"turns":5.0},{"damage":70,"enemies":"Awakened One","floor":50,"turns":7}],"seed_played":"-1283480827410872575","potions_obtained":[{"floor":1.0,"key":"SkillPotion"},{"floor":14.0,"key":"Swift Potion"},{"floor":16.0,"key":"LiquidMemories"},{"floor":22.0,"key":"Dexterity Potion"},{"floor":47.0,"key":"BlessingOfTheForge"}],"is_trial":false,"path_per_floor":["M","M","?","?","$","E","T","T","T","?","?","R","R","M","R","B",null,"M","T","?","$","?","E","?","T","T","R","?","?","?","E","R","B",null,"M","T","?","?","?","E","M","$","T","$","T","R","E","?","R","B",null],"character_chosen":"IRONCLAD","items_purchased":["Dark Embrace","MealTicket","DollysMirror","Charon\u0027s Ashes","Inflame","Question Card","Warcry","Thinking Ahead","Fire Breathing","Shockwave","Disarm","Violence","ClockworkSouvenir","Akabeko"],"campfire_rested":2,"item_purchase_floors":[5,5,21,42,42,42,42,42,44,44,44,44,44,44],"current_hp_per_floor":[80,80,64,64,64,56,56,56,56,56,56,56,56,62,62,63,80,65,65,65,80,61,46,46,46,46,70,70,54,54,53,77,64,80,80,80,86,84,84,65,78,86,86,86,86,86,100,100,100,48],"gold":99,"neow_bonus":"","is_daily":true,"chose_seed":false,"campfire_upgraded":5,"win_rate":0.0,"timestamp":1610934124,"path_taken":["M","?","?","?","?","E","?","?","T","?","?","R","R","M","R","BOSS","M","?","?","$","?","E","?","?","T","R","?","?","?","E","R","BOSS","M","?","?","?","?","E","M","$","T","$","?","R","E","?","R","BOSS"],"items_purchased_type":["Card","Relic","Relic","Relic","Card","Relic","Card","Card","Card","Card","Card","Card","Relic","Relic"],"build_version":"2020-12-22","purchased_purges":3,"victory":true,"max_hp_per_floor":[80,80,80,80,80,80,80,80,80,80,80,80,80,80,80,80,80,80,80,80,80,80,80,80,80,80,80,80,80,80,80,80,80,80,80,80,86,86,86,86,86,86,86,86,86,86,100,100,100,100],"card_choices":[{"not_picked":["True Grit","Rampage"],"picked":"Second Wind","floor":0.0},{"not_picked":["Cleave","Metallicize"],"picked":"Feel No Pain","floor":0.0},{"not_picked":["Anger","Hemokinesis"],"picked":"Flex","floor":0.0},{"not_picked":["Armaments","Clash"],"picked":"Twin Strike","floor":0.0},{"not_picked":["Hemokinesis","Armaments"],"picked":"Sword Boomerang","floor":0.0},{"not_picked":["Cleave","Inflame"],"picked":"Sentinel","floor":0.0},{"not_picked":["Iron Wave","Entrench"],"picked":"Wild Strike","floor":0.0},{"not_picked":["Heavy Blade","Cleave"],"picked":"True Grit","floor":0.0},{"not_picked":["Dual Wield","Cleave"],"picked":"Thunderclap","floor":0.0},{"not_picked":["Dropkick","Flex"],"picked":"Armaments","floor":0.0},{"not_picked":["True Grit","Anger"],"picked":"Feel No Pain","floor":0.0},{"not_picked":["Anger","Clothesline"],"picked":"Sentinel","floor":0.0},{"not_picked":["Armaments","Anger"],"picked":"True Grit","floor":0.0},{"not_picked":["Armaments","Flex"],"picked":"Wild Strike","floor":0.0},{"not_picked":["Warcry","Bloodletting"],"picked":"Shrug It Off","floor":0.0},{"not_picked":["Body Slam","Cleave"],"picked":"True Grit","floor":1.0},{"not_picked":["Flex","Anger"],"picked":"Wild Strike","floor":2.0},{"not_picked":["Havoc","Heavy Blade"],"picked":"Limit Break","floor":6.0},{"not_picked":["Sadistic Nature+1","Secret Technique+1"],"picked":"Violence+1","floor":10.0},{"not_picked":["Havoc","Carnage"],"picked":"Wild Strike","floor":14.0},{"not_picked":["Impervious","Immolate"],"picked":"Limit Break","floor":16.0},{"not_picked":["Iron Wave","Clash"],"picked":"Fire Breathing","floor":18.0},{"not_picked":["Sword Boomerang","Anger"],"picked":"Disarm","floor":22.0},{"not_picked":["Cleave+1","Perfected Strike"],"picked":"Intimidate","floor":23.0},{"not_picked":["Ghostly Armor","Clash"],"picked":"Combust+1","floor":31.0},{"not_picked":["Exhume","Bludgeon"],"picked":"Reaper","floor":33.0},{"not_picked":["Clash","Pommel Strike+1"],"picked":"Sword Boomerang+1","floor":35.0},{"not_picked":["Dropkick+1","True Grit"],"picked":"Fire Breathing+1","floor":40.0},{"not_picked":["Entrench+1","Wild Strike+1"],"picked":"Burning Pact","floor":41.0},{"not_picked":["Metallicize+1","Double Tap","Battle Trance"],"picked":"Clothesline","floor":47.0}],"player_experience":691512,"relics_obtained":[{"floor":6.0,"key":"Juzu Bracelet"},{"floor":7.0,"key":"Tiny Chest"},{"floor":8.0,"key":"Boot"},{"floor":9.0,"key":"Omamori"},{"floor":19.0,"key":"Darkstone Periapt"},{"floor":22.0,"key":"Red Mask"},{"floor":23.0,"key":"Happy Flower"},{"floor":25.0,"key":"HornCleat"},{"floor":26.0,"key":"Lantern"},{"floor":31.0,"key":"Bird Faced Urn"},{"floor":36.0,"key":"PreservedInsect"},{"floor":38.0,"key":"Pocketwatch"},{"floor":40.0,"key":"Red Skull"},{"floor":43.0,"key":"Eternal Feather"},{"floor":45.0,"key":"Whetstone"},{"floor":47.0,"key":"Mango"}],"event_choices":[{"damage_healed":80.0,"max_hp_gain":0.0,"max_hp_loss":80.0,"gold_gain":0.0,"event_name":"betterThird:BetterShining","player_choice":"Upgrade","floor":3.0,"gold_loss":0.0,"damage_taken":16.0,"cards_upgraded":["Sword Boomerang","Feel No Pain"]},{"damage_healed":0.0,"max_hp_gain":0.0,"max_hp_loss":0.0,"gold_gain":175.0,"event_name":"betterThird:BetterSerpent","player_choice":"AGREE","floor":4.0,"gold_loss":0.0,"damage_taken":129.0},{"damage_healed":0.0,"max_hp_gain":0.0,"max_hp_loss":0.0,"gold_gain":0.0,"event_name":"betterMatch:BetterMatch","player_choice":"2","floor":10.0,"gold_loss":0.0,"damage_taken":0.0,"cards_obtained":["betterMatch:ColorlessRareCard"]},{"damage_healed":0.0,"max_hp_gain":0.0,"max_hp_loss":0.0,"gold_gain":0.0,"event_name":"Accursed Blacksmith","player_choice":"Rummage","floor":11.0,"gold_loss":0.0,"damage_taken":0.0,"relics_obtained":["WarpedTongs"],"cards_obtained":["Pain"]},{"damage_healed":0.0,"max_hp_gain":0.0,"max_hp_loss":0.0,"gold_gain":0.0,"event_name":"Designer","player_choice":"Upgraded Two","floor":20.0,"gold_loss":40.0,"damage_taken":0.0,"cards_upgraded":["Sentinel","Shrug It Off"]},{"damage_healed":0.0,"max_hp_gain":0.0,"max_hp_loss":0.0,"gold_gain":0.0,"event_name":"Masked Bandits","player_choice":"Fought Bandits","floor":22.0,"gold_loss":0.0,"damage_taken":0.0},{"damage_healed":0.0,"max_hp_gain":0.0,"max_hp_loss":0.0,"gold_gain":99.0,"event_name":"betterThird:BetterNest","player_choice":"Steal","floor":24.0,"gold_loss":0.0,"damage_taken":0.0},{"damage_healed":0.0,"max_hp_gain":0.0,"max_hp_loss":0.0,"gold_gain":100.0,"event_name":"Golden Shrine","player_choice":"Pray","floor":28.0,"gold_loss":0.0,"damage_taken":0.0},{"damage_healed":0.0,"max_hp_gain":0.0,"max_hp_loss":16.0,"gold_gain":2.0,"event_name":"betterStone:BetterStone","player_choice":"2","floor":29.0,"gold_loss":0.0,"damage_taken":0.0},{"damage_healed":0.0,"max_hp_gain":0.0,"max_hp_loss":0.0,"gold_gain":0.0,"event_name":"betterThird:BetterWriting","player_choice":"Insight","floor":30.0,"gold_loss":0.0,"damage_taken":0.0,"cards_obtained":["Insight"]},{"damage_healed":0.0,"max_hp_gain":0.0,"max_hp_loss":0.0,"gold_gain":999.0,"event_name":"MindBloom","player_choice":"Gold","floor":37.0,"gold_loss":0.0,"damage_taken":0.0,"cards_obtained":["Normality","Normality"]},{"damage_healed":0.0,"max_hp_gain":0.0,"max_hp_loss":0.0,"gold_gain":0.0,"event_name":"Mysterious Sphere","player_choice":"Fight","floor":38.0,"gold_loss":0.0,"damage_taken":0.0},{"damage_healed":0.0,"max_hp_gain":0.0,"max_hp_loss":0.0,"gold_gain":222.0,"event_name":"Tomb of Lord Red Mask","player_choice":"Wore Mask","floor":39.0,"gold_loss":0.0,"damage_taken":0.0},{"cards_removed":["Combust"],"damage_healed":0.0,"max_hp_gain":0.0,"max_hp_loss":0.0,"gold_gain":0.0,"event_name":"Falling","player_choice":"Removed Power","floor":48.0,"gold_loss":0.0,"damage_taken":0.0}],"is_beta":false,"boss_relics":[{"not_picked":["Runic Dome","Sozu"],"picked":"Mark of Pain"},{"not_picked":["Astrolabe","Coffee Dripper"],"picked":"Velvet Choker"}],"items_purged_floors":[5,42,44],"is_endless":false,"potions_floor_spawned":[1,14,16,22,47],"ascension_level":0}}