{"host":"o7j6aatxjwpw1421","time":1610981210,"event":{"mods":["2.2 Compatiblity","AchievementEnabler","BaseMod","Colored Map","DeckTracker","Highlight Path","Keyboard Shortcuts","Minty Spire (QoL Compilation)","Permanent Neow","Quick Restart","StSLib","SuperFastMode","everything is the same but u backflip on backflip"],"gold_per_floor":[368,318,97,97,112,112,146,146,146,162,187,187,197,215,215,310,310,323,342,242,252,267,296,296,296,296,310,342,257,287,8,8,109,109,119,169,88,108,120,151,166,201,201,228,244,19,0,0,0,0,0,0,0,27,27],"floor_reached":56,"language":"KOR","playtime":4600,"items_purged":["Defend_P","Strike_P+1","Strike_P+1","Defend_P+1"],"score":2187,"play_id":"06c171c1-5fa5-41ce-ad25-48395074a664","local_time":"20210118234650","is_ascension_mode":true,"campfire_choices":[{"data":"Eruption","floor":6.0,"key":"SMITH"},{"data":"LessonLearned","floor":8.0,"key":"SMITH"},{"floor":12.0,"key":"REST"},{"data":"PathToVictory","floor":15.0,"key":"SMITH"},{"floor":24.0,"key":"REST"},{"floor":32.0,"key":"RECALL"},{"data":"Adaptation","floor":49.0,"key":"SMITH"},{"data":"PathToVictory","floor":52.0,"key":"SMITH"}],"circlet_count":0,"master_deck":["AscendersBane","Strike_P+1","Strike_P+1","Defend_P+1","Eruption+1","Vigilance+1","CarveReality+1","EmptyMind+1","LessonLearned+1","DeceiveReality+1","PathToVictory+1","MentalFortress+1","ClearTheMind+1","InnerPeace+1","Sanctity+1","Scrawl+1","MentalFortress+1","EmptyBody+1","PathToVictory+1","Adaptation+1","Madness","Madness+1"],"relics":["PureWater","Strawberry","Regal Pillow","Anchor","Happy Flower","Philosopher\u0027s Stone","Pen Nib","Akabeko","FossilizedHelix","PreservedInsect","InkBottle","Juzu Bracelet","Bag of Preparation","Black Star","Incense Burner","Gambling Chip","Omamori","Pear","Boot","TeardropLocket","StoneCalendar","Red Mask","Lantern","TungstenRod"],"acts_visited":["Exordium","TheCity","TheBeyond","TheEnding"],"potions_floor_usage":[55],"damage_taken":[{"damage":11.0,"enemies":"Cultist","floor":1.0,"turns":6.0},{"damage":0.0,"enemies":"Jaw Worm","floor":5.0,"turns":2.0},{"damage":7.0,"enemies":"Lagavulin","floor":7.0,"turns":3.0},{"damage":0.0,"enemies":"2 Louse","floor":10.0,"turns":2.0},{"damage":0.0,"enemies":"Red Slaver","floor":13.0,"turns":4.0},{"damage":0.0,"enemies":"Large Slime","floor":14.0,"turns":4.0},{"damage":8.0,"enemies":"The Guardian","floor":16.0,"turns":11.0},{"damage":0.0,"enemies":"Chosen","floor":18.0,"turns":6.0},{"damage":0.0,"enemies":"2 Thieves","floor":19.0,"turns":2.0},{"damage":7.0,"enemies":"Snecko","floor":21.0,"turns":6.0},{"damage":6.0,"enemies":"Centurion and Healer","floor":22.0,"turns":6.0},{"damage":17.0,"enemies":"Book of Stabbing","floor":23.0,"turns":7.0},{"damage":9.0,"enemies":"Snake Plant","floor":27.0,"turns":3.0},{"damage":0.0,"enemies":"Gremlin Leader","floor":28.0,"turns":5.0},{"damage":0.0,"enemies":"Book of Stabbing","floor":30.0,"turns":3.0},{"damage":13.0,"enemies":"Collector","floor":33.0,"turns":9.0},{"damage":10.0,"enemies":"3 Darklings","floor":35.0,"turns":5.0},{"damage":0.0,"enemies":"Mind Bloom Boss Battle","floor":36.0,"turns":9.0},{"damage":0.0,"enemies":"Orb Walker","floor":38.0,"turns":5.0},{"damage":0.0,"enemies":"Writhing Mass","floor":39.0,"turns":6.0},{"damage":0.0,"enemies":"Nemesis","floor":40.0,"turns":5.0},{"damage":0.0,"enemies":"3 Darklings","floor":41.0,"turns":4.0},{"damage":0.0,"enemies":"Giant Head","floor":42.0,"turns":6.0},{"damage":0.0,"enemies":"Reptomancer","floor":44.0,"turns":4.0},{"damage":0.0,"enemies":"Jaw Worm Horde","floor":45.0,"turns":4.0},{"damage":0.0,"enemies":"Awakened One","floor":50.0,"turns":12.0},{"damage":0.0,"enemies":"Shield and Spear","floor":54.0,"turns":5.0},{"damage":12,"enemies":"The Heart","floor":55,"turns":7}],"seed_played":"-7177463330937734108","potions_obtained":[{"floor":5.0,"key":"EntropicBrew"},{"floor":10.0,"key":"SkillPotion"},{"floor":21.0,"key":"Weak Potion"},{"floor":28.0,"key":"Weak Potion"},{"floor":30.0,"key":"DistilledChaos"},{"floor":33.0,"key":"Explosive Potion"},{"floor":40.0,"key":"AttackPotion"},{"floor":42.0,"key":"Weak Potion"},{"floor":44.0,"key":"PowerPotion"}],"is_trial":false,"path_per_floor":["M","?","$","?","M","R","E","R","T","M","T","R","M","M","R","B",null,"M","M","$","M","M","E","R","?","T","M","E","?","E","$","R","B",null,"M","?","$","M","M","E","M","E","T","E","M","$","?","?","R","B",null,"R","$","E","B",null],"character_chosen":"WATCHER","items_purchased":["EmptyMind","LessonLearned","Bag of Preparation","MentalFortress","Adaptation"],"campfire_rested":2,"item_purchase_floors":[3,3,31,37,46],"current_hp_per_floor":[54,54,54,36,36,36,29,29,29,29,29,65,65,65,65,57,68,68,68,68,61,55,38,72,72,72,63,63,63,63,63,63,50,67,57,57,57,57,57,57,57,67,67,67,67,67,67,57,57,57,76,76,76,76,64],"gold":27,"neow_bonus":"TWO_FIFTY_GOLD","is_daily":false,"chose_seed":false,"campfire_upgraded":5,"win_rate":0.0,"timestamp":1610981210,"path_taken":["M","?","$","?","M","R","E","R","T","M","?","R","M","M","R","BOSS","M","M","$","M","?","E","R","?","T","?","E","?","E","$","R","BOSS","M","?","$","M","M","E","M","E","T","E","M","$","?","?","R","BOSS","R","$","E","BOSS"],"items_purchased_type":["Card","Card","Relic","Card","Card"],"build_version":"2020-12-22","purchased_purges":4,"victory":true,"max_hp_per_floor":[65,65,65,72,72,72,72,72,72,72,72,72,72,72,72,72,72,72,72,72,72,72,72,72,72,72,72,72,72,72,72,72,72,72,72,72,72,72,72,72,72,82,82,82,82,82,82,82,82,82,82,82,82,82,82],"card_choices":[{"not_picked":["FlurryOfBlows","EmptyFist"],"picked":"CarveReality","floor":1.0},{"not_picked":["FlyingSleeves","ClearTheMind","FollowUp"],"picked":"SKIP","floor":5.0},{"not_picked":["Consecrate","BattleHymn","ClearTheMind"],"picked":"SKIP","floor":7.0},{"not_picked":["Halt","BowlingBash"],"picked":"DeceiveReality","floor":10.0},{"not_picked":["ThirdEye","Devotion","WreathOfFlame"],"picked":"SKIP","floor":13.0},{"not_picked":["ClearTheMind","Consecrate"],"picked":"PathToVictory","floor":14.0},{"not_picked":["WaveOfTheHand","Halt"],"picked":"MentalFortress","floor":18.0},{"not_picked":["FlurryOfBlows","WaveOfTheHand","Consecrate+1"],"picked":"SKIP","floor":19.0},{"not_picked":["Prostrate","CutThroughFate"],"picked":"ClearTheMind+1","floor":21.0},{"not_picked":["Wallop","JustLucky"],"picked":"InnerPeace","floor":22.0},{"not_picked":["Protect","DeceiveReality","ReachHeaven"],"picked":"SKIP","floor":23.0},{"not_picked":["Swivel","ForeignInfluence+1"],"picked":"Sanctity","floor":27.0},{"not_picked":["Omniscience","ThirdEye","Wallop"],"picked":"SKIP","floor":28.0},{"not_picked":["SashWhip+1","Collect","Nirvana"],"picked":"SKIP","floor":30.0},{"not_picked":["Omniscience","Blasphemy"],"picked":"Scrawl","floor":33.0},{"not_picked":["BowlingBash","EmptyFist+1","ClearTheMind"],"picked":"SKIP","floor":35.0},{"not_picked":["Wallop","CutThroughFate","Vengeance"],"picked":"SKIP","floor":38.0},{"not_picked":["SashWhip","Vengeance","Meditate"],"picked":"SKIP","floor":39.0},{"not_picked":["SandsOfTime","Halt","BowlingBash"],"picked":"SKIP","floor":40.0},{"not_picked":["BowlingBash","ForeignInfluence","EmptyFist"],"picked":"SKIP","floor":41.0},{"not_picked":["Wallop+1","Fasting2"],"picked":"EmptyBody+1","floor":42.0},{"not_picked":["Brilliance","FlurryOfBlows","Sanctity"],"picked":"SKIP","floor":44.0},{"not_picked":["EmptyBody+1","CrushJoints"],"picked":"PathToVictory","floor":45.0},{"not_picked":["CrushJoints+1","FollowUp","SashWhip+1"],"picked":"SKIP","floor":54.0}],"player_experience":567233,"relics_obtained":[{"floor":7.0,"key":"Regal Pillow"},{"floor":9.0,"key":"Anchor"},{"floor":11.0,"key":"Happy Flower"},{"floor":23.0,"key":"Pen Nib"},{"floor":26.0,"key":"FossilizedHelix"},{"floor":28.0,"key":"PreservedInsect"},{"floor":30.0,"key":"Juzu Bracelet"},{"floor":36.0,"key":"Incense Burner"},{"floor":40.0,"key":"Gambling Chip"},{"floor":40.0,"key":"Omamori"},{"floor":42.0,"key":"Pear"},{"floor":42.0,"key":"Boot"},{"floor":44.0,"key":"TeardropLocket"},{"floor":44.0,"key":"StoneCalendar"},{"floor":54.0,"key":"Lantern"},{"floor":54.0,"key":"TungstenRod"}],"event_choices":[{"cards_removed":["Defend_P"],"damage_healed":0.0,"max_hp_gain":0.0,"max_hp_loss":0.0,"gold_gain":0.0,"event_name":"The Cleric","player_choice":"Card Removal","floor":2.0,"gold_loss":50.0,"damage_taken":0.0},{"damage_healed":0.0,"max_hp_gain":0.0,"max_hp_loss":0.0,"gold_gain":0.0,"event_name":"Scrap Ooze","player_choice":"Success","floor":4.0,"gold_loss":0.0,"damage_taken":25.0,"relics_obtained":["Strawberry"]},{"damage_healed":0.0,"max_hp_gain":0.0,"max_hp_loss":0.0,"gold_gain":0.0,"event_name":"WeMeetAgain","player_choice":"Gave Potion","floor":25.0,"gold_loss":0.0,"damage_taken":0.0,"relics_obtained":["Akabeko"]},{"damage_healed":0.0,"max_hp_gain":0.0,"max_hp_loss":0.0,"gold_gain":0.0,"event_name":"Addict","player_choice":"Obtained Relic","floor":29.0,"gold_loss":85.0,"damage_taken":0.0,"relics_obtained":["InkBottle"]},{"damage_healed":0.0,"max_hp_gain":0.0,"max_hp_loss":0.0,"gold_gain":0.0,"event_name":"MindBloom","player_choice":"Fight","floor":36.0,"gold_loss":0.0,"damage_taken":0.0},{"damage_healed":0.0,"max_hp_gain":0.0,"max_hp_loss":0.0,"gold_gain":0.0,"event_name":"Tomb of Lord Red Mask","player_choice":"Paid","floor":47.0,"gold_loss":19.0,"damage_taken":0.0,"relics_obtained":["Red Mask"]},{"damage_healed":0.0,"max_hp_gain":0.0,"max_hp_loss":0.0,"gold_gain":0.0,"event_name":"Winding Halls","player_choice":"Embrace Madness","floor":48.0,"gold_loss":0.0,"damage_taken":10.0,"cards_obtained":["Madness","Madness"]}],"is_beta":false,"boss_relics":[{"not_picked":["Velvet Choker","Cursed Key"],"picked":"Philosopher\u0027s Stone"},{"not_picked":["SlaversCollar","Runic Dome"],"picked":"Black Star"}],"items_purged_floors":[3,20,31,46],"is_endless":false,"potions_floor_spawned":[5,10,13,21,28,30,33,39,40,41,42,44],"ascension_level":12}}