{"host":"6eo4thp7fob519hm","time":1610999149,"event":{"mods":["BaseMod","Block Reminder","Colored Map","Colored Powertips","DeckTracker","Googly Eyes","Highlight Path","Minty Spire (QoL Compilation)","Quick Restart"],"gold_per_floor":[112,123,123,139,150,180,195,205,228,254,254,267,284,57,57,152,152,170,181,181,201,220,249,150,182,234,250,250,4,29,47,47,47,47],"floor_reached":33,"language":"ENG","playtime":2318,"items_purged":["Strike_R"],"score":348,"play_id":"9a6eca3f-88e2-4de3-8a17-ca3ed7a75d57","local_time":"20210119011549","is_ascension_mode":false,"campfire_choices":[{"floor":11.0,"key":"REST"},{"data":"Armaments","floor":15.0,"key":"SMITH"},{"floor":32.0,"key":"REST"}],"circlet_count":0,"master_deck":["Strike_R+1","Strike_R","Strike_R+1","Defend_R","Defend_R","Defend_R","Defend_R","Bash","Uppercut","Thunderclap","Inflame","Shrug It Off","Armaments+1","Dual Wield","Flame Barrier","Disarm","Armaments","Blind","Demon Form","Havoc+1","Shrug It Off+1","Sentinel","Burning Pact+1","Whirlwind+1","Ghostly","Ghostly","Ghostly","Ghostly","Ghostly","Offering"],"relics":["Burning Blood","PreservedInsect","Bronze Scales","Smiling Mask","Bag of Preparation","Fusion Hammer","Nloth\u0027s Gift","Whetstone","Vajra","Orichalcum","Singing Bowl","Strawberry"],"acts_visited":["Exordium","TheCity"],"potions_floor_usage":[33,33],"damage_taken":[{"damage":9.0,"enemies":"2 Louse","floor":1.0,"turns":3.0},{"damage":6.0,"enemies":"Cultist","floor":2.0,"turns":3.0},{"damage":0.0,"enemies":"Small Slimes","floor":4.0,"turns":2.0},{"damage":32.0,"enemies":"Exordium Thugs","floor":5.0,"turns":7.0},{"damage":6.0,"enemies":"Lagavulin","floor":6.0,"turns":8.0},{"damage":9.0,"enemies":"Looter","floor":7.0,"turns":3.0},{"damage":3.0,"enemies":"Red Slaver","floor":8.0,"turns":5.0},{"damage":31.0,"enemies":"3 Sentries","floor":10.0,"turns":6.0},{"damage":7.0,"enemies":"Exordium Thugs","floor":12.0,"turns":7.0},{"damage":5.0,"enemies":"Blue Slaver","floor":13.0,"turns":4.0},{"damage":13.0,"enemies":"Hexaghost","floor":16.0,"turns":9.0},{"damage":20.0,"enemies":"Spheric Guardian","floor":18.0,"turns":6.0},{"damage":11.0,"enemies":"Shell Parasite","floor":19.0,"turns":5.0},{"damage":19.0,"enemies":"Centurion and Healer","floor":21.0,"turns":7.0},{"damage":35.0,"enemies":"Sentry and Sphere","floor":22.0,"turns":8.0},{"damage":3.0,"enemies":"Book of Stabbing","floor":23.0,"turns":7.0},{"damage":23.0,"enemies":"Gremlin Leader","floor":25.0,"turns":6.0},{"damage":6.0,"enemies":"Cultist and Chosen","floor":27.0,"turns":5.0},{"damage":7.0,"enemies":"Book of Stabbing","floor":30.0,"turns":6.0},{"damage":8.0,"enemies":"Centurion and Healer","floor":31.0,"turns":6.0},{"damage":45,"enemies":"Automaton","floor":33,"turns":11}],"seed_played":"3738395077811916898","potions_obtained":[{"floor":1.0,"key":"GamblersBrew"},{"floor":5.0,"key":"DistilledChaos"},{"floor":10.0,"key":"Dexterity Potion"},{"floor":12.0,"key":"DistilledChaos"},{"floor":13.0,"key":"DistilledChaos"},{"floor":18.0,"key":"Ancient Potion"},{"floor":21.0,"key":"SkillPotion"},{"floor":25.0,"key":"SkillPotion"},{"floor":31.0,"key":"AttackPotion"}],"is_trial":false,"path_per_floor":["M","M","?","M","M","E","M","M","T","E","R","M","M","$","R","B",null,"M","M","?","M","M","E","$","E","T","M","?","$","E","M","R","B"],"character_chosen":"IRONCLAD","items_purchased":["Bag of Preparation","Blind","BloodPotion","Singing Bowl"],"campfire_rested":2,"item_purchase_floors":[14,14,24,29],"current_hp_per_floor":[77,77,77,80,54,54,51,54,54,29,68,67,68,68,68,61,80,66,61,61,48,19,22,22,21,21,21,21,21,29,27,41,0,0],"gold":47,"neow_bonus":"RANDOM_COMMON_RELIC","is_daily":false,"chose_seed":false,"campfire_upgraded":1,"win_rate":0.0,"timestamp":1610999149,"path_taken":["M","M","?","M","M","E","M","M","T","E","R","M","M","?","R","BOSS","M","M","?","?","M","E","?","E","T","?","?","?","E","M","R","BOSS"],"items_purchased_type":["Relic","Card","Potion","Relic"],"build_version":"2020-12-22","purchased_purges":1,"victory":false,"max_hp_per_floor":[80,80,80,80,80,80,80,80,80,80,80,80,80,80,80,80,80,80,80,80,80,80,80,80,80,80,80,40,40,49,49,49,49,49],"card_choices":[{"not_picked":["Sword Boomerang","Flex"],"picked":"Uppercut","floor":1.0},{"not_picked":["Havoc","Entrench"],"picked":"Thunderclap","floor":2.0},{"not_picked":["Heavy Blade","Brutality"],"picked":"Inflame","floor":4.0},{"not_picked":["Twin Strike","Thunderclap"],"picked":"Shrug It Off","floor":5.0},{"not_picked":["Cleave","Rupture"],"picked":"Armaments","floor":6.0},{"not_picked":["Sever Soul","Twin Strike"],"picked":"Dual Wield","floor":7.0},{"not_picked":["Sever Soul","Sword Boomerang"],"picked":"Flame Barrier","floor":8.0},{"not_picked":["Anger","Reckless Charge"],"picked":"Disarm","floor":10.0},{"not_picked":["Havoc","Reaper","Twin Strike"],"picked":"SKIP","floor":12.0},{"not_picked":["Body Slam","Cleave"],"picked":"Armaments","floor":13.0},{"not_picked":["Double Tap","Immolate"],"picked":"Demon Form","floor":16.0},{"not_picked":["Anger","Wild Strike"],"picked":"Havoc+1","floor":18.0},{"not_picked":["Anger","Havoc"],"picked":"Shrug It Off+1","floor":19.0},{"not_picked":["Armaments","Flame Barrier+1"],"picked":"Sentinel","floor":21.0},{"not_picked":["Sentinel","Combust"],"picked":"Burning Pact+1","floor":22.0},{"not_picked":["Carnage","True Grit+1","Bludgeon"],"picked":"SKIP","floor":23.0},{"not_picked":["Flex","Sever Soul"],"picked":"Whirlwind+1","floor":25.0},{"not_picked":["Immolate","Havoc","Headbutt"],"picked":"SKIP","floor":27.0},{"not_picked":["Inflame","Heavy Blade+1","Feel No Pain"],"picked":"Singing Bowl","floor":30.0},{"not_picked":["Pommel Strike","Dual Wield"],"picked":"Offering","floor":31.0}],"player_experience":579249,"relics_obtained":[{"floor":6.0,"key":"Regal Pillow"},{"floor":9.0,"key":"Bronze Scales"},{"floor":10.0,"key":"Smiling Mask"},{"floor":23.0,"key":"Whetstone"},{"floor":25.0,"key":"Vajra"},{"floor":26.0,"key":"Orichalcum"},{"floor":30.0,"key":"Strawberry"}],"event_choices":[{"cards_removed":["Strike_R"],"damage_healed":0.0,"max_hp_gain":0.0,"max_hp_loss":0.0,"gold_gain":0.0,"event_name":"Purifier","player_choice":"Purged","floor":3.0,"gold_loss":0.0,"damage_taken":0.0},{"damage_healed":0.0,"max_hp_gain":0.0,"max_hp_loss":0.0,"gold_gain":0.0,"event_name":"N\u0027loth","player_choice":"Traded Relic","floor":20.0,"relics_lost":["Regal Pillow"],"gold_loss":0.0,"damage_taken":0.0,"relics_obtained":["Nloth\u0027s Gift"]},{"damage_healed":0.0,"max_hp_gain":0.0,"max_hp_loss":40.0,"gold_gain":0.0,"event_name":"Ghosts","player_choice":"Became a Ghost","floor":28.0,"gold_loss":0.0,"damage_taken":0.0,"cards_obtained":["Ghostly","Ghostly","Ghostly","Ghostly","Ghostly"]}],"is_beta":false,"boss_relics":[{"not_picked":["Runic Pyramid","Black Blood"],"picked":"Fusion Hammer"}],"items_purged_floors":[24],"is_endless":false,"potions_floor_spawned":[1,5,10,12,13,18,21,25,31],"killed_by":"Automaton","ascension_level":0}}