{"host":"qm4rv4rkpk76sbxu","time":1610976629,"event":{"mods":["BaseMod","Bestiary","Block Reminder","DeckTracker","Filter the Spire","Keyboard Shortcuts","Minty Spire (QoL Compilation)","MonsterHotkey","Quick Restart","Relic Stats","Slay-I","StSLib","ojb\u0027s Better Paths Mod","ojb\u0027s Info Mod"],"gold_per_floor":[17,17,34,46,65,65,75,110,110,110,125,155,155,184,184,288,288,307,8,23,23,23,49,49,62,62,62,73,102,113,142,142,242,242,257,257,217,231,247,272,272,272,272,307,322,353,3,14,14,14,14,14,14,49,49],"floor_reached":56,"language":"ENG","playtime":2819,"items_purged":["Regret","Pain"],"score":1487,"play_id":"4f64b8b3-7f88-484d-879a-3ff364ff804d","local_time":"20210118143029","is_ascension_mode":true,"campfire_choices":[{"data":"Eruption","floor":6.0,"key":"SMITH"},{"data":"1","floor":13.0,"key":"LIFT"},{"data":"2","floor":15.0,"key":"LIFT"},{"floor":24.0,"key":"REST"},{"data":"3","floor":27.0,"key":"LIFT"},{"data":"FlurryOfBlows","floor":32.0,"key":"SMITH"},{"data":"Vault","floor":41.0,"key":"SMITH"},{"floor":49,"key":"RECALL"},{"data":"MentalFortress","floor":52,"key":"SMITH"}],"circlet_count":0,"master_deck":["Strike_P+1","Strike_P+1","Strike_P+1","Strike_P+1","Defend_P+1","Defend_P+1","Defend_P+1","Defend_P+1","Eruption+1","Vigilance+1","CarveReality+1","Worship+1","BowlingBash+1","Sanctity","ThirdEye","LessonLearned+1","MentalFortress+1","Writhe","Fasting2+1","LikeWater+1","FearNoEvil+1","FlurryOfBlows+1","Vault+1","Madness+1","Madness+1","CutThroughFate+1","CrushJoints+1","WheelKick","Nirvana+1"],"relics":["PureWater","Turnip","Torii","Ginger","Pocketwatch","Girya","Bag of Preparation","Black Star","Anchor","InkBottle","Potion Belt","War Paint","Bottled Tornado","Meat on the Bone","Boot","Pear","Blood Vial","Cursed Key","Regal Pillow","CaptainsWheel","Oddly Smooth Stone","Dead Branch","Gambling Chip","HornCleat","Pantograph","Mummified Hand"],"acts_visited":["Exordium","TheCity","TheBeyond","TheEnding"],"potions_floor_usage":[50,54,55,55,55,55,55,55,55,55],"damage_taken":[{"damage":0.0,"enemies":"Small Slimes","floor":1.0,"turns":2.0},{"damage":0.0,"enemies":"Cultist","floor":3.0,"turns":2.0},{"damage":0.0,"enemies":"2 Louse","floor":4.0,"turns":2.0},{"damage":6.0,"enemies":"Large Slime","floor":5.0,"turns":5.0},{"damage":3.0,"enemies":"Exordium Wildlife","floor":7.0,"turns":3.0},{"damage":21.0,"enemies":"Lagavulin","floor":8.0,"turns":6.0},{"damage":3.0,"enemies":"2 Fungi Beasts","floor":11.0,"turns":3.0},{"damage":9.0,"enemies":"Gremlin Nob","floor":14.0,"turns":3.0},{"damage":20.0,"enemies":"Hexaghost","floor":16.0,"turns":6.0},{"damage":25.0,"enemies":"Chosen","floor":18.0,"turns":7.0},{"damage":1.0,"enemies":"2 Thieves","floor":20.0,"turns":4.0},{"damage":32.0,"enemies":"Slavers","floor":23.0,"turns":5.0},{"damage":1.0,"enemies":"Centurion and Healer","floor":25.0,"turns":5.0},{"damage":1.0,"enemies":"Shelled Parasite and Fungi","floor":28.0,"turns":4.0},{"damage":31.0,"enemies":"Book of Stabbing","floor":29.0,"turns":5.0},{"damage":0.0,"enemies":"Snecko","floor":30.0,"turns":7.0},{"damage":1.0,"enemies":"Gremlin Leader","floor":31.0,"turns":6.0},{"damage":15.0,"enemies":"Champ","floor":33.0,"turns":13.0},{"damage":15.0,"enemies":"3 Shapes","floor":35.0,"turns":6.0},{"damage":25.0,"enemies":"3 Darklings","floor":38.0,"turns":4.0},{"damage":0.0,"enemies":"Spire Growth","floor":39.0,"turns":4.0},{"damage":0.0,"enemies":"Reptomancer","floor":40.0,"turns":2.0},{"damage":10.0,"enemies":"Giant Head","floor":44.0,"turns":7.0},{"damage":5.0,"enemies":"Jaw Worm Horde","floor":45.0,"turns":2.0},{"damage":1.0,"enemies":"Reptomancer","floor":46.0,"turns":3.0},{"damage":0,"enemies":"3 Darklings","floor":48,"turns":6},{"damage":0,"enemies":"Donu and Deca","floor":50,"turns":11},{"damage":1,"enemies":"Shield and Spear","floor":54,"turns":4},{"damage":44,"enemies":"The Heart","floor":55,"turns":8}],"seed_played":"1437878075961666180","potions_obtained":[{"floor":1.0,"key":"FearPotion"},{"floor":2.0,"key":"LiquidBronze"},{"floor":2.0,"key":"EntropicBrew"},{"floor":3.0,"key":"StancePotion"},{"floor":16.0,"key":"SteroidPotion"},{"floor":20.0,"key":"Strength Potion"},{"floor":28.0,"key":"LiquidMemories"},{"floor":30.0,"key":"DistilledChaos"},{"floor":31.0,"key":"Energy Potion"},{"floor":33.0,"key":"EntropicBrew"},{"floor":37.0,"key":"FearPotion"},{"floor":37.0,"key":"Ambrosia"},{"floor":37.0,"key":"AttackPotion"},{"floor":44.0,"key":"Weak Potion"},{"floor":45.0,"key":"Swift Potion"},{"floor":46.0,"key":"BlessingOfTheForge"}],"is_trial":false,"path_per_floor":["M","?","M","M","M","R","M","E","T","?","M","?","R","E","R","B",null,"M","$","M","?","?","E","R","M","T","R","M","E","M","E","R","B",null,"M","?","?","M","M","E","R","?","T","E","M","E","$","M","R","B",null,"R","$","E","B",null],"character_chosen":"WATCHER","items_purchased":["Anchor","MentalFortress","WheelKick","BottledMiracle","Regen Potion","FearPotion"],"campfire_rested":1,"item_purchase_floors":[19,19,47,47,47,47],"current_hp_per_floor":[72,72,72,72,66,66,63,42,42,42,39,39,39,30,30,10,72,47,47,46,46,46,14,35,34,34,34,33,2,14,35,35,34,82,67,67,67,44,46,48,48,38,38,42,51,52,52,54,54,56,82,82,82,81,46],"gold":49,"neow_bonus":"ONE_RARE_RELIC","is_daily":false,"chose_seed":false,"campfire_upgraded":4,"win_rate":0.0,"timestamp":1610976629,"path_taken":["M","?","M","?","M","R","M","E","T","?","M","?","R","E","R","BOSS","M","$","M","?","?","E","R","M","T","R","M","E","M","E","R","BOSS","M","?","?","M","?","E","R","?","T","E","M","E","$","M","R","BOSS","R","$","E","BOSS"],"items_purchased_type":["Relic","Card","Card","Potion","Potion","Potion"],"build_version":"2020-12-22","purchased_purges":2,"victory":true,"max_hp_per_floor":[72,72,72,72,72,72,72,72,72,72,72,72,72,72,72,72,72,72,72,72,72,72,72,72,72,72,72,72,72,72,82,82,82,82,82,82,82,82,82,82,82,82,82,82,82,82,82,82,82,82,82,82,82,82,82],"relic_stats":{"Regal Pillow":0,"Torii":70,"counters":[29,145],"Dead Branch":[43],"Bag of Preparation":[42],"Ginger":[16],"War Paint":["Worship","Defend_P"],"Boot":[12],"Cursed Key":1,"Blood Vial":18,"Mummified Hand":[7],"Gambling Chip":[19],"Pantograph":1,"Turnip":[17],"Black Star":7,"obtain_stats":[{"Regal Pillow":40,"Torii":8,"Bag of Preparation":14,"Ginger":9,"Bottled Tornado":26,"Boot":29,"Cursed Key":34,"Blood Vial":31,"HornCleat":46,"Mummified Hand":54,"Gambling Chip":46,"Pantograph":54,"InkBottle":21,"Potion Belt":23,"Girya":12,"Pear":31,"Dead Branch":44,"Oddly Smooth Stone":44,"War Paint":23,"Anchor":19,"CaptainsWheel":40,"Turnip":0,"Black Star":17,"PureWater":0,"Pocketwatch":10,"Meat on the Bone":29},{"Regal Pillow":22,"Torii":6,"Bag of Preparation":8,"Ginger":6,"Bottled Tornado":13,"Boot":15,"Cursed Key":18,"Blood Vial":17,"HornCleat":25,"Mummified Hand":28,"Gambling Chip":25,"Pantograph":28,"InkBottle":11,"Potion Belt":12,"Girya":7,"Pear":17,"Dead Branch":23,"Oddly Smooth Stone":23,"War Paint":12,"Anchor":10,"CaptainsWheel":22,"Turnip":0,"Black Star":9,"PureWater":0,"Pocketwatch":6,"Meat on the Bone":15},{"Regal Pillow":104,"Torii":20,"Bag of Preparation":26,"Ginger":20,"Bottled Tornado":53,"Boot":62,"Cursed Key":88,"Blood Vial":75,"HornCleat":116,"Mummified Hand":137,"Gambling Chip":116,"Pantograph":137,"InkBottle":43,"Potion Belt":48,"Girya":23,"Pear":75,"Dead Branch":111,"Oddly Smooth Stone":111,"War Paint":48,"Anchor":39,"CaptainsWheel":104,"Turnip":0,"Black Star":32,"PureWater":0,"Pocketwatch":20,"Meat on the Bone":62}],"InkBottle":[37],"Pocketwatch":[135],"Meat on the Bone":60},"card_choices":[{"not_picked":["Indignation","Protect"],"picked":"CarveReality","floor":1.0},{"not_picked":["ThirdEye","Indignation"],"picked":"Worship","floor":3.0},{"not_picked":["Consecrate","Evaluate","JustLucky"],"picked":"SKIP","floor":4.0},{"not_picked":["SashWhip","Tantrum"],"picked":"BowlingBash","floor":5.0},{"not_picked":["Protect","WindmillStrike","SashWhip"],"picked":"SKIP","floor":7.0},{"not_picked":["FollowUp","Wireheading"],"picked":"Sanctity","floor":8.0},{"not_picked":["FlyingSleeves","Worship"],"picked":"ThirdEye","floor":11.0},{"not_picked":["Study","ReachHeaven","SashWhip"],"picked":"SKIP","floor":14.0},{"not_picked":["Alpha","DeusExMachina"],"picked":"LessonLearned","floor":16.0},{"not_picked":["FlurryOfBlows","Perseverance+1","CutThroughFate"],"picked":"SKIP","floor":18.0},{"not_picked":["Protect","Collect","SashWhip"],"picked":"SKIP","floor":20.0},{"not_picked":["FlyingSleeves","SashWhip"],"picked":"LikeWater","floor":23.0},{"not_picked":["PathToVictory+1","CutThroughFate","Perseverance"],"picked":"SKIP","floor":25.0},{"not_picked":["EmptyFist","CrushJoints","Perseverance"],"picked":"SKIP","floor":28.0},{"not_picked":["Tantrum+1","ReachHeaven+1"],"picked":"FearNoEvil","floor":29.0},{"not_picked":["MasterReality","SignatureMove","Swivel"],"picked":"SKIP","floor":30.0},{"not_picked":["BowlingBash","FlurryOfBlows","SandsOfTime"],"picked":"SKIP","floor":31.0},{"not_picked":["BowlingBash","SandsOfTime"],"picked":"FlurryOfBlows","floor":31.0},{"not_picked":["LessonLearned","Establishment"],"picked":"Vault","floor":33.0},{"not_picked":["Evaluate","Conclude+1","EmptyBody+1"],"picked":"SKIP","floor":35.0},{"not_picked":["Consecrate","PathToVictory","FlyingSleeves"],"picked":"SKIP","floor":38.0},{"not_picked":["Study+1","Prostrate","ClearTheMind+1"],"picked":"SKIP","floor":39.0},{"not_picked":["Study","ClearTheMind","BowlingBash"],"picked":"SKIP","floor":40.0},{"not_picked":["WindmillStrike+1","ClearTheMind","Halt"],"picked":"SKIP","floor":44.0},{"not_picked":["BowlingBash","WindmillStrike"],"picked":"CutThroughFate","floor":45.0},{"not_picked":["Vengeance+1","ClearTheMind"],"picked":"CrushJoints+1","floor":46.0},{"not_picked":["SashWhip","ThirdEye","PathToVictory+1"],"picked":"SKIP","floor":48},{"not_picked":["CrushJoints+1","SignatureMove+1"],"picked":"Nirvana+1","floor":54}],"player_experience":1352057,"relics_obtained":[{"floor":8.0,"key":"Torii"},{"floor":9.0,"key":"Ginger"},{"floor":14.0,"key":"Bag of Preparation"},{"floor":23.0,"key":"Potion Belt"},{"floor":23.0,"key":"War Paint"},{"floor":26.0,"key":"Bottled Tornado"},{"floor":29.0,"key":"Meat on the Bone"},{"floor":29.0,"key":"Boot"},{"floor":31.0,"key":"Pear"},{"floor":31.0,"key":"Blood Vial"},{"floor":40.0,"key":"Regal Pillow"},{"floor":40.0,"key":"CaptainsWheel"},{"floor":44.0,"key":"Oddly Smooth Stone"},{"floor":44.0,"key":"Dead Branch"},{"floor":46.0,"key":"Gambling Chip"},{"floor":46.0,"key":"HornCleat"},{"floor":54,"key":"Pantograph"},{"floor":54,"key":"Mummified Hand"}],"event_choices":[{"damage_healed":0.0,"max_hp_gain":0.0,"max_hp_loss":0.0,"gold_gain":0.0,"event_name":"Lab","player_choice":"Got Potions","floor":2.0,"gold_loss":0.0,"damage_taken":0.0},{"damage_healed":0.0,"max_hp_gain":0.0,"max_hp_loss":0.0,"gold_gain":0.0,"event_name":"Big Fish","player_choice":"Box","floor":10.0,"gold_loss":0.0,"damage_taken":0.0,"relics_obtained":["Pocketwatch"],"cards_obtained":["Regret"]},{"damage_healed":0.0,"max_hp_gain":0.0,"max_hp_loss":0.0,"gold_gain":30.0,"event_name":"Dead Adventurer","player_choice":"Searched \u00273\u0027 times","floor":12.0,"gold_loss":0.0,"damage_taken":0.0,"relics_obtained":["Girya"]},{"damage_healed":0.0,"max_hp_gain":0.0,"max_hp_loss":0.0,"gold_gain":0.0,"event_name":"The Mausoleum","player_choice":"Opened","floor":21.0,"gold_loss":0.0,"damage_taken":0.0,"relics_obtained":["InkBottle"],"cards_obtained":["Writhe"]},{"damage_healed":0.0,"max_hp_gain":0.0,"max_hp_loss":0.0,"gold_gain":0.0,"event_name":"The Library","player_choice":"Read","floor":22.0,"gold_loss":0.0,"damage_taken":0.0,"cards_obtained":["Fasting2"]},{"damage_healed":0.0,"max_hp_gain":0.0,"max_hp_loss":0.0,"gold_gain":0.0,"event_name":"Tomb of Lord Red Mask","player_choice":"Ignored","floor":36.0,"gold_loss":0.0,"damage_taken":0.0},{"damage_healed":0.0,"max_hp_gain":0.0,"max_hp_loss":0.0,"gold_gain":0.0,"event_name":"The Woman in Blue","player_choice":"Bought 3 Potions","floor":37.0,"gold_loss":0.0,"damage_taken":0.0},{"damage_healed":0.0,"max_hp_gain":0.0,"max_hp_loss":0.0,"gold_gain":0.0,"event_name":"Winding Halls","player_choice":"Embrace Madness","floor":42.0,"gold_loss":0.0,"damage_taken":10.0,"cards_obtained":["Madness","Madness"]}],"is_beta":false,"boss_relics":[{"not_picked":["Velvet Choker","Sozu"],"picked":"Black Star"},{"not_picked":["SacredBark","Runic Pyramid"],"picked":"Cursed Key"}],"items_purged_floors":[19,47],"is_endless":false,"potions_floor_spawned":[1,3,8,16,20,28,30,31,33,38,44,45,46],"ascension_level":1}}