{"host":"6pgtslebjnyv5xmi","time":1610983337,"event":{"mods":["AchievementEnabler","BaseMod","Colored Map","Minty Spire (QoL Compilation)","Rare Cards Sparkle","StSLib","SuperFastMode","The Cursed","everything is the same but u backflip on backflip"],"gold_per_floor":[139,139,157,0,16,16,52,52,52,92,136,147,147,147,147,245,295,309,88,108,124,124,159,159,178,178,178,25,74,74,74,74,74,74],"floor_reached":33,"language":"KOR","playtime":1949,"items_purged":["Parasite"],"score":285,"play_id":"2ecac6b8-bd7e-47fd-af22-611f4638e961","local_time":"20210119002217","is_ascension_mode":true,"campfire_choices":[{"data":"Eruption","floor":6.0,"key":"SMITH"},{"data":"LessonLearned","floor":8.0,"key":"SMITH"},{"data":"Wish","floor":13.0,"key":"SMITH"},{"data":"ConjureBlade","floor":15.0,"key":"SMITH"},{"floor":24,"key":"REST"},{"floor":27,"key":"REST"},{"floor":32,"key":"REST"}],"circlet_count":0,"master_deck":["Strike_P+1","Strike_P","Strike_P+1","Defend_P","Defend_P+1","Defend_P+1","Defend_P+1","Eruption+1","Vigilance+1","Wish+1","Crescendo","EmptyFist+1","LessonLearned+1","ClearTheMind+1","ConjureBlade+1","EmptyFist","Vault","Adaptation","Scrawl"],"relics":["PureWater","Dead Branch","Tiny House","Omamori","MutagenicStrength","Lizard Tail","Calipers","HandDrill"],"acts_visited":["Exordium","TheCity"],"potions_floor_usage":[21,21,25,33],"damage_taken":[{"damage":14.0,"enemies":"2 Louse","floor":1.0,"turns":3.0},{"damage":4.0,"enemies":"Jaw Worm","floor":3.0,"turns":3.0},{"damage":0.0,"enemies":"Cultist","floor":5.0,"turns":2.0},{"damage":15.0,"enemies":"Red Slaver","floor":7.0,"turns":4.0},{"damage":14.0,"enemies":"3 Louse","floor":10.0,"turns":4.0},{"damage":0.0,"enemies":"Large Slime","floor":11.0,"turns":6.0},{"damage":0.0,"enemies":"2 Fungi Beasts","floor":12.0,"turns":2.0},{"damage":22,"enemies":"Slime Boss","floor":16,"turns":8},{"damage":22,"enemies":"Shell Parasite","floor":18,"turns":6},{"damage":0,"enemies":"Spheric Guardian","floor":20,"turns":3},{"damage":1,"enemies":"Shelled Parasite and Fungi","floor":21,"turns":5},{"damage":41,"enemies":"Book of Stabbing","floor":23,"turns":7},{"damage":29,"enemies":"Snecko","floor":25,"turns":4},{"damage":15,"enemies":"Cultist and Chosen","floor":29,"turns":6},{"damage":113,"enemies":"Collector","floor":33,"turns":9}],"seed_played":"8303038143868632208","potions_obtained":[{"floor":5.0,"key":"GamblersBrew"},{"floor":7.0,"key":"Energy Potion"},{"floor":16,"key":"PowerPotion"},{"floor":17,"key":"Regen Potion"},{"floor":18,"key":"GamblersBrew"},{"floor":21,"key":"BlessingOfTheForge"}],"is_trial":false,"path_per_floor":["M","?","M","$","M","R","M","R","T","M","M","M","R","?","R","B",null,"M","$","M","M","?","E","R","M","T","R","$","M","?","$","R","B"],"character_chosen":"WATCHER","items_purchased":["LessonLearned","Omamori","HandDrill"],"campfire_rested":3,"item_purchase_floors":[4,19,28],"current_hp_per_floor":[51,44,40,40,40,40,25,25,25,11,11,11,11,27,27,5,70,48,48,48,59,59,18,38,9,9,29,29,14,36,36,56,0,0],"gold":74,"neow_bonus":"THREE_RARE_CARDS","is_daily":false,"chose_seed":false,"campfire_upgraded":4,"win_rate":0.0,"timestamp":1610983337,"path_taken":["M","?","M","$","M","R","M","R","T","M","M","M","R","?","R","BOSS","M","$","M","M","?","E","R","M","T","R","$","M","?","?","R","BOSS"],"items_purchased_type":["Card","Relic","Relic"],"build_version":"2020-12-22","purchased_purges":1,"victory":false,"max_hp_per_floor":[65,65,65,65,65,65,65,65,65,65,65,65,65,65,65,65,70,70,67,67,67,67,67,67,67,67,67,67,67,67,67,67,67,67],"card_choices":[{"not_picked":["Blasphemy","Establishment"],"picked":"Wish","floor":0.0},{"not_picked":["FlyingSleeves","ThirdEye"],"picked":"Crescendo","floor":1.0},{"not_picked":["ReachHeaven","CutThroughFate"],"picked":"EmptyFist","floor":3.0},{"not_picked":["ForeignInfluence","EmptyMind"],"picked":"ClearTheMind","floor":5.0},{"not_picked":["ThirdEye","EmptyBody","FlyingSleeves"],"picked":"SKIP","floor":7.0},{"not_picked":["Adaptation","BowlingBash","Fasting2"],"picked":"SKIP","floor":10.0},{"not_picked":["TalkToTheHand","BowlingBash"],"picked":"ConjureBlade","floor":11.0},{"not_picked":["Evaluate","Protect"],"picked":"EmptyFist","floor":12.0},{"not_picked":["Alpha","ConjureBlade"],"picked":"Vault","floor":16},{"not_picked":["BowlingBash","Conclude"],"picked":"Adaptation","floor":17},{"not_picked":["EmptyFist","BowlingBash","Consecrate"],"picked":"SKIP","floor":18},{"not_picked":["JustLucky","WaveOfTheHand","FlyingSleeves"],"picked":"SKIP","floor":20},{"not_picked":["WreathOfFlame","FlurryOfBlows+1","ClearTheMind+1"],"picked":"SKIP","floor":21},{"not_picked":["Vengeance","FollowUp+1"],"picked":"Scrawl","floor":23},{"not_picked":["WheelKick","WindmillStrike","Evaluate+1"],"picked":"SKIP","floor":25},{"not_picked":["FlurryOfBlows","SignatureMove","Wireheading"],"picked":"SKIP","floor":29}],"player_experience":970957,"relics_obtained":[{"floor":9.0,"key":"Dead Branch"},{"floor":23,"key":"Lizard Tail"},{"floor":26,"key":"Calipers"}],"event_choices":[{"cards_removed":["Strike_P"],"damage_healed":0.0,"max_hp_gain":0.0,"max_hp_loss":0.0,"gold_gain":0.0,"event_name":"Golden Wing","player_choice":"Card Removal","floor":2.0,"gold_loss":0.0,"damage_taken":7.0},{"damage_healed":16.0,"max_hp_gain":0.0,"max_hp_loss":0.0,"gold_gain":0.0,"event_name":"Mushrooms","player_choice":"Healed and dodged fight","floor":14.0,"gold_loss":0.0,"damage_taken":0.0,"cards_obtained":["Parasite"]},{"damage_healed":0,"gold_gain":0,"player_choice":"Inject Mutagens","damage_taken":0,"relics_obtained":["MutagenicStrength"],"max_hp_gain":0,"max_hp_loss":0,"event_name":"Drug Dealer","floor":22,"gold_loss":0},{"damage_healed":22,"gold_gain":0,"player_choice":"Heal","damage_taken":0,"max_hp_gain":0,"max_hp_loss":0,"event_name":"The Library","floor":30,"gold_loss":0}],"is_beta":false,"boss_relics":[{"not_picked":["Ectoplasm","Coffee Dripper"],"picked":"Tiny House"}],"items_purged_floors":[19],"is_endless":false,"potions_floor_spawned":[5,7,16,18,21],"killed_by":"Collector","ascension_level":2}}