{"host":"vlqejv0notyktumz","time":1610929582,"event":{"mods":["AchievementEnabler","BaseMod","Colored Map","Colored Powertips","Downfall","Googly Eyes","Minty Spire (QoL Compilation)","StSLib"],"gold_per_floor":[115,129,79,179,199,199,211,235,235,245,44,44,57,88,88,88,88],"floor_reached":16,"language":"ENG","playtime":343,"items_purged":["Strike_B"],"score":143,"play_id":"462fb54d-1f06-4688-b4e5-f018b5c2460b","local_time":"20210117182622","is_ascension_mode":true,"campfire_choices":[{"data":"Zap","floor":6,"key":"SMITH"},{"data":"Conserve Battery","floor":12,"key":"SMITH"},{"floor":15,"key":"REST"}],"circlet_count":0,"master_deck":["Strike_B","Strike_B","Defend_B","Defend_B","Defend_B","Defend_B","Zap+1","Dualcast","Forethought","Gash","Scrape","Conserve Battery","Streamline","Defragment","Conserve Battery+1","Gash","Go for the Eyes"],"relics":["Cracked Core","Odd Mushroom","StrikeDummy","Prayer Wheel"],"acts_visited":["Exordium"],"potions_floor_usage":[8,8,14,14],"damage_taken":[{"damage":6,"enemies":"Jaw Worm","floor":1,"turns":4},{"damage":0,"enemies":"Small Slimes","floor":2,"turns":3},{"damage":6,"enemies":"Cultist","floor":5,"turns":3},{"damage":7,"enemies":"Looter","floor":7,"turns":3},{"damage":28,"enemies":"The Mushroom Lair","floor":8,"turns":5},{"damage":0,"enemies":"2 Fungi Beasts","floor":10,"turns":3},{"damage":0,"enemies":"Blue Slaver","floor":13,"turns":3},{"damage":10,"enemies":"Lagavulin","floor":14,"turns":5},{"damage":34,"enemies":"Slime Boss","floor":16,"turns":6}],"seed_played":"-2550293404956444308","potions_obtained":[{"floor":1,"key":"Weak Potion"},{"floor":5,"key":"Ancient Potion"},{"floor":8,"key":"Weak Potion"},{"floor":10,"key":"Ancient Potion"},{"floor":13,"key":"sneckomod:MuddlingPotion"},{"floor":14,"key":"PotionOfCapacity"}],"is_trial":false,"path_per_floor":["M","M","?","?","M","R","M","?","T","M","$","R","M","E","R","B"],"character_chosen":"DEFECT","items_purchased":["Defragment","Conserve Battery"],"campfire_rested":1,"item_purchase_floors":[11,11],"current_hp_per_floor":[62,62,62,62,56,56,49,21,21,21,21,21,21,11,33,0,0],"gold":88,"neow_bonus":"RANDOM_COLORLESS","is_daily":false,"chose_seed":false,"campfire_upgraded":2,"win_rate":0.0,"timestamp":1610929582,"path_taken":["M","M","?","?","?","R","M","?","T","M","$","R","M","E","R","BOSS"],"items_purchased_type":["Card","Card"],"build_version":"2020-12-22","purchased_purges":1,"victory":false,"max_hp_per_floor":[75,75,75,75,75,75,75,75,75,75,75,75,75,75,75,75,75],"card_choices":[{"not_picked":["Bandage Up","Impatience"],"picked":"Forethought","floor":0},{"not_picked":["Leap","Compile Driver"],"picked":"Gash","floor":1},{"not_picked":["Barrage","Reprogram"],"picked":"Scrape","floor":2},{"not_picked":["Coolheaded","Rebound"],"picked":"Conserve Battery","floor":5},{"not_picked":["Coolheaded","Undo","Biased Cognition"],"picked":"SKIP","floor":7},{"not_picked":["Storm","Stack"],"picked":"Streamline","floor":8},{"not_picked":["Hologram","Cold Snap","Ball Lightning"],"picked":"SKIP","floor":10},{"not_picked":["Compile Driver","Cold Snap"],"picked":"Gash","floor":13},{"not_picked":["Darkness","Sunder"],"picked":"Go for the Eyes","floor":14}],"player_experience":356377,"relics_obtained":[{"floor":8,"key":"Odd Mushroom"},{"floor":9,"key":"StrikeDummy"},{"floor":14,"key":"Prayer Wheel"}],"event_choices":[{"cards_removed":["Strike_B"],"damage_healed":0,"gold_gain":0,"player_choice":"Card Removal","damage_taken":0,"max_hp_gain":0,"max_hp_loss":0,"event_name":"The Cleric","floor":3,"gold_loss":50},{"damage_healed":0,"gold_gain":100,"player_choice":"Pray","damage_taken":0,"max_hp_gain":0,"max_hp_loss":0,"event_name":"Golden Shrine","floor":4,"gold_loss":0},{"damage_healed":0,"gold_gain":0,"player_choice":"Fought Mushrooms","damage_taken":0,"max_hp_gain":0,"max_hp_loss":0,"event_name":"Mushrooms","floor":8,"gold_loss":0}],"is_beta":false,"boss_relics":[],"items_purged_floors":[11],"is_endless":false,"potions_floor_spawned":[1,5,8,10,13,14],"killed_by":"Slime Boss","ascension_level":8}}