{"host":"sc0o2qwpf9j16a4i","time":1610967585,"event":{"mods":["AchievementEnabler","BaseMod","BetterRewards","Block Reminder","Colored Map","Colored Powertips","Custom Start","Highlight Path","Minty Spire (QoL Compilation)","Relic Stats"],"gold_per_floor":[118,130,55,55,55,55,84,84,84,114,114,147,161,161,161,237,237,251,267,267,284,0,0,25,45,45,74,92,92,17,35,35,108,108,121,139,139,53,70,70,101,119,119,150,9,38,57,71,71,71,71,71,71,21,53,53],"floor_reached":57,"language":"ENG","playtime":2558,"items_purged":["Strike_R","Twin Strike+1","Defend_R"],"score":3755,"play_id":"a99bdb68-bcf8-4f59-aa75-013b63314b2e","local_time":"20210118125945","is_ascension_mode":true,"campfire_choices":[{"data":"Apotheosis","floor":6,"key":"SMITH"},{"data":"Inflame","floor":8,"key":"SMITH"},{"data":"Limit Break","floor":11,"key":"SMITH"},{"data":"Seeing Red","floor":15,"key":"SMITH"},{"data":"Juggernaut","floor":23,"key":"SMITH"},{"data":"Barricade","floor":29,"key":"SMITH"},{"data":"Warcry","floor":32,"key":"SMITH"},{"floor":40,"key":"RECALL"},{"floor":49,"key":"REST"},{"floor":53,"key":"REST"}],"circlet_count":0,"master_deck":["AscendersBane","Defend_R","Defend_R","Apotheosis+1","Inflame+1","Limit Break+1","Pommel Strike+1","Shrug It Off","Sword Boomerang+1","Clothesline+1","Seeing Red+1","Juggernaut+1","Flame Barrier","True Grit+1","Whirlwind+1","Reaper+1","Dual Wield","Barricade+1","Pommel Strike+1","Body Slam+1","Dual Wield","Uppercut+1","Warcry+1","Offering","Disarm+1","Battle Trance","Dark Embrace","Heavy Blade+1","Corruption","Flame Barrier","Demon Form","True Grit","Burning Pact","Entrench","Body Slam+1","Shrug It Off"],"relics":["Burning Blood","Lee\u0027s Waffle","Ginger","Shuriken","Ice Cream","Anchor","Membership Card","Bronze Scales","Toy Ornithopter","ClockworkSouvenir","Lantern","Molten Egg 2","Ornamental Fan","Meat on the Bone","Omamori","Pen Nib","Cursed Key","CultistMask","OrangePellets","Strawberry","Pantograph","Smiling Mask","Fusion Hammer","Medical Kit","CaptainsWheel","Bag of Marbles","Whetstone","Eternal Feather"],"acts_visited":["Exordium","TheCity","TheBeyond","TheEnding"],"potions_floor_usage":[33,50,56,56],"damage_taken":[{"damage":0,"enemies":"Jaw Worm","floor":1,"turns":4},{"damage":0,"enemies":"2 Louse","floor":2,"turns":2},{"damage":14,"enemies":"3 Sentries","floor":7,"turns":6},{"damage":0,"enemies":"Lagavulin","floor":12,"turns":5},{"damage":0,"enemies":"Cultist","floor":13,"turns":2},{"damage":9,"enemies":"Slime Boss","floor":16,"turns":5},{"damage":6,"enemies":"3 Byrds","floor":18,"turns":3},{"damage":7,"enemies":"Shell Parasite","floor":19,"turns":4},{"damage":3,"enemies":"3 Cultists","floor":21,"turns":4},{"damage":29,"enemies":"Slavers","floor":24,"turns":4},{"damage":28,"enemies":"Snake Plant","floor":25,"turns":5},{"damage":9,"enemies":"Gremlin Leader","floor":27,"turns":5},{"damage":26,"enemies":"Sentry and Sphere","floor":28,"turns":4},{"damage":2,"enemies":"Snecko","floor":31,"turns":4},{"damage":29,"enemies":"Collector","floor":33,"turns":7},{"damage":0,"enemies":"Orb Walker","floor":35,"turns":2},{"damage":6,"enemies":"3 Darklings","floor":36,"turns":4},{"damage":6,"enemies":"Sphere and 2 Shapes","floor":39,"turns":7},{"damage":6,"enemies":"Nemesis","floor":41,"turns":5},{"damage":6,"enemies":"Jaw Worm Horde","floor":42,"turns":4},{"damage":6,"enemies":"Giant Head","floor":44,"turns":3},{"damage":9,"enemies":"Nemesis","floor":46,"turns":5},{"damage":6,"enemies":"Maw","floor":47,"turns":4},{"damage":6,"enemies":"Transient","floor":48,"turns":6},{"damage":6,"enemies":"Time Eater","floor":50,"turns":10},{"damage":39,"enemies":"Donu and Deca","floor":51,"turns":8},{"damage":52,"enemies":"Shield and Spear","floor":55,"turns":8},{"damage":72,"enemies":"The Heart","floor":56,"turns":9}],"seed_played":"-461390066513072201","potions_obtained":[{"floor":2,"key":"Dexterity Potion"},{"floor":12,"key":"Ancient Potion"},{"floor":33,"key":"EssenceOfSteel"},{"floor":44,"key":"SpeedPotion"},{"floor":46,"key":"SteroidPotion"},{"floor":55,"key":"FearPotion"}],"is_trial":false,"path_per_floor":["M","M","?","?","?","R","E","R","T","?","R","E","M","?","R","B",null,"M","M","?","M","$","R","E","M","T","E","M","R","?","M","R","B",null,"M","M","?","$","M","R","E","M","T","E","$","E","M","M","R","B","B",null,"R","$","E","B",null],"character_chosen":"IRONCLAD","items_purchased":["Lee\u0027s Waffle","Apotheosis","Ginger","Shuriken","Inflame","Ice Cream","Anchor","Membership Card","Bronze Scales","Toy Ornithopter","Limit Break","ClockworkSouvenir","Lantern","Molten Egg 2","Reaper+1","OrangePellets","Strawberry","Medical Kit","Demon Form","True Grit"],"campfire_rested":2,"item_purchase_floors":[0,0,0,0,0,0,0,0,0,0,0,0,0,0,22,22,22,38,45,45],"current_hp_per_floor":[82,82,82,82,75,75,67,67,67,67,67,73,79,79,79,76,81,81,80,80,82,89,89,89,78,78,89,74,74,74,89,89,89,89,89,89,89,89,89,89,89,89,89,89,89,89,89,89,89,89,89,89,89,89,89,62],"gold":53,"neow_bonus":"","is_daily":false,"chose_seed":false,"campfire_upgraded":7,"win_rate":0.0,"timestamp":1610967585,"path_taken":["M","M","?","?","?","R","E","R","T","?","R","E","?","?","R","BOSS","M","M","?","?","$","R","E","M","T","E","M","R","?","?","R","BOSS","M","M","?","$","M","R","E","M","T","E","?","E","M","M","R","BOSS","BOSS","R","$","E","BOSS"],"items_purchased_type":["Relic","Card","Relic","Relic","Card","Relic","Relic","Relic","Relic","Relic","Card","Relic","Relic","Relic","Card","Relic","Relic","Relic","Card","Card"],"build_version":"2020-12-22","purchased_purges":3,"victory":true,"max_hp_per_floor":[82,82,82,82,82,82,82,82,82,82,82,82,82,82,82,82,82,82,82,82,82,89,89,89,89,89,89,89,89,89,89,89,89,89,89,89,89,89,89,89,89,89,89,89,89,89,89,89,89,89,89,89,89,89,89,89],"relic_stats":{"Lee\u0027s Waffle":61,"counters":[57,304],"Eternal Feather":0,"Pen Nib":[16],"Ginger":[23],"Whetstone":[],"Cursed Key":2,"Smiling Mask":238,"Medical Kit":[21],"Burning Blood":266,"OrangePellets":[2],"Shuriken":[23],"Ornamental Fan":[84],"Bronze Scales":[477],"Pantograph":25,"obtain_stats":[{"Ice Cream":0,"Lantern":13,"CeramicFish":9,"StoneCalendar":41,"Mango":42,"Ginger":0,"Whetstone":46,"Smiling Mask":10,"Cursed Key":34,"Burning Blood":0,"ClockworkSouvenir":0,"DollysMirror":19,"Mummified Hand":26,"Gambling Chip":30,"Strawberry":22,"Pantograph":24,"Fusion Hammer":34,"Chemical X":38,"Red Skull":25,"Lee\u0027s Waffle":0,"Oddly Smooth Stone":8,"Eternal Feather":55,"Pen Nib":12,"Omamori":10,"Medical Kit":38,"OrangePellets":22,"Anchor":55,"CaptainsWheel":41,"Shuriken":0,"Ornamental Fan":7,"Bronze Scales":0,"Snecko Eye":17,"Orrery":48,"Molten Egg 2":0,"CultistMask":20,"Bag of Marbles":44,"Membership Card":0,"FossilizedHelix":14,"Unceasing Top":39,"Toy Ornithopter":0,"Meat on the Bone":9},{"Ice Cream":29,"Lantern":8,"CeramicFish":4,"StoneCalendar":22,"Mango":23,"Ginger":29,"Whetstone":51,"Smiling Mask":5,"Cursed Key":18,"Burning Blood":0,"ClockworkSouvenir":29,"DollysMirror":10,"Mummified Hand":14,"Gambling Chip":16,"Strawberry":38,"Pantograph":39,"Fusion Hammer":44,"Chemical X":20,"Red Skull":14,"Lee\u0027s Waffle":29,"Oddly Smooth Stone":4,"Eternal Feather":56,"Pen Nib":33,"Omamori":32,"Medical Kit":46,"OrangePellets":38,"Anchor":28,"CaptainsWheel":48,"Shuriken":29,"Ornamental Fan":32,"Bronze Scales":29,"Snecko Eye":9,"Orrery":25,"Molten Egg 2":29,"CultistMask":37,"Bag of Marbles":50,"Membership Card":29,"FossilizedHelix":8,"Unceasing Top":21,"Toy Ornithopter":29,"Meat on the Bone":32},{"Ice Cream":165,"Lantern":33,"CeramicFish":19,"StoneCalendar":108,"Mango":112,"Ginger":165,"Whetstone":259,"Smiling Mask":22,"Cursed Key":89,"Burning Blood":0,"ClockworkSouvenir":165,"DollysMirror":44,"Mummified Hand":68,"Gambling Chip":77,"Strawberry":200,"Pantograph":204,"Fusion Hammer":229,"Chemical X":99,"Red Skull":68,"Lee\u0027s Waffle":165,"Oddly Smooth Stone":19,"Eternal Feather":295,"Pen Nib":182,"Omamori":177,"Medical Kit":235,"OrangePellets":200,"Anchor":155,"CaptainsWheel":247,"Shuriken":165,"Ornamental Fan":177,"Bronze Scales":165,"Snecko Eye":40,"Orrery":125,"Molten Egg 2":165,"CultistMask":196,"Bag of Marbles":254,"Membership Card":165,"FossilizedHelix":33,"Unceasing Top":104,"Toy Ornithopter":165,"Meat on the Bone":177}],"Toy Ornithopter":23,"Meat on the Bone":48},"card_choices":[{"not_picked":["Entrench","Cleave+1"],"picked":"Twin Strike+1","floor":1},{"not_picked":["Armaments","Wild Strike+1"],"picked":"Pommel Strike+1","floor":2},{"not_picked":["Sword Boomerang+1","Twin Strike+1"],"picked":"Shrug It Off","floor":7},{"not_picked":["Berserk","Cleave+1"],"picked":"Sword Boomerang+1","floor":12},{"not_picked":["Heavy Blade+1","Pummel+1"],"picked":"Clothesline+1","floor":13},{"not_picked":["Limit Break","Berserk"],"picked":"Juggernaut","floor":16},{"not_picked":["Cleave+1","Armaments"],"picked":"Flame Barrier","floor":18},{"not_picked":["Clothesline+1","Clash+1"],"picked":"True Grit+1","floor":19},{"not_picked":["Sever Soul+1","Clothesline+1"],"picked":"Whirlwind+1","floor":21},{"not_picked":["Wild Strike+1","Sentinel"],"picked":"Dual Wield","floor":24},{"not_picked":["Heavy Blade+1","Clash+1"],"picked":"Barricade","floor":25},{"not_picked":["Spot Weakness","Heavy Blade+1"],"picked":"Pommel Strike+1","floor":27},{"not_picked":["Perfected Strike+1","Rage+1"],"picked":"Body Slam+1","floor":28},{"not_picked":["Blood for Blood+1","Wild Strike+1"],"picked":"Warcry","floor":31},{"not_picked":["Limit Break","Double Tap"],"picked":"Offering","floor":33},{"not_picked":["Heavy Blade+1","Ghostly Armor+1"],"picked":"Disarm+1","floor":35},{"not_picked":["Cleave+1","Havoc"],"picked":"Battle Trance","floor":36},{"not_picked":["Flex","Perfected Strike+1"],"picked":"Dark Embrace","floor":39},{"not_picked":["Clothesline+1","Second Wind"],"picked":"Heavy Blade+1","floor":41},{"not_picked":["Carnage+1","Warcry+1"],"picked":"Corruption","floor":42},{"not_picked":["Flex","Armaments"],"picked":"Flame Barrier","floor":44},{"not_picked":["Carnage+1","Clothesline+1"],"picked":"Burning Pact","floor":46},{"not_picked":["Dual Wield","Iron Wave+1"],"picked":"Entrench","floor":47},{"not_picked":["Heavy Blade+1","Cleave+1"],"picked":"Body Slam+1","floor":48},{"not_picked":["Headbutt+1","Flex+1"],"picked":"Shrug It Off","floor":55}],"player_experience":705201,"relics_obtained":[{"floor":7,"key":"Ornamental Fan"},{"floor":9,"key":"Meat on the Bone"},{"floor":12,"key":"Pen Nib"},{"floor":24,"key":"Pantograph"},{"floor":27,"key":"Smiling Mask"},{"floor":41,"key":"CaptainsWheel"},{"floor":44,"key":"Bag of Marbles"},{"floor":46,"key":"Whetstone"},{"floor":55,"key":"Eternal Feather"}],"event_choices":[{"cards_removed":["Strike_R"],"damage_healed":0,"gold_gain":0,"player_choice":"Card Removal","damage_taken":0,"max_hp_gain":0,"max_hp_loss":0,"event_name":"The Cleric","floor":3,"gold_loss":75},{"damage_healed":0,"gold_gain":0,"player_choice":"Ignored","damage_taken":0,"max_hp_gain":0,"max_hp_loss":0,"event_name":"Shining Light","floor":4,"gold_loss":0},{"cards_removed":["Strike_R"],"damage_healed":0,"gold_gain":0,"player_choice":"Card Removal","damage_taken":7,"max_hp_gain":0,"max_hp_loss":0,"event_name":"Golden Wing","floor":5,"gold_loss":0},{"damage_healed":0,"gold_gain":30,"player_choice":"Searched \u00272\u0027 times","damage_taken":0,"relics_obtained":["Omamori"],"max_hp_gain":0,"max_hp_loss":0,"event_name":"Dead Adventurer","floor":10,"gold_loss":0},{"damage_healed":0,"gold_gain":0,"cards_transformed":["Strike_R"],"player_choice":"Transformed","damage_taken":0,"max_hp_gain":0,"max_hp_loss":0,"event_name":"Transmorgrifier","floor":14,"gold_loss":0,"cards_obtained":["Seeing Red"]},{"damage_healed":0,"gold_gain":0,"player_choice":"Trade","damage_taken":0,"relics_obtained":["CultistMask"],"max_hp_gain":0,"max_hp_loss":0,"event_name":"FaceTrader","floor":20,"gold_loss":0},{"damage_healed":0,"gold_gain":0,"cards_transformed":["Defend_R","Strike_R"],"player_choice":"Transformed Cards","damage_taken":0,"max_hp_gain":0,"max_hp_loss":0,"event_name":"Designer","floor":30,"gold_loss":75,"cards_obtained":["Dual Wield","Uppercut"]},{"cards_removed":["Bash"],"damage_healed":0,"gold_gain":0,"player_choice":"Purged","damage_taken":0,"max_hp_gain":0,"max_hp_loss":0,"event_name":"Purifier","floor":37,"gold_loss":0}],"is_beta":false,"boss_relics":[{"not_picked":["Astrolabe","Empty Cage"],"picked":"Cursed Key"},{"not_picked":["Calling Bell","Black Star"],"picked":"Fusion Hammer"}],"items_purged_floors":[22,45,54],"is_endless":false,"potions_floor_spawned":[2,12,18,24,33,39,41,44,46,48,55],"ascension_level":20}}