{"host":"t7mx8yfj1no5p62f","time":1610974678,"event":{"mods":["BaseMod","Bestiary","Colored Map","Colored Powertips","Minty Spire (QoL Compilation)","Relic Stats","StSLib","ojb\u0027s Info Mod"],"gold_per_floor":[127,214,226,258,282,294,326,338,338],"floor_reached":8,"language":"ENG","playtime":247,"items_purged":[],"score":96,"play_id":"8a7e3842-c396-475f-8e24-5955c6778f12","local_time":"20210118075758","is_ascension_mode":true,"campfire_choices":[{"data":"Quick Slash","floor":6,"key":"SMITH"}],"circlet_count":0,"master_deck":["AscendersBane","Strike_G","Strike_G","Strike_G","Strike_G","Strike_G","Defend_G","Defend_G","Defend_G","Defend_G","Defend_G","Survivor","Neutralize","Cloak And Dagger","Leg Sweep","Quick Slash+1","Poisoned Stab"],"relics":["Ring of the Snake","MawBank"],"acts_visited":["Exordium"],"potions_floor_usage":[8],"damage_taken":[{"damage":1,"enemies":"Cultist","floor":1,"turns":4},{"damage":0,"enemies":"2 Louse","floor":4,"turns":6},{"damage":0,"enemies":"Small Slimes","floor":5,"turns":5},{"damage":0,"enemies":"Looter","floor":7,"turns":4},{"damage":60,"enemies":"Lagavulin","floor":8,"turns":10}],"seed_played":"-8108275873815606357","potions_obtained":[{"floor":7,"key":"LiquidBronze"}],"is_trial":false,"path_per_floor":["M","?","?","M","M","R","M","E"],"character_chosen":"THE_SILENT","items_purchased":[],"campfire_rested":0,"item_purchase_floors":[],"current_hp_per_floor":[58,47,52,52,52,52,52,0,0],"gold":338,"neow_bonus":"RANDOM_COMMON_RELIC","is_daily":false,"chose_seed":false,"campfire_upgraded":1,"win_rate":0.0,"timestamp":1610974678,"path_taken":["M","?","?","M","M","R","M","E"],"items_purchased_type":[],"build_version":"2020-12-22","purchased_purges":0,"victory":false,"max_hp_per_floor":[66,66,71,71,71,71,71,71,71],"relic_stats":{"counters":[5,29],"MawBank":96,"obtain_stats":[{"MawBank":0,"Ring of the Snake":0},{"MawBank":0,"Ring of the Snake":0},{"MawBank":0,"Ring of the Snake":0}],"Ring of the Snake":[10]},"card_choices":[{"not_picked":["Prepared","Deflect"],"picked":"Cloak And Dagger","floor":1},{"not_picked":["Infinite Blades","Choke"],"picked":"Leg Sweep","floor":4},{"not_picked":["Endless Agony","Deflect"],"picked":"Quick Slash","floor":5},{"not_picked":["Eviscerate","Flying Knee"],"picked":"Poisoned Stab","floor":7}],"player_experience":1783597,"relics_obtained":[],"event_choices":[{"damage_healed":0,"gold_gain":75,"player_choice":"Gather Gold","damage_taken":11,"max_hp_gain":0,"max_hp_loss":0,"event_name":"World of Goop","floor":2,"gold_loss":0},{"damage_healed":0,"gold_gain":0,"player_choice":"Donut","damage_taken":0,"max_hp_gain":5,"max_hp_loss":0,"event_name":"Big Fish","floor":3,"gold_loss":0}],"is_beta":false,"boss_relics":[],"items_purged_floors":[],"is_endless":false,"potions_floor_spawned":[7],"killed_by":"Lagavulin","ascension_level":20}}