{"host":"qksop9n5mnq4zoi8","time":1610994379,"event":{"mods":["Act Like it!","Astrologer","BaseMod","BetterRewards","Conspire","GifTheSpireLib","Highlight Path","Infinite Spire","Lobotomy","Minty Spire (QoL Compilation)","Shop Mod","StSLib","The Alterego","The Cursed","The Factory","The Mystic","The Necromancer","vexMod"],"gold_per_floor":[114,131,83,99,99,99,134,190,190,215,215,247,267,283,283,387,387,405,418,418,418,432,432,432],"floor_reached":23,"language":"ENG","playtime":3398,"items_purged":[],"score":311,"play_id":"33b32f61-caea-4557-8e52-fbbb4d7e13c0","local_time":"20210118162619","is_ascension_mode":false,"campfire_choices":[{"floor":6,"key":"RECALL"},{"data":"Death_March_Dance","floor":11,"key":"SMITH"},{"data":"Stop_Heart","floor":15,"key":"SMITH"}],"circlet_count":0,"master_deck":["Strike_W","Strike_W","Strike_W","Strike_W+1","Defend_W","Defend_W","Defend_W","Defend_W","Negative_Energy_Arrows","Bone_Wall","UniverseFragment","Summon_Undead_Army+1","Rudolta","Necrotic_Claws","Negative_Energy_Sphere+1","QueenOfHatred","Negative_Energy_Javelin","QueenBee","Necrotic_Claws","CrumblingArmor","Finger_Of_Death","Death_March_Dance+1","Stop_Heart+1","OldLady","Hellfire","Negative_Energy_Burst","SpiderBud","LittleHelper","Summon_Vampire_Lady","DreamingCurrent","Bone_Bullets","Spectral_Armor","Bloodbath","infinitespire:Menacing","ShyLook","Negative_Energy_Shield"],"relics":["Vampire_Amulet","CogitoBucket","conspire:DeflatedDodgeball","infinitespire:CursedDice","Whetstone","Bronze Scales","Pantograph","AspirationHeart","vexMod:DeviousBotling","Regal Pillow","AdjustmentMirror"],"acts_visited":["Exordium","TheCity"],"potions_floor_usage":[10,13,14,22,22,23],"damage_taken":[{"damage":0,"enemies":"Jaw Worm","floor":1,"turns":4},{"damage":0,"enemies":"2 Louse","floor":2,"turns":4},{"damage":4,"enemies":"Small Slimes","floor":4,"turns":4},{"damage":22,"enemies":"Lagavulin","floor":7,"turns":6},{"damage":17,"enemies":"Gremlin Nob","floor":8,"turns":3},{"damage":14,"enemies":"3 Sentries","floor":10,"turns":4},{"damage":4,"enemies":"Gremlin Nob","floor":12,"turns":3},{"damage":11,"enemies":"3 Louse","floor":13,"turns":3},{"damage":0,"enemies":"2 Fungi Beasts","floor":14,"turns":2},{"damage":0,"enemies":"Slime Boss","floor":16,"turns":4},{"damage":15,"enemies":"Shell Parasite","floor":18,"turns":4},{"damage":45,"enemies":"2 Thieves","floor":19,"turns":3},{"damage":25,"enemies":"Cultist and Chosen","floor":22,"turns":3},{"damage":49,"enemies":"Gremlin Leader","floor":23,"turns":3}],"seed_played":"-5168848443099596409","potions_obtained":[{"floor":1,"key":"LiquidBronze"},{"floor":4,"key":"Fire Potion"},{"floor":10,"key":"ColorlessPotion"},{"floor":12,"key":"Fire Potion"},{"floor":14,"key":"SkillPotion"},{"floor":22,"key":"Dexterity Potion"}],"is_trial":false,"path_per_floor":["M","M","$","M","?","R","E","?","T","E","R","E","M","M","R","B",null,"M","M","AVR","?","M","E"],"character_chosen":"NECROMANCER","items_purchased":["Negative_Energy_Sphere"],"campfire_rested":0,"item_purchase_floors":[3],"current_hp_per_floor":[75,75,75,73,73,73,53,44,44,36,36,34,45,49,49,85,85,75,34,34,18,38,0,0],"gold":432,"neow_bonus":"","is_daily":false,"chose_seed":false,"campfire_upgraded":2,"win_rate":0.0,"timestamp":1610994379,"path_taken":["M","M","$","M","?","R","E","?","T","E","R","E","M","M","R","BOSS","M","M","AVR","?","M","E"],"items_purchased_type":["Card"],"build_version":"2020-12-22","purchased_purges":0,"victory":false,"max_hp_per_floor":[75,75,75,75,75,75,75,75,75,75,75,75,85,85,85,85,85,85,85,85,90,90,90,90],"card_choices":[{"not_picked":["Murderer","CrumblingArmor"],"picked":"UniverseFragment","floor":1},{"not_picked":["Negative_Energy_Mist","Bone_Armor"],"picked":"Summon_Undead_Army","floor":1},{"not_picked":["LittleHelper","WallGazer"],"picked":"Rudolta","floor":2},{"not_picked":["Blood_Curse","Vampiric_Strike"],"picked":"Necrotic_Claws","floor":2},{"not_picked":["MHz","Alriune"],"picked":"QueenOfHatred","floor":4},{"not_picked":["Negative_Energy_Shield","Bone_Shift"],"picked":"Negative_Energy_Javelin","floor":4},{"not_picked":["LittlePrince","Murderer","RedShoes"],"picked":"Singing Bowl","floor":7},{"not_picked":["MHz","DreamingCurrent"],"picked":"QueenBee","floor":7},{"not_picked":["Bone_Armor","Toxic_Smoke_Screen"],"picked":"Necrotic_Claws","floor":7},{"not_picked":["Bloodbath","DreamingCurrent","Murderer"],"picked":"Singing Bowl","floor":8},{"not_picked":["VoidDream","Variant"],"picked":"CrumblingArmor","floor":8},{"not_picked":["Chill_Blood","Summon_Undead_Army"],"picked":"Finger_Of_Death","floor":8},{"not_picked":["GreedKing","Laetitia"],"picked":"Yin","floor":10},{"not_picked":["Scare","Toxic_Smoke_Screen"],"picked":"Death_March_Dance","floor":10},{"not_picked":["Life_Tap","Blood_Whip"],"picked":"Stop_Heart","floor":12},{"not_picked":["HeroicMonk","MeatLantern"],"picked":"OldLady","floor":13},{"not_picked":["Stop_Heart","Negative_Energy_Mist"],"picked":"Hellfire","floor":13},{"not_picked":["Negative_Energy_Shield","Bones_to_Steel"],"picked":"Negative_Energy_Burst","floor":14},{"not_picked":["FieryBird","Wellcheers"],"picked":"SpiderBud","floor":14},{"not_picked":["VoidDream","CherryBlossoms"],"picked":"LittleHelper","floor":16},{"not_picked":["Requiem","Negative_Energy_Bomb"],"picked":"Summon_Vampire_Lady","floor":16},{"not_picked":["GreedKing","PunishingBird"],"picked":"DreamingCurrent","floor":18},{"not_picked":["Consume_Illness","Blood_Is_Power+1"],"picked":"Bone_Bullets","floor":18},{"not_picked":["Death_March_Dance","Plague_Bolt"],"picked":"Spectral_Armor","floor":19},{"not_picked":["Variant","Funeral","BeautyBeast"],"picked":"Singing Bowl","floor":19},{"not_picked":["BlackSwan","OSAHOGD"],"picked":"Bloodbath","floor":19},{"not_picked":["PunishingBird","Wellcheers","FairyFestival"],"picked":"Singing Bowl","floor":22},{"not_picked":["PunishingBird","SnowQueen"],"picked":"ShyLook","floor":22},{"not_picked":["Negative_Energy_Javelin","Chill_Blood"],"picked":"Negative_Energy_Shield","floor":22}],"player_experience":178075,"relics_obtained":[{"floor":7,"key":"conspire:DeflatedDodgeball"},{"floor":9,"key":"Whetstone"},{"floor":10,"key":"Bronze Scales"},{"floor":12,"key":"Pantograph"}],"event_choices":[{"damage_healed":0,"gold_gain":30,"player_choice":"Searched \u00273\u0027 times","damage_taken":0,"relics_obtained":["infinitespire:CursedDice"],"max_hp_gain":0,"max_hp_loss":0,"event_name":"Dead Adventurer","floor":8,"gold_loss":0},{"damage_healed":0,"gold_gain":0,"player_choice":"Shed Blood","damage_taken":21,"max_hp_gain":5,"max_hp_loss":0,"event_name":"Forgotten Altar","floor":21,"gold_loss":0}],"is_beta":false,"boss_relics":[{"not_picked":["Ectoplasm","vexMod:FluxCapacitor"],"picked":"vexMod:DeviousBotling"}],"items_purged_floors":[],"is_endless":false,"potions_floor_spawned":[1,4,10,12,14,22],"killed_by":"Gremlin Leader","ascension_level":0}}