{"host":"s41rn2jhghpwfrvz","time":1610951199,"event":{"mods":["BaseMod","Minty Spire (QoL Compilation)","Quick Restart","Relic Stats","SuperFastMode"],"gold_per_floor":[115,115,135,145,70,97,110,110,110,137,154,154,172,198,198,272,272,292,292,322,332,332,332,363,363,363],"floor_reached":25,"language":"ENG","playtime":944,"items_purged":["Coolheaded"],"score":722,"play_id":"9f8dc1b8-71e9-4ad6-9e86-402aa1df048a","local_time":"20210118082639","daily_mods":["SealedDeck","Diverse","DeadlyEvents"],"is_ascension_mode":true,"campfire_choices":[{"data":"Expertise","floor":8.0,"key":"SMITH"},{"data":"Shrug It Off","floor":15.0,"key":"SMITH"},{"floor":23,"key":"RECALL"}],"circlet_count":0,"master_deck":["AscendersBane","Deflect","Go for the Eyes","Caltrops","PiercingWail","Go for the Eyes","Expertise+1","Gash","Shrug It Off+1","Feel No Pain"],"relics":["Burning Blood","Matryoshka","Orichalcum","Gambling Chip","Regal Pillow","Coffee Dripper","Nloth\u0027s Gift","Pantograph","Tiny Chest"],"acts_visited":["Exordium","TheCity"],"potions_floor_usage":[20,20],"damage_taken":[{"damage":0.0,"enemies":"2 Louse","floor":1.0,"turns":3.0},{"damage":0.0,"enemies":"Cultist","floor":3.0,"turns":3.0},{"damage":0.0,"enemies":"Jaw Worm","floor":4.0,"turns":3.0},{"damage":48.0,"enemies":"3 Sentries","floor":6.0,"turns":11.0},{"damage":0.0,"enemies":"3 Louse","floor":7.0,"turns":3.0},{"damage":0.0,"enemies":"Lagavulin","floor":10.0,"turns":5.0},{"damage":0.0,"enemies":"Red Slaver","floor":11.0,"turns":3.0},{"damage":0.0,"enemies":"Blue Slaver","floor":13.0,"turns":3.0},{"damage":11.0,"enemies":"3 Sentries","floor":14.0,"turns":13.0},{"damage":0.0,"enemies":"The Guardian","floor":16.0,"turns":7.0},{"damage":0.0,"enemies":"Spheric Guardian","floor":18.0,"turns":4.0},{"damage":61,"enemies":"Slavers","floor":20,"turns":9},{"damage":0,"enemies":"3 Byrds","floor":21,"turns":4},{"damage":0,"enemies":"Gremlin Leader","floor":24,"turns":5},{"damage":34,"enemies":"Snecko","floor":25,"turns":7}],"seed_played":"5358552500992257760","potions_obtained":[{"floor":1.0,"key":"GamblersBrew"},{"floor":4.0,"key":"SteroidPotion"},{"floor":20,"key":"AttackPotion"},{"floor":22,"key":"PowerPotion"}],"is_trial":true,"path_per_floor":["M","?","M","M","$","E","M","R","T","E","M","?","M","E","R","B",null,"M","?","E","M","?","R","E","M"],"character_chosen":"IRONCLAD","items_purchased":[],"campfire_rested":0,"item_purchase_floors":[],"current_hp_per_floor":[74,74,75,75,75,33,39,39,39,45,51,51,57,52,52,58,71,75,75,20,26,26,26,32,0,0],"gold":363,"neow_bonus":"","is_daily":false,"chose_seed":false,"campfire_upgraded":2,"win_rate":0.0,"timestamp":1610951199,"path_taken":["M","?","M","?","$","E","M","R","T","?","M","?","M","E","R","BOSS","M","?","?","?","?","R","E","M"],"items_purchased_type":[],"build_version":"2020-12-22","purchased_purges":1,"victory":false,"max_hp_per_floor":[75,75,75,75,75,75,75,75,75,75,75,75,75,75,75,75,75,75,75,75,75,75,75,75,75,75],"relic_stats":{"Regal Pillow":0,"counters":[15,83],"Gambling Chip":[10],"Pantograph":0,"Tiny Chest":0,"Nloth\u0027s Gift":1,"Orichalcum":[30],"obtain_stats":[{"Regal Pillow":10,"Matryoshka":6,"Gambling Chip":9,"Pantograph":20,"Tiny Chest":24,"Coffee Dripper":17,"Nloth\u0027s Gift":19,"Bottled Lightning":14,"Orichalcum":9,"Burning Blood":0},{"Regal Pillow":6,"Matryoshka":4,"Gambling Chip":5,"Pantograph":12,"Tiny Chest":14,"Coffee Dripper":10,"Nloth\u0027s Gift":11,"Bottled Lightning":9,"Orichalcum":5,"Burning Blood":0},{"Regal Pillow":28,"Matryoshka":20,"Gambling Chip":23,"Pantograph":67,"Tiny Chest":76,"Coffee Dripper":54,"Nloth\u0027s Gift":58,"Bottled Lightning":47,"Orichalcum":23,"Burning Blood":0}],"Burning Blood":71},"card_choices":[{"not_picked":["Reckless Charge","Compile Driver","Whirlwind"],"picked":"SKIP","floor":1.0},{"not_picked":["Caltrops","EmptyBody","Anger"],"picked":"SKIP","floor":3.0},{"not_picked":["Compile Driver","FTL","Bouncing Flask"],"picked":"SKIP","floor":4.0},{"not_picked":["Clash","Sever Soul","Deadly Poison"],"picked":"SKIP","floor":6.0},{"not_picked":["Blur","Leap"],"picked":"Feel No Pain","floor":7.0},{"not_picked":["Warcry","Beam Cell","Rebound"],"picked":"SKIP","floor":10.0},{"not_picked":["Flying Knee","ForeignInfluence","Dagger Spray"],"picked":"SKIP","floor":11.0},{"not_picked":["BattleHymn","Tantrum","Tactician"],"picked":"SKIP","floor":13.0},{"not_picked":["Ball Lightning","Thunder Strike","PathToVictory"],"picked":"SKIP","floor":14.0},{"not_picked":["Coolheaded","Wild Strike","Outmaneuver+1"],"picked":"SKIP","floor":18.0},{"not_picked":["True Grit","Dagger Spray","Defragment"],"picked":"SKIP","floor":20},{"not_picked":["PathToVictory","Iron Wave","Echo Form"],"picked":"SKIP","floor":21},{"not_picked":["Dash+1","Tantrum","Consecrate"],"picked":"SKIP","floor":24}],"player_experience":1782155,"relics_obtained":[{"floor":6.0,"key":"Matryoshka"},{"floor":9.0,"key":"Orichalcum"},{"floor":9.0,"key":"Gambling Chip"},{"floor":10.0,"key":"Regal Pillow"},{"floor":14.0,"key":"Bottled Lightning"},{"floor":20,"key":"Pantograph"},{"floor":24,"key":"Tiny Chest"}],"event_choices":[{"cards_removed":["Deflect"],"damage_healed":0.0,"max_hp_gain":0.0,"max_hp_loss":0.0,"gold_gain":0.0,"event_name":"Purifier","player_choice":"Purged","floor":2.0,"gold_loss":0.0,"damage_taken":0.0},{"damage_healed":0.0,"max_hp_gain":0.0,"max_hp_loss":0.0,"gold_gain":0.0,"event_name":"Liars Game","player_choice":"Ignored","floor":12.0,"gold_loss":0.0,"damage_taken":0.0},{"damage_healed":0.0,"max_hp_gain":0.0,"max_hp_loss":0.0,"gold_gain":0.0,"event_name":"N\u0027loth","player_choice":"Traded Relic","floor":19.0,"relics_lost":["Bottled Lightning"],"gold_loss":0.0,"damage_taken":0.0,"relics_obtained":["Nloth\u0027s Gift"]},{"damage_healed":0,"gold_gain":0,"player_choice":"Got Potions","damage_taken":0,"max_hp_gain":0,"max_hp_loss":0,"event_name":"Lab","floor":22,"gold_loss":0}],"is_beta":false,"boss_relics":[{"not_picked":["Empty Cage","Fusion Hammer"],"picked":"Coffee Dripper"}],"items_purged_floors":[5],"is_endless":false,"potions_floor_spawned":[1,4,6,11,16,20],"killed_by":"Snecko","ascension_level":20}}