{"host":"i0avyit1s6jb1siw","time":1610961065,"event":{"mods":["BaseMod","DeckTracker","Dota2Spire","Highlight Path","Minty Spire (QoL Compilation)","Quick Restart","StSLib","SuperFastMode"],"gold_per_floor":[114,189,189,189,206,237,248,43,112,141,157,157,157,167,167,240,240,258,271,196,206,37,37,69,86,86,86,36,36,17,17,17,95,145,156,156,156,171,28,28,59,84,134,154,185,195,195,206,206,206,206],"floor_reached":50,"language":"ENG","playtime":1226,"items_purged":["Strike_G","Strike_G"],"score":1156,"play_id":"0239ae34-4249-4843-9b67-4e7c393bd1e6","local_time":"20210118101105","is_ascension_mode":true,"campfire_choices":[{"data":"Strike_G","floor":12,"key":"PURGE"},{"data":"Accuracy","floor":15,"key":"SMITH"},{"floor":23,"key":"REST"},{"data":"Pain","floor":29,"key":"PURGE"},{"floor":32,"key":"REST"},{"data":"Strike_G","floor":40,"key":"PURGE"},{"floor":49,"key":"RECALL"}],"circlet_count":0,"master_deck":["AscendersBane","Defend_G","Defend_G","Defend_G","Defend_G","Survivor","Neutralize+1","Poisoned Stab","Dagger Throw+1","Blur","Infinite Blades","Venomology+1","Cloak And Dagger+1","Dash","Accuracy+1","Night Terror","Malaise","Calculated Gamble+1","Flechettes+1","Terror+1","Cloak And Dagger","Adrenaline","Concentrate+1","Tactician","Bullet Time","Noxious Fumes+1","PiercingWail","Backflip+1","Leg Sweep","Blade Dance","Finisher+1","Eviscerate+1","Accuracy"],"relics":["Ring of the Snake","NeowsBlessing","Prayer Wheel","Ninja Scroll","Membership Card","Dota2Spire:Dagon","Peace Pipe","Runic Pyramid","Juzu Bracelet","Sundial","WarpedTongs","Tiny House","Dota2Spire:BattleFury","Potion Belt","Pocketwatch","Dota2Spire:AssaultCuirass"],"acts_visited":["Exordium","TheCity","TheBeyond"],"potions_floor_usage":[16,16,18,19,24,24,33,33,33,41,45,46,46,50,50],"damage_taken":[{"damage":0,"enemies":"Small Slimes","floor":1,"turns":1},{"damage":0,"enemies":"Jaw Worm","floor":5,"turns":1},{"damage":0,"enemies":"Lagavulin","floor":6,"turns":1},{"damage":0,"enemies":"Cultist","floor":7,"turns":2},{"damage":30,"enemies":"Gremlin Nob","floor":10,"turns":4},{"damage":2,"enemies":"Exordium Wildlife","floor":11,"turns":4},{"damage":3,"enemies":"Lots of Slimes","floor":14,"turns":4},{"damage":9,"enemies":"Hexaghost","floor":16,"turns":9},{"damage":8,"enemies":"Chosen","floor":18,"turns":5},{"damage":13,"enemies":"Spheric Guardian","floor":19,"turns":4},{"damage":14,"enemies":"Centurion and Healer","floor":21,"turns":4},{"damage":0,"enemies":"Slavers","floor":24,"turns":3},{"damage":12,"enemies":"3 Cultists","floor":25,"turns":5},{"damage":6,"enemies":"Champ","floor":33,"turns":9},{"damage":21,"enemies":"3 Darklings","floor":35,"turns":4},{"damage":1,"enemies":"Orb Walker","floor":38,"turns":3},{"damage":9,"enemies":"Nemesis","floor":41,"turns":5},{"damage":0,"enemies":"Mind Bloom Boss Battle","floor":42,"turns":8},{"damage":0,"enemies":"4 Shapes","floor":44,"turns":5},{"damage":8,"enemies":"Reptomancer","floor":45,"turns":5},{"damage":0,"enemies":"Sphere and 2 Shapes","floor":46,"turns":6},{"damage":12,"enemies":"3 Darklings","floor":48,"turns":3},{"damage":23,"enemies":"Time Eater","floor":50,"turns":2}],"seed_played":"443129443733853353","potions_obtained":[{"floor":7,"key":"Weak Potion"},{"floor":10,"key":"PowerPotion"},{"floor":21,"key":"Dota2Spire:Clarity"},{"floor":34,"key":"SteroidPotion"},{"floor":46,"key":"Fruit Juice"}],"is_trial":false,"path_per_floor":["M","?","?","T","M","E","M","$","T","E","M","R","?","M","R","B",null,"M","M","?","M","$","R","E","M","T","?","?","R","$","$","R","B",null,"M","?","?","M","$","R","E","?","T","M","E","M","?","M","R","B"],"character_chosen":"THE_SILENT","items_purchased":["Membership Card","Adrenaline","DistilledChaos","Tactician","Dota2Spire:BattleFury"],"campfire_rested":2,"item_purchase_floors":[8,22,22,30,39],"current_hp_per_floor":[59,48,48,48,48,48,48,48,48,18,16,16,16,13,13,4,51,43,30,30,16,16,35,35,23,23,23,23,23,23,23,42,36,64,43,43,43,42,42,42,33,33,33,33,25,30,30,18,18,0,0],"gold":206,"neow_bonus":"THREE_ENEMY_KILL","is_daily":false,"chose_seed":false,"campfire_upgraded":1,"win_rate":0.0,"timestamp":1610961065,"path_taken":["M","?","?","?","?","E","M","$","T","E","M","R","?","?","R","BOSS","M","M","?","M","$","R","E","M","T","?","?","R","?","$","R","BOSS","M","?","?","M","$","R","E","?","T","M","E","M","?","M","R","BOSS"],"items_purchased_type":["Relic","Card","Potion","Card","Relic"],"build_version":"2020-12-22","purchased_purges":2,"victory":false,"max_hp_per_floor":[66,66,66,66,66,66,66,66,66,66,66,66,66,66,66,66,66,66,66,66,66,66,66,66,66,66,66,66,66,66,66,66,66,71,71,71,71,71,71,71,71,71,71,71,71,76,72,72,72,72,72],"card_choices":[{"not_picked":["Slice","Calculated Gamble"],"picked":"Poisoned Stab","floor":1},{"not_picked":["Flying Knee","Poisoned Stab"],"picked":"Dagger Throw","floor":5},{"not_picked":["Dagger Spray","Sucker Punch"],"picked":"Blur","floor":5},{"not_picked":["Endless Agony","Bane"],"picked":"Infinite Blades","floor":6},{"not_picked":["Outmaneuver","Prepared"],"picked":"Venomology","floor":7},{"not_picked":["Choke","Acrobatics"],"picked":"Cloak And Dagger","floor":7},{"not_picked":["All Out Attack","Infinite Blades"],"picked":"Dash","floor":10},{"not_picked":["Bane","Blade Dance"],"picked":"Accuracy","floor":11},{"not_picked":["Deflect","Expertise"],"picked":"Night Terror","floor":11},{"not_picked":["Choke","Dagger Throw","Quick Slash"],"picked":"SKIP","floor":14},{"not_picked":["Deflect","Caltrops","Underhanded Strike"],"picked":"SKIP","floor":14},{"not_picked":["A Thousand Cuts","Storm of Steel"],"picked":"Malaise","floor":16},{"not_picked":["Distraction","Deadly Poison"],"picked":"Calculated Gamble+1","floor":18},{"not_picked":["Flying Knee","Reflex"],"picked":"Flechettes+1","floor":18},{"not_picked":["Leg Sweep","Dagger Throw"],"picked":"Terror+1","floor":19},{"not_picked":["Masterful Stab","Quick Slash","Caltrops"],"picked":"SKIP","floor":19},{"not_picked":["Poisoned Stab","All Out Attack"],"picked":"Cloak And Dagger","floor":21},{"not_picked":["Slice","Cloak And Dagger","Dodge and Roll"],"picked":"SKIP","floor":21},{"not_picked":["Dagger Throw+1","Bane"],"picked":"Concentrate","floor":24},{"not_picked":["Expertise","Dodge and Roll","Dagger Spray"],"picked":"SKIP","floor":25},{"not_picked":["Prepared","Bouncing Flask","Catalyst"],"picked":"SKIP","floor":25},{"not_picked":["Tools of the Trade","Night Terror"],"picked":"Bullet Time","floor":33},{"not_picked":["Bane+1","Backflip"],"picked":"Noxious Fumes+1","floor":34},{"not_picked":["Deflect","Dagger Throw","Sucker Punch"],"picked":"SKIP","floor":35},{"not_picked":["PiercingWail","Heel Hook","Outmaneuver"],"picked":"SKIP","floor":35},{"not_picked":["Heel Hook","Outmaneuver"],"picked":"PiercingWail","floor":35},{"not_picked":["Deflect","Dagger Throw","Sucker Punch"],"picked":"SKIP","floor":35},{"not_picked":["Infinite Blades","Prepared"],"picked":"Backflip+1","floor":38},{"not_picked":["Crippling Poison","Prepared","Deadly Poison"],"picked":"SKIP","floor":38},{"not_picked":["Deflect","Heel Hook"],"picked":"Leg Sweep","floor":41},{"not_picked":["Bane","Poisoned Stab"],"picked":"Blade Dance","floor":42},{"not_picked":["Riddle With Holes","Dagger Throw","Outmaneuver"],"picked":"SKIP","floor":44},{"not_picked":["Slice","Dagger Spray+1","Cloak And Dagger+1"],"picked":"SKIP","floor":44},{"not_picked":["Sucker Punch","Calculated Gamble","Tools of the Trade"],"picked":"SKIP","floor":45},{"not_picked":["Blade Dance+1","Deflect+1"],"picked":"Finisher+1","floor":46},{"not_picked":["Catalyst","Acrobatics"],"picked":"Eviscerate+1","floor":46},{"not_picked":["Bane+1","Dagger Spray"],"picked":"Accuracy","floor":48},{"not_picked":["Escape Plan","Finisher+1","Sucker Punch"],"picked":"SKIP","floor":48}],"player_experience":2277806,"relics_obtained":[{"floor":4,"key":"Prayer Wheel"},{"floor":6,"key":"Ninja Scroll"},{"floor":9,"key":"Dota2Spire:Dagon"},{"floor":10,"key":"Peace Pipe"},{"floor":24,"key":"Juzu Bracelet"},{"floor":26,"key":"Sundial"},{"floor":41,"key":"Potion Belt"},{"floor":42,"key":"Pocketwatch"},{"floor":45,"key":"Dota2Spire:AssaultCuirass"}],"event_choices":[{"damage_healed":0,"gold_gain":75,"player_choice":"Gather Gold","damage_taken":11,"max_hp_gain":0,"max_hp_loss":0,"event_name":"World of Goop","floor":2,"gold_loss":0},{"damage_healed":0,"gold_gain":0,"player_choice":"Grow","damage_taken":0,"max_hp_gain":0,"max_hp_loss":0,"event_name":"Living Wall","floor":3,"gold_loss":0,"cards_upgraded":["Neutralize"]},{"damage_healed":0,"gold_gain":0,"player_choice":"Upgraded","damage_taken":0,"max_hp_gain":0,"max_hp_loss":0,"event_name":"Upgrade Shrine","floor":13,"gold_loss":0,"cards_upgraded":["Cloak And Dagger"]},{"cards_removed":["Strike_G"],"damage_healed":0,"gold_gain":0,"player_choice":"Gave Gold","damage_taken":0,"max_hp_gain":0,"max_hp_loss":0,"event_name":"Beggar","floor":20,"gold_loss":75},{"damage_healed":0,"gold_gain":0,"player_choice":"Rummage","damage_taken":0,"relics_obtained":["WarpedTongs"],"max_hp_gain":0,"max_hp_loss":0,"event_name":"Accursed Blacksmith","floor":27,"gold_loss":0,"cards_obtained":["Pain"]},{"damage_healed":0,"gold_gain":0,"player_choice":"Upgraded Two","damage_taken":0,"max_hp_gain":0,"max_hp_loss":0,"event_name":"Designer","floor":28,"gold_loss":50,"cards_upgraded":["Dagger Throw","Concentrate"]},{"cards_removed":["Defend_G"],"damage_healed":0,"gold_gain":0,"player_choice":"Removed Skill","damage_taken":0,"max_hp_gain":0,"max_hp_loss":0,"event_name":"Falling","floor":36,"gold_loss":0},{"damage_healed":0,"gold_gain":0,"player_choice":"Ignored","damage_taken":0,"max_hp_gain":0,"max_hp_loss":0,"event_name":"Tomb of Lord Red Mask","floor":37,"gold_loss":0},{"damage_healed":0,"gold_gain":0,"player_choice":"Fight","damage_taken":0,"max_hp_gain":0,"max_hp_loss":0,"event_name":"MindBloom","floor":42,"gold_loss":0},{"damage_healed":0,"gold_gain":0,"player_choice":"Max HP","damage_taken":0,"max_hp_gain":0,"max_hp_loss":4,"event_name":"Winding Halls","floor":47,"gold_loss":0}],"is_beta":false,"boss_relics":[{"not_picked":["Dota2Spire:RefresherOrb","Cursed Key"],"picked":"Runic Pyramid"},{"not_picked":["SlaversCollar","Sozu"],"picked":"Tiny House"}],"items_purged_floors":[8,22],"is_endless":false,"potions_floor_spawned":[7,10,21,25,35,38,45,46],"killed_by":"Time Eater","ascension_level":20}}