{"host":"03m7b8d5u2ige8va","time":1610959463,"event":{"mods":["BaseMod","Downfall","Minty Spire (QoL Compilation)","StSLib","SuperFastMode"],"gold_per_floor":[99,116,134,209,271,283,283,283,296,315,347,347,68,92,112,217,267,267,286,286,306,306,306,306,335,350,361,361,361,372,391,405,510,510,510,523,623,641,654,654,654,681,286,301,332,332,349,366,383,383,383,383],"floor_reached":50,"language":"ZHS","playtime":2862,"items_purged":["Slimebound:CorrosiveSpit","Slimebound:Tackle"],"score":658,"play_id":"e0c8ea74-2207-456d-91a4-7e919b8c0ea7","local_time":"20210118164423","is_ascension_mode":true,"campfire_choices":[{"data":"Deep Breath","floor":1,"key":"SMITH"},{"floor":8,"key":"REST"},{"data":"Slimebound:Repurpose","floor":12,"key":"SMITH"},{"data":"Slimebound:OneTwoCombo","floor":18,"key":"SMITH"},{"data":"Slimebound:Grow","floor":23,"key":"SMITH"},{"data":"Slimebound:GoopSpray","floor":29,"key":"SMITH"},{"data":"Slimebound:SelfFormingGoo","floor":35,"key":"SMITH"}],"circlet_count":0,"master_deck":["Slimebound:Strike_Slimebound","Slimebound:Strike_Slimebound","Slimebound:Strike_Slimebound","Slimebound:Defend_Slimebound","Slimebound:Defend_Slimebound","Slimebound:Defend_Slimebound","Slimebound:Defend_Slimebound","Slimebound:Split","Deep Breath+1","Slimebound:SplitMire","Slimebound:Schlurp","Slimebound:HauntingLick","Slimebound:SplitMire","Slimebound:Schlurp","Slimebound:RejuvenatingLick+1","Slimebound:Repurpose+1","Slimebound:LivingWall","expansioncontent:QuickStudy+1","Slimebound:Grow+1","Slimebound:GoopSpray+1","Slimebound:OneTwoCombo+1","Slimebound:AcidTongue","Slimebound:RejuvenatingLick+1","Slimebound:HauntingLick+1","Slimebound:RainOfGoop+1","Slimebound:Repurpose+1","Slimebound:SplitMire+1","Slimebound:SelfFormingGoo+1","Slimebound:GoopSpray+1","Slimebound:SlimeTap+1","Slimebound:TongueLash","Slimebound:ServeAndProtect+1","Slimebound:Prepare+1","Slimebound:Nibble","Slimebound:SplitAcid+1","Slimebound:LivingWall+1","Slimebound:Replication+1","expansioncontent:Chronoboost","Slimebound:SplitMire+1","Slimebound:SelfFormingGoo","Slimebound:TongueLash"],"relics":["Slimebound:AbsorbEndCombat","Gambling Chip","HornCleat","Pear","Odd Mushroom","Toxic Egg 2","Singing Bowl","Nloth\u0027s Gift","SlaversCollar","Sundial","Meat on the Bone","Anchor","Toy Ornithopter"],"acts_visited":["Exordium","TheCity","TheBeyond"],"potions_floor_usage":[11,16,16,26,33,33,43,47,49,50,50],"damage_taken":[{"damage":6,"enemies":"Jaw Worm","floor":2,"turns":4},{"damage":9,"enemies":"Small Slimes","floor":3,"turns":5},{"damage":53,"enemies":"Gremlin Nob","floor":5,"turns":5},{"damage":0,"enemies":"Cultist","floor":6,"turns":3},{"damage":0,"enemies":"Large Slime","floor":9,"turns":4},{"damage":15,"enemies":"3 Louse","floor":10,"turns":3},{"damage":20,"enemies":"Gremlin Nob","floor":11,"turns":4},{"damage":0,"enemies":"downfall:FleeingMerchant","floor":13,"turns":4},{"damage":0,"enemies":"The Mushroom Lair","floor":14,"turns":5},{"damage":2,"enemies":"Exordium Thugs","floor":15,"turns":4},{"damage":28,"enemies":"WA_ARCHETYPE_RETAIN","floor":16,"turns":6},{"damage":4,"enemies":"Shell Parasite","floor":19,"turns":5},{"damage":12,"enemies":"Centurion and Healer","floor":21,"turns":6},{"damage":31,"enemies":"Book of Stabbing","floor":25,"turns":6},{"damage":21,"enemies":"Cultist and Chosen","floor":26,"turns":5},{"damage":0,"enemies":"Snecko","floor":27,"turns":5},{"damage":0,"enemies":"Snake Plant","floor":30,"turns":3},{"damage":0,"enemies":"Cultist and Chosen","floor":31,"turns":5},{"damage":8,"enemies":"Shelled Parasite and Fungi","floor":32,"turns":5},{"damage":20,"enemies":"IC_MUSHROOM_ARCHETYPE","floor":33,"turns":5},{"damage":7,"enemies":"3 Shapes","floor":36,"turns":4},{"damage":8,"enemies":"3 Darklings","floor":38,"turns":6},{"damage":30,"enemies":"Maw","floor":39,"turns":8},{"damage":37,"enemies":"Giant Head","floor":42,"turns":6},{"damage":0,"enemies":"downfall:FleeingMerchant","floor":43,"turns":4},{"damage":0,"enemies":"Sphere and 2 Shapes","floor":44,"turns":3},{"damage":4,"enemies":"Reptomancer","floor":45,"turns":6},{"damage":33,"enemies":"Transient","floor":47,"turns":5},{"damage":34,"enemies":"Spire Growth","floor":48,"turns":6},{"damage":13,"enemies":"Sphere and 2 Shapes","floor":49,"turns":9},{"damage":74,"enemies":"DF_ARCHETYPE_ORBS","floor":50,"turns":6}],"seed_played":"1112844833627976212","potions_obtained":[{"floor":6,"key":"Energy Potion"},{"floor":10,"key":"Regen Potion"},{"floor":14,"key":"Swift Potion"},{"floor":15,"key":"Weak Potion"},{"floor":16,"key":"Explosive Potion"},{"floor":17,"key":"Slimebound:SpawnSlimePotion"},{"floor":30,"key":"PowerPotion"},{"floor":38,"key":"SpeedPotion"},{"floor":45,"key":"Regen Potion"},{"floor":48,"key":"EssenceOfSteel"},{"floor":49,"key":"DistilledChaos"}],"is_trial":false,"path_per_floor":["R","M","M","?","?","M","T","R","M","M","E","R","$","?","M","B",null,"R","M","?","M","?","R","T","E","M","M","?","R","M","M","M","B",null,"R","M","?","M","M","?","T","E","$","M","E","?","M","M","M","B"],"character_chosen":"SLIMEBOUND","items_purchased":["expansioncontent:QuickStudy","Slimebound:Nibble","Anchor","Slimebound:SplitAcid+1"],"campfire_rested":1,"item_purchase_floors":[13,43,43,43],"current_hp_per_floor":[65,61,55,55,7,10,10,29,32,20,23,23,26,31,31,8,80,80,78,78,70,70,70,70,43,31,33,33,33,36,41,39,29,84,84,78,78,74,51,51,51,23,40,49,51,51,41,20,41,0,0,0],"gold":383,"neow_bonus":"RANDOM_COLORLESS","is_daily":false,"chose_seed":false,"campfire_upgraded":6,"win_rate":0.0,"timestamp":1610959463,"path_taken":["R","M","M","?","?","M","T","R","M","M","E","R","$","?","M","BOSS","R","M","?","?","?","R","T","E","M","M","?","R","?","?","M","BOSS","R","M","?","M","?","?","T","E","$","?","E","?","M","M","M","BOSS"],"items_purchased_type":["Card","Card","Relic","Card"],"build_version":"2020-12-22","purchased_purges":2,"victory":false,"max_hp_per_floor":[65,65,65,65,65,65,65,65,65,65,75,75,75,75,75,75,80,80,80,80,80,80,80,80,80,82,82,82,82,82,82,82,84,84,84,84,84,84,84,84,84,84,84,84,84,84,84,84,84,84,84,84],"card_choices":[{"not_picked":["Panacea","Swift Strike"],"picked":"Deep Breath","floor":0},{"not_picked":["Slimebound:GoopTackle","Slimebound:SplitBruiser"],"picked":"Slimebound:SplitMire","floor":2},{"not_picked":["Slimebound:ItLooksTasty","Slimebound:LivingWall"],"picked":"Slimebound:Schlurp","floor":3},{"not_picked":["Slimebound:FlameTackle","Slimebound:CheckThePlaybook"],"picked":"Slimebound:HauntingLick","floor":5},{"not_picked":["Slimebound:SlimeBrawl","Slimebound:LeechEnergy"],"picked":"Slimebound:SplitMire","floor":6},{"not_picked":["Slimebound:DisruptingSlam","Slimebound:SlimeSpikes"],"picked":"Slimebound:Schlurp","floor":9},{"not_picked":["Slimebound:GrowthPunch","Slimebound:Schlurp"],"picked":"Slimebound:RejuvenatingLick","floor":10},{"not_picked":["Slimebound:ItLooksTasty","Slimebound:Schlurp"],"picked":"Slimebound:Repurpose","floor":11},{"not_picked":["Slimebound:MinionMaster","Slimebound:SplitLeeching"],"picked":"Slimebound:LivingWall","floor":13},{"not_picked":["Slimebound:DisruptingSlam","Slimebound:PressTheAttack"],"picked":"Slimebound:Grow","floor":14},{"not_picked":["Slimebound:HauntingLick","Slimebound:SamplingLick"],"picked":"Slimebound:GoopSpray","floor":15},{"not_picked":["Slimebound:Teamwork","Slimebound:CheckThePlaybook"],"picked":"Slimebound:OneTwoCombo","floor":16},{"not_picked":["Slimebound:LeechEnergy","Slimebound:FinishingTackle"],"picked":"Slimebound:AcidTongue","floor":19},{"not_picked":["Slimebound:LeechingTouch","Slimebound:SplitLeeching"],"picked":"Slimebound:RejuvenatingLick+1","floor":21},{"not_picked":["Slimebound:BestDefense","Slimebound:MegaLick+1"],"picked":"Slimebound:HauntingLick+1","floor":25},{"not_picked":["Slimebound:SlimeSpikes+1","Slimebound:PressTheAttack","Slimebound:ForwardTackle+1"],"picked":"Singing Bowl","floor":26},{"not_picked":["Slimebound:PressTheAttack","Slimebound:SplitAcid+1"],"picked":"Slimebound:RainOfGoop+1","floor":27},{"not_picked":["Slimebound:MinionMaster","Slimebound:FinishingTackle"],"picked":"Slimebound:Repurpose+1","floor":30},{"not_picked":["Slimebound:ForwardTackle+1","Slimebound:LeechEnergy"],"picked":"Slimebound:SplitMire+1","floor":31},{"not_picked":["Slimebound:RollThrough","Slimebound:FinishingTackle"],"picked":"Slimebound:SelfFormingGoo","floor":32},{"not_picked":["Slimebound:RallyTheTroops","Slimebound:PrepareCrush+1","Slimebound:Overexert"],"picked":"Singing Bowl","floor":33},{"not_picked":["Slimebound:SpikyOuterGoop","Slimebound:HauntingLick+1"],"picked":"Slimebound:GoopSpray+1","floor":36},{"not_picked":["Slimebound:DivideAndConquer+1","Slimebound:BestDefense"],"picked":"Slimebound:SlimeTap+1","floor":38},{"not_picked":["Slimebound:ComboTackle","Slimebound:SlimeSlap"],"picked":"Slimebound:TongueLash","floor":39},{"not_picked":["Slimebound:DouseInSlime+1","Slimebound:RollThrough+1"],"picked":"Slimebound:ServeAndProtect+1","floor":42},{"not_picked":["Slimebound:MinionMaster","Slimebound:SlimeSpikes+1"],"picked":"Slimebound:Prepare+1","floor":43},{"not_picked":["Slimebound:LeechingTouch","Slimebound:FormOfPuddle+1"],"picked":"Slimebound:LivingWall+1","floor":44},{"not_picked":["Slimebound:HauntingLick+1","Slimebound:FinishingTackle"],"picked":"Slimebound:Replication+1","floor":45},{"not_picked":["expansioncontent:GuardianWhirl","expansioncontent:AwakenDeath"],"picked":"expansioncontent:Chronoboost","floor":46},{"not_picked":["Slimebound:RollThrough+1","Slimebound:SpikyOuterGoop+1"],"picked":"Slimebound:SplitMire+1","floor":47},{"not_picked":["Slimebound:LeadByExample","Slimebound:SpikyOuterGoop+1"],"picked":"Slimebound:SelfFormingGoo","floor":48},{"not_picked":["Slimebound:Prepare+1","Slimebound:RollThrough"],"picked":"Slimebound:TongueLash","floor":49}],"player_experience":341244,"relics_obtained":[{"floor":5,"key":"Gambling Chip"},{"floor":7,"key":"HornCleat"},{"floor":11,"key":"Pear"},{"floor":14,"key":"Odd Mushroom"},{"floor":24,"key":"Toxic Egg 2"},{"floor":25,"key":"Singing Bowl"},{"floor":41,"key":"Sundial"},{"floor":42,"key":"Meat on the Bone"},{"floor":45,"key":"Toy Ornithopter"}],"event_choices":[{"damage_healed":0,"gold_gain":0,"player_choice":"Fought Mushrooms","damage_taken":0,"max_hp_gain":0,"max_hp_loss":0,"event_name":"Mushrooms","floor":14,"gold_loss":0},{"damage_healed":0,"gold_gain":0,"player_choice":"Got Potions","damage_taken":0,"max_hp_gain":0,"max_hp_loss":0,"event_name":"Lab","floor":20,"gold_loss":0},{"damage_healed":0,"gold_gain":0,"player_choice":"Ignored","damage_taken":0,"max_hp_gain":0,"max_hp_loss":0,"event_name":"Vampires","floor":22,"gold_loss":0}],"is_beta":false,"boss_relics":[{"not_picked":["Slimebound:TarBlob","Runic Dome"],"picked":"Tiny House"},{"not_picked":["Busted Crown","Coffee Dripper"],"picked":"SlaversCollar"}],"items_purged_floors":[13,43],"is_endless":false,"potions_floor_spawned":[6,10,14,15,16,25,30,31,38,45,48,49],"killed_by":"DF_ARCHETYPE_ORBS","ascension_level":1}}