{"host":"ookn8x5nzyv9pfyh","time":1610971639,"event":{"mods":["AchievementEnabler","BaseMod","Highlight Path","Hubris","Minty Spire (QoL Compilation)","Replay The Spire","StSLib","vexMod"],"gold_per_floor":[116,116,133,133,133,169,169,205,258,258,258,258,314,314,314,340,340,474,474,484,484],"floor_reached":20,"language":"ZHS","playtime":706,"items_purged":[],"score":243,"play_id":"efb4e62c-66fb-4965-a347-caf91c8abad3","local_time":"20210118200719","is_ascension_mode":true,"campfire_choices":[{"data":"Barricade","floor":7.0,"key":"SMITH"},{"data":"Inflame","floor":7.0,"key":"SMITH"},{"data":"Flame Barrier","floor":12,"key":"SMITH"},{"data":"Heavy Blade","floor":12,"key":"SMITH"},{"data":"ReplayTheSpireMod:Muscle Training","floor":14,"key":"SMITH"},{"data":"Bash","floor":14,"key":"SMITH"}],"circlet_count":0,"master_deck":["Strike_R","Strike_R","Strike_R","Strike_R","Defend_R","Defend_R","Defend_R","Defend_R","Bash+1","Inflame+1","Heavy Blade+1","Barricade+1","Flame Barrier+1","hubris:NaturalOne","ReplayTheSpireMod:Muscle Training+1","Sword Boomerang","Eclipse"],"relics":["Burning Blood","NeowsBlessing","hubris:Icosahedron","Golden Idol","Replay:Arrowhead","Chameleon Ring","Bag of Preparation","Replay:Bandana","TungstenRod","Replay:Rubber Ducky","Replay:Drink Me"],"acts_visited":["Exordium","TheCity"],"potions_floor_usage":[8,18,18,18],"damage_taken":[{"damage":0.0,"enemies":"2 Louse","floor":1.0,"turns":1.0},{"damage":0.0,"enemies":"Jaw Worm","floor":3.0,"turns":1.0},{"damage":0.0,"enemies":"3 Sentries","floor":6.0,"turns":2.0},{"damage":32,"enemies":"Gremlin Nob","floor":8,"turns":4},{"damage":18,"enemies":"Replay:BlueRogue","floor":13,"turns":6},{"damage":3,"enemies":"Small Slimes","floor":16,"turns":4},{"damage":69,"enemies":"Slime Boss","floor":18,"turns":11},{"damage":60,"enemies":"Shell Parasite","floor":20,"turns":5}],"seed_played":"5848930525360304230","potions_obtained":[{"floor":1.0,"key":"SneckoOil"},{"floor":3.0,"key":"Regen Potion"},{"floor":17,"key":"DistilledChaos"},{"floor":17,"key":"SneckoOil"},{"floor":18,"key":"GamblersBrew"}],"is_trial":false,"path_per_floor":["M","?","M","?","T","E","R","E","T","PTL","PTL","R","E","R","?","M","R","B",null,"M"],"character_chosen":"IRONCLAD","items_purchased":[],"campfire_rested":0,"item_purchase_floors":[],"current_hp_per_floor":[80,80,80,80,80,80,80,54,54,54,54,54,42,42,42,45,45,10,60,0,0],"gold":484,"neow_bonus":"THREE_ENEMY_KILL","is_daily":false,"chose_seed":false,"campfire_upgraded":6,"win_rate":0.0,"timestamp":1610971639,"path_taken":["M","?","M","?","?","E","R","E","T","PTL","PTL","R","E","R","?","?","R","BOSS","M"],"items_purchased_type":[],"build_version":"2020-12-22","purchased_purges":0,"victory":false,"max_hp_per_floor":[80,80,80,80,80,80,80,80,80,80,80,80,80,80,80,80,80,80,60,60,60],"card_choices":[{"not_picked":["Warcry","Twin Strike"],"picked":"Inflame","floor":1.0},{"not_picked":["Run Through","Headbutt"],"picked":"Heavy Blade","floor":3.0},{"not_picked":["Wild Strike","Feel No Pain"],"picked":"Barricade","floor":6.0},{"not_picked":["Clothesline","Thunderclap"],"picked":"Flame Barrier","floor":8},{"not_picked":["Headbutt","Immolate"],"picked":"ReplayTheSpireMod:Muscle Training","floor":13},{"not_picked":["Disarm","Iron Wave"],"picked":"Sword Boomerang","floor":16},{"not_picked":["Double Tap","Replay:Many Hands"],"picked":"Eclipse","floor":18}],"player_experience":27357,"relics_obtained":[{"floor":5.0,"key":"Replay:Arrowhead"},{"floor":6.0,"key":"Chameleon Ring"},{"floor":8,"key":"Bag of Preparation"},{"floor":9,"key":"Replay:Bandana"},{"floor":13,"key":"TungstenRod"}],"event_choices":[{"damage_healed":0.0,"max_hp_gain":0.0,"max_hp_loss":0.0,"gold_gain":0.0,"event_name":"Golden Idol","player_choice":"Take Wound","floor":4.0,"gold_loss":0.0,"damage_taken":0.0,"relics_obtained":["Golden Idol"],"cards_obtained":["Injury"]},{"damage_healed":0,"gold_gain":0,"player_choice":"Box","damage_taken":0,"relics_obtained":["Replay:Rubber Ducky"],"max_hp_gain":0,"max_hp_loss":0,"event_name":"Big Fish","floor":15,"gold_loss":0,"cards_obtained":["Regret"]}],"is_beta":false,"boss_relics":[{"not_picked":["Velvet Choker","Runic Pyramid"],"picked":"Replay:Drink Me"}],"items_purged_floors":[],"is_endless":false,"potions_floor_spawned":[1,3,18],"killed_by":"Shell Parasite","ascension_level":3}}