{"host":"bq4pt811tk9yrmjl","time":1610932919,"event":{"mods":["AchievementEnabler","BaseMod","Colored Map","Colored Powertips","Defuse TimeMaze Blight","Hermit","Minty Spire (QoL Compilation)","StSLib","SuperFastMode"],"gold_per_floor":[112,112,0,10,10,10,10,37,37,50,50,50,69,125,125,224,224,241,10,10,10,30,30,43,77,128,140,152,164,14,14,14,114,114,128,128,138,138,188,188,201,201,226,49,61,61,61,61,61,61,61,61,11,11,11],"floor_reached":54,"language":"ENG","playtime":854,"items_purged":[],"score":706,"play_id":"38e1bf0a-bdbf-48df-96c8-4f1468c17fe0","local_time":"20210117232159","is_ascension_mode":true,"campfire_choices":[{"data":"Defragment","floor":6.0,"key":"SMITH"},{"data":"Zap","floor":11.0,"key":"SMITH"},{"data":"Dualcast","floor":15.0,"key":"SMITH"},{"data":"Electrodynamics","floor":23.0,"key":"SMITH"},{"data":"Ball Lightning","floor":29.0,"key":"SMITH"},{"data":"Apotheosis","floor":32,"key":"SMITH"},{"floor":40,"key":"REST"},{"floor":42,"key":"RECALL"},{"data":"Echo Form","floor":47,"key":"SMITH"},{"floor":49,"key":"REST"},{"data":"Conserve Battery","floor":52,"key":"SMITH"}],"circlet_count":0,"master_deck":["Strike_B","Strike_B","Defend_B","Defend_B","Defend_B","Defend_B","Zap+1","Dualcast+1","Ball Lightning+1","Defragment+1","Melter","Electrodynamics+1","Conserve Battery+1","Stack+1","Apotheosis+1","Echo Form+1","Ball Lightning+1","Consume+1"],"relics":["Cracked Core","NeowsBlessing","HornCleat","Thread and Needle","Inserter","ClockworkSouvenir","Ornamental Fan","MawBank","Empty Cage","Pocketwatch","Bronze Scales"],"acts_visited":["Exordium","TheCity","TheBeyond","TheEnding"],"potions_floor_usage":[33,35,44,45,48,50],"damage_taken":[{"damage":0.0,"enemies":"2 Louse","floor":1.0,"turns":1.0},{"damage":0.0,"enemies":"Cultist","floor":4.0,"turns":1.0},{"damage":0.0,"enemies":"Gremlin Nob","floor":8.0,"turns":1.0},{"damage":2.0,"enemies":"Small Slimes","floor":10.0,"turns":2.0},{"damage":1.0,"enemies":"Looter","floor":13.0,"turns":2.0},{"damage":49.0,"enemies":"Slime Boss","floor":16.0,"turns":8.0},{"damage":0.0,"enemies":"3 Byrds","floor":18.0,"turns":2.0},{"damage":0.0,"enemies":"Spheric Guardian","floor":22.0,"turns":2.0},{"damage":5.0,"enemies":"Snake Plant","floor":24.0,"turns":4.0},{"damage":28.0,"enemies":"Slavers","floor":25.0,"turns":4.0},{"damage":25,"enemies":"Collector","floor":33,"turns":9},{"damage":7,"enemies":"Orb Walker","floor":35,"turns":3},{"damage":4,"enemies":"3 Darklings","floor":37,"turns":3},{"damage":14,"enemies":"Mind Bloom Boss Battle","floor":39,"turns":7},{"damage":0,"enemies":"Maw","floor":41,"turns":7},{"damage":20,"enemies":"Jaw Worm Horde","floor":45,"turns":2},{"damage":0,"enemies":"Spire Growth","floor":48,"turns":1},{"damage":59,"enemies":"Time Eater","floor":50,"turns":12},{"damage":22,"enemies":"Shield and Spear","floor":54,"turns":3}],"seed_played":"-504629172813766579","potions_obtained":[{"floor":1.0,"key":"LiquidMemories"},{"floor":8.0,"key":"SpeedPotion"},{"floor":16.0,"key":"Block Potion"},{"floor":20.0,"key":"Strength Potion"},{"floor":33,"key":"AttackPotion"},{"floor":35,"key":"SmokeBomb"},{"floor":41,"key":"SteroidPotion"},{"floor":45,"key":"SkillPotion"}],"is_trial":false,"path_per_floor":["M","?","$","M","$","R","?","E","T","M","R","T","M","?","R","B",null,"M","$","?","$","M","R","M","E","T","$","?","R","$","?","R","B",null,"M","?","M","?","?","R","M","R","T","$","M","?","R","M","R","B",null,"R","$","E"],"character_chosen":"DEFECT","items_purchased":["Defragment","Melter","ClockworkSouvenir","Regen Potion","Apotheosis","Fruit Juice","DistilledChaos","Weak Potion"],"campfire_rested":2,"item_purchase_floors":[3,3,19,19,30,44,44,53],"current_hp_per_floor":[75,75,75,75,75,75,80,80,80,78,78,78,77,77,77,28,80,80,80,80,80,80,80,75,47,47,47,73,73,73,73,73,48,80,73,73,69,69,55,79,79,79,79,84,64,64,64,64,85,26,85,85,85,63,63],"gold":11,"neow_bonus":"THREE_ENEMY_KILL","is_daily":false,"chose_seed":false,"campfire_upgraded":8,"win_rate":0.0,"timestamp":1610932919,"path_taken":["M","?","$","M","?","R","?","E","T","M","R","?","M","?","R","BOSS","M","$","?","?","M","R","M","E","T","$","?","R","?","?","R","BOSS","M","?","M","?","?","R","M","R","T","$","?","?","R","M","R","BOSS","R","$","E"],"items_purchased_type":["Card","Card","Relic","Potion","Card","Potion","Potion","Potion"],"build_version":"2020-12-22","purchased_purges":0,"victory":false,"max_hp_per_floor":[75,75,75,75,75,75,80,80,80,80,80,80,80,80,80,80,80,80,80,80,80,80,80,80,80,80,80,80,80,80,80,80,80,80,80,80,80,80,80,80,80,80,80,85,85,85,85,85,85,85,85,85,85,85,85],"card_choices":[{"not_picked":["Lockon","Leap"],"picked":"Ball Lightning","floor":1.0},{"not_picked":["Compile Driver","Chill","Blizzard"],"picked":"SKIP","floor":4.0},{"not_picked":["Force Field","Beam Cell","Genetic Algorithm"],"picked":"SKIP","floor":8.0},{"not_picked":["Capacitor","Hello World","Gash"],"picked":"SKIP","floor":10.0},{"not_picked":["Sweeping Beam","Scrape","Leap"],"picked":"SKIP","floor":13.0},{"not_picked":["All For One","Biased Cognition"],"picked":"Electrodynamics","floor":16.0},{"not_picked":["Melter","Sweeping Beam+1"],"picked":"Conserve Battery","floor":18.0},{"not_picked":["Turbo+1","Hologram"],"picked":"Stack+1","floor":22.0},{"not_picked":["Chill+1","Compile Driver","Go for the Eyes"],"picked":"SKIP","floor":24.0},{"not_picked":["Double Energy","Rainbow"],"picked":"Melter+1","floor":25.0},{"not_picked":["All For One","Amplify"],"picked":"Echo Form","floor":33},{"not_picked":["Consume+1","Turbo+1"],"picked":"Ball Lightning+1","floor":35},{"not_picked":["Gash+1","Ball Lightning","Streamline+1"],"picked":"SKIP","floor":37},{"not_picked":["Consume+1","Streamline","BootSequence"],"picked":"SKIP","floor":41},{"not_picked":["Streamline","BootSequence"],"picked":"Consume+1","floor":41},{"not_picked":["Defragment","Steam Power+1","Compile Driver+1"],"picked":"SKIP","floor":45}],"player_experience":177357,"relics_obtained":[{"floor":8.0,"key":"HornCleat"},{"floor":12.0,"key":"Thread and Needle"},{"floor":25.0,"key":"Ornamental Fan"},{"floor":26.0,"key":"MawBank"},{"floor":39,"key":"Pocketwatch"},{"floor":43,"key":"Bronze Scales"}],"event_choices":[{"damage_healed":0.0,"max_hp_gain":0.0,"max_hp_loss":0.0,"gold_gain":0.0,"event_name":"The Woman in Blue","player_choice":"Bought 0 Potions","floor":2.0,"gold_loss":0.0,"damage_taken":0.0},{"damage_healed":0.0,"max_hp_gain":5.0,"max_hp_loss":0.0,"gold_gain":0.0,"event_name":"Big Fish","player_choice":"Donut","floor":7.0,"gold_loss":0.0,"damage_taken":0.0},{"damage_healed":0.0,"max_hp_gain":0.0,"max_hp_loss":0.0,"gold_gain":56.0,"event_name":"Golden Wing","player_choice":"Gained Gold","floor":14.0,"gold_loss":0.0,"damage_taken":0.0},{"damage_healed":0.0,"max_hp_gain":0.0,"max_hp_loss":0.0,"gold_gain":0.0,"event_name":"Lab","player_choice":"Got Potions","floor":20.0,"gold_loss":0.0,"damage_taken":0.0},{"damage_healed":26.0,"max_hp_gain":0.0,"max_hp_loss":0.0,"gold_gain":0.0,"event_name":"The Library","player_choice":"Heal","floor":28.0,"gold_loss":0.0,"damage_taken":0.0},{"damage_healed":0,"gold_gain":0,"player_choice":"Ignored","damage_taken":0,"max_hp_gain":0,"max_hp_loss":0,"event_name":"Cursed Tome","floor":31,"gold_loss":0},{"cards_removed":["Melter"],"damage_healed":0,"gold_gain":0,"player_choice":"Removed Attack","damage_taken":0,"max_hp_gain":0,"max_hp_loss":0,"event_name":"Falling","floor":36,"gold_loss":0},{"damage_healed":0,"gold_gain":0,"player_choice":"Ignored","damage_taken":0,"max_hp_gain":0,"max_hp_loss":0,"event_name":"Mysterious Sphere","floor":38,"gold_loss":0},{"damage_healed":0,"gold_gain":0,"player_choice":"Fight","damage_taken":0,"max_hp_gain":0,"max_hp_loss":0,"event_name":"MindBloom","floor":39,"gold_loss":0},{"damage_healed":0,"gold_gain":0,"player_choice":"Memory 1","damage_taken":0,"max_hp_gain":0,"max_hp_loss":0,"event_name":"SensoryStone","floor":46,"gold_loss":0}],"is_beta":false,"boss_relics":[{"not_picked":["Nuclear Battery","Pandora\u0027s Box"],"picked":"Inserter"},{"not_picked":["FrozenCore","Snecko Eye"],"picked":"Empty Cage"}],"items_purged_floors":[],"is_endless":false,"potions_floor_spawned":[1,8,16,24,33,35,41,45],"killed_by":"Shield and Spear","ascension_level":1}}