{"host":"yptvp0rjza9g9li7","time":1610979470,"event":{"mods":["AchievementEnabler","BaseMod","Colored Map","Colored Powertips","DeckTracker","Minty Spire (QoL Compilation)","SuperFastMode"],"gold_per_floor":[113,130,142,155,230,155,155,330,330,360,390,10,20,34,34,133,133,143,157,157,157],"floor_reached":20,"language":"KOR","playtime":774,"items_purged":["Strike_G"],"score":185,"play_id":"2b7af305-e817-4689-be12-82f302cd1808","local_time":"20210118231750","is_ascension_mode":true,"campfire_choices":[{"floor":7.0,"key":"REST"},{"floor":15.0,"key":"REST"}],"circlet_count":0,"master_deck":["Strike_G","Strike_G","Strike_G","Defend_G","Defend_G","Defend_G","Defend_G","Survivor","Neutralize","Outmaneuver","Dagger Throw","Blade Dance","Dodge and Roll","Calculated Gamble","Choke","Doubt","PiercingWail","Backflip","Tactician","Well Laid Plans","Poisoned Stab+1","Accuracy","Infinite Blades","Adrenaline","Cloak And Dagger","Blade Dance"],"relics":["Ring of the Snake","Molten Egg 2","Anchor","Ice Cream","Nunchaku","SlaversCollar"],"acts_visited":["Exordium","TheCity"],"potions_floor_usage":[],"damage_taken":[{"damage":9.0,"enemies":"Jaw Worm","floor":1.0,"turns":4.0},{"damage":7.0,"enemies":"2 Louse","floor":2.0,"turns":2.0},{"damage":7.0,"enemies":"Small Slimes","floor":3.0,"turns":3.0},{"damage":14.0,"enemies":"Blue Slaver","floor":4.0,"turns":4.0},{"damage":20.0,"enemies":"3 Sentries","floor":10.0,"turns":9.0},{"damage":0.0,"enemies":"Looter","floor":13.0,"turns":3.0},{"damage":0.0,"enemies":"2 Fungi Beasts","floor":14.0,"turns":2.0},{"damage":4.0,"enemies":"Hexaghost","floor":16.0,"turns":7.0},{"damage":34.0,"enemies":"3 Byrds","floor":18.0,"turns":5.0},{"damage":14.0,"enemies":"Spheric Guardian","floor":19.0,"turns":4.0},{"damage":16,"enemies":"Chosen and Byrds","floor":20,"turns":4}],"seed_played":"-1129560518505809657","potions_obtained":[{"floor":3.0,"key":"FearPotion"},{"floor":4.0,"key":"SmokeBomb"},{"floor":10.0,"key":"Poison Potion"},{"floor":16.0,"key":"Explosive Potion"},{"floor":19.0,"key":"DuplicationPotion"}],"is_trial":false,"path_per_floor":["M","M","M","M","?","$","R","?","T","E","?","$","M","M","R","B",null,"M","M","M"],"character_chosen":"THE_SILENT","items_purchased":["Backflip","Tactician","Well Laid Plans","Nunchaku","Poisoned Stab+1"],"campfire_rested":2,"item_purchase_floors":[12,12,12,12,12],"current_hp_per_floor":[54,47,40,26,15,15,33,33,33,13,13,13,13,13,31,27,63,29,15,0,0],"gold":157,"neow_bonus":"TRANSFORM_TWO_CARDS","is_daily":false,"chose_seed":false,"campfire_upgraded":0,"win_rate":0.0,"timestamp":1610979470,"path_taken":["M","M","M","M","?","$","R","?","T","E","?","$","M","M","R","BOSS","M","M","M"],"items_purchased_type":["Card","Card","Card","Relic","Card"],"build_version":"2020-12-22","purchased_purges":1,"victory":false,"max_hp_per_floor":[63,63,63,63,63,63,63,63,63,63,63,63,63,63,63,63,63,63,63,63,63],"card_choices":[{"not_picked":["PiercingWail","Finisher"],"picked":"Blade Dance","floor":1.0},{"not_picked":["Bane","Sucker Punch"],"picked":"Dodge and Roll","floor":2.0},{"not_picked":["Backstab","Prepared"],"picked":"Calculated Gamble","floor":3.0},{"not_picked":["Venomology","Bane"],"picked":"Choke","floor":4.0},{"not_picked":["Footwork","Slice+1"],"picked":"PiercingWail","floor":10.0},{"not_picked":["Backflip","Riddle With Holes+1"],"picked":"Accuracy","floor":13.0},{"not_picked":["PiercingWail","A Thousand Cuts"],"picked":"Infinite Blades","floor":14.0},{"not_picked":["Bullet Time","Tools of the Trade"],"picked":"Adrenaline","floor":16.0},{"not_picked":["Deadly Poison","Footwork"],"picked":"Cloak And Dagger","floor":18.0},{"not_picked":["Dagger Spray+1","Heel Hook+1"],"picked":"Blade Dance","floor":19.0}],"player_experience":207657,"relics_obtained":[{"floor":9.0,"key":"Molten Egg 2"},{"floor":10.0,"key":"Anchor"}],"event_choices":[{"damage_healed":0.0,"max_hp_gain":0.0,"max_hp_loss":0.0,"gold_gain":75.0,"event_name":"World of Goop","player_choice":"Gather Gold","floor":5.0,"gold_loss":0.0,"damage_taken":11.0},{"damage_healed":0.0,"max_hp_gain":0.0,"max_hp_loss":0.0,"gold_gain":175.0,"event_name":"Liars Game","player_choice":"AGREE","floor":8.0,"gold_loss":0.0,"damage_taken":0.0,"cards_obtained":["Doubt"]},{"damage_healed":0.0,"max_hp_gain":0.0,"max_hp_loss":0.0,"gold_gain":30.0,"event_name":"Dead Adventurer","player_choice":"Searched \u00272\u0027 times","floor":11.0,"gold_loss":0.0,"damage_taken":0.0,"relics_obtained":["Ice Cream"]},{"damage_healed":0.0,"max_hp_gain":0.0,"max_hp_loss":0.0,"gold_gain":30.0,"event_name":"Dead Adventurer","player_choice":"Searched \u00272\u0027 times","floor":11.0,"gold_loss":0.0,"damage_taken":0.0,"relics_obtained":["Ice Cream"]}],"is_beta":false,"boss_relics":[{"not_picked":["SacredBark","Coffee Dripper"],"picked":"SlaversCollar"}],"items_purged_floors":[6],"is_endless":false,"potions_floor_spawned":[3,4,10,16,19],"killed_by":"Chosen and Byrds","ascension_level":1}}