{"host":"ebj6lkgm8suah319","time":1610993165,"event":{"mods":["2.2 Compatiblity","AchievementEnabler","BaseMod","Block Reminder","Colored Map","Colored Powertips","Minty Spire (QoL Compilation)","Quick Restart","Rare Cards Sparkle","Relic Stats","SuperFastMode"],"gold_per_floor":[362,379,36,36,36,36,70,19,19,34,34,34,49,82,82,213,213,232,257,257,257,4,4,32,59,59,78,89,89,118,134,134,236,236,253,253,272,287,306,306,306,334,359,359,390,390,406,426,426,426,426],"floor_reached":50,"language":"ENG","playtime":2048,"items_purged":["Injury","Writhe"],"score":738,"play_id":"0ca0a2bf-32ba-49f9-b977-9b245d7056dd","local_time":"20210118130605","is_ascension_mode":true,"campfire_choices":[{"data":"Uppercut","floor":6.0,"key":"SMITH"},{"data":"True Grit","floor":11.0,"key":"SMITH"},{"data":"Double Tap","floor":15.0,"key":"SMITH"},{"floor":23,"key":"REST"},{"floor":29,"key":"REST"},{"floor":32,"key":"REST"},{"floor":40,"key":"REST"},{"floor":44,"key":"REST"},{"floor":46,"key":"REST"},{"floor":49,"key":"REST"}],"circlet_count":0,"master_deck":["Strike_R","Strike_R","Strike_R","Defend_R","Defend_R","Defend_R+1","Bash","Cleave","Anger","Uppercut+1","Blood for Blood","True Grit+1","Dark Embrace","Feel No Pain","Double Tap+1","Offering+1","Pommel Strike","Feed","Fiend Fire","Shrug It Off","Limit Break+1","Warcry+1","Pommel Strike","Impervious+1","Shrug It Off+1","Limit Break+1","Havoc+1","Warcry+1","Flame Barrier+1","Feel No Pain+1","Shrug It Off+1","Burning Pact+1","Exhume+1","Flex+1"],"relics":["Burning Blood","Vajra","Centennial Puzzle","Question Card","Bloody Idol","Letter Opener","Fusion Hammer","Potion Belt","Dream Catcher","Red Mask","InkBottle","Toxic Egg 2","Black Star","War Paint","Mercury Hourglass","Omamori","Blue Candle","Juzu Bracelet"],"acts_visited":["Exordium","TheCity","TheBeyond"],"potions_floor_usage":[16,16,24,27,30,33,38,42,50,50,50],"damage_taken":[{"damage":11.0,"enemies":"Jaw Worm","floor":1.0,"turns":5.0},{"damage":8.0,"enemies":"Small Slimes","floor":2.0,"turns":3.0},{"damage":15.0,"enemies":"Lagavulin","floor":7.0,"turns":5.0},{"damage":0.0,"enemies":"Cultist","floor":10.0,"turns":2.0},{"damage":1.0,"enemies":"Looter","floor":13.0,"turns":3.0},{"damage":13.0,"enemies":"3 Sentries","floor":14.0,"turns":7.0},{"damage":42,"enemies":"The Guardian","floor":16,"turns":13},{"damage":12,"enemies":"3 Byrds","floor":18,"turns":3},{"damage":19,"enemies":"Spheric Guardian","floor":19,"turns":4},{"damage":24,"enemies":"Gremlin Leader","floor":24,"turns":5},{"damage":18,"enemies":"Masked Bandits","floor":25,"turns":2},{"damage":3,"enemies":"Chosen and Byrds","floor":27,"turns":4},{"damage":6,"enemies":"Centurion and Healer","floor":28,"turns":3},{"damage":20,"enemies":"Slavers","floor":30,"turns":3},{"damage":7,"enemies":"Shelled Parasite and Fungi","floor":31,"turns":3},{"damage":77,"enemies":"Automaton","floor":33,"turns":10},{"damage":38,"enemies":"3 Darklings","floor":35,"turns":13},{"damage":8,"enemies":"Orb Walker","floor":37,"turns":5},{"damage":32,"enemies":"Transient","floor":38,"turns":5},{"damage":22,"enemies":"4 Shapes","floor":39,"turns":11},{"damage":36,"enemies":"Reptomancer","floor":42,"turns":7},{"damage":39,"enemies":"Giant Head","floor":45,"turns":8},{"damage":6,"enemies":"Maw","floor":47,"turns":8},{"damage":16,"enemies":"3 Darklings","floor":48,"turns":4},{"damage":106,"enemies":"Time Eater","floor":50,"turns":10}],"seed_played":"6230785407655451792","potions_obtained":[{"floor":1.0,"key":"BlessingOfTheForge"},{"floor":7.0,"key":"LiquidBronze"},{"floor":10.0,"key":"SpeedPotion"},{"floor":13.0,"key":"Fire Potion"},{"floor":14.0,"key":"Fruit Juice"},{"floor":19,"key":"Block Potion"},{"floor":28,"key":"AttackPotion"},{"floor":30,"key":"FearPotion"},{"floor":31,"key":"FearPotion"},{"floor":37,"key":"Weak Potion"},{"floor":39,"key":"SpeedPotion"},{"floor":47,"key":"Ancient Potion"},{"floor":48,"key":"Dexterity Potion"}],"is_trial":false,"path_per_floor":["M","M","$","?","?","R","E","$","T","M","R","?","M","E","R","B",null,"M","M","?","?","$","R","E","?","T","M","M","R","E","M","R","B",null,"M","?","M","M","M","R","?","E","T","R","E","R","M","M","R","B"],"character_chosen":"IRONCLAD","items_purchased":["Vajra","Uppercut","AttackPotion","True Grit","Feed"],"campfire_rested":7,"item_purchase_floors":[3,3,3,8,22],"current_hp_per_floor":[75,73,73,73,66,66,57,57,57,63,63,63,68,61,61,30,67,61,48,48,48,48,71,61,57,57,68,73,88,82,89,94,31,81,57,57,60,39,31,61,61,39,44,75,47,78,83,78,106,0,0],"gold":426,"neow_bonus":"TWO_FIFTY_GOLD","is_daily":false,"chose_seed":false,"campfire_upgraded":3,"win_rate":0.0,"timestamp":1610993165,"path_taken":["M","M","$","?","?","R","E","?","T","?","R","?","M","E","R","BOSS","M","M","?","?","$","R","E","?","T","M","M","R","E","M","R","BOSS","M","?","M","M","?","R","?","E","T","R","E","R","M","M","R","BOSS"],"items_purchased_type":["Relic","Card","Potion","Card","Card"],"build_version":"2020-12-22","purchased_purges":2,"victory":false,"max_hp_per_floor":[80,80,80,80,80,80,80,80,80,80,80,74,74,74,74,79,79,79,79,79,79,79,79,82,85,85,88,88,88,91,94,94,97,97,100,100,100,100,103,103,103,106,106,106,106,106,106,106,106,106,106],"relic_stats":{"counters":[25,146],"Blue Candle":[0],"Juzu Bracelet":0,"Letter Opener":[221],"War Paint":["Defend_R","Offering"],"Question Card":27,"Burning Blood":144,"Mercury Hourglass":[93],"Centennial Puzzle":[63],"Dream Catcher":6,"Bloody Idol":80,"Black Star":2,"obtain_stats":[{"Potion Belt":20,"Golden Idol":12,"Blue Candle":45,"Vajra":3,"Omamori":43,"Juzu Bracelet":45,"Letter Opener":14,"War Paint":42,"Question Card":9,"Burning Blood":0,"Mercury Hourglass":42,"Centennial Puzzle":7,"Dream Catcher":24,"Bloody Idol":21,"Fusion Hammer":17,"Red Mask":25,"Black Star":34,"Toxic Egg 2":30,"InkBottle":26},{"Potion Belt":9,"Golden Idol":4,"Blue Candle":22,"Vajra":2,"Omamori":21,"Juzu Bracelet":22,"Letter Opener":6,"War Paint":21,"Question Card":3,"Burning Blood":0,"Mercury Hourglass":21,"Centennial Puzzle":3,"Dream Catcher":10,"Bloody Idol":9,"Fusion Hammer":7,"Red Mask":11,"Black Star":16,"Toxic Egg 2":14,"InkBottle":11},{"Potion Belt":45,"Golden Idol":15,"Blue Candle":124,"Vajra":8,"Omamori":116,"Juzu Bracelet":124,"Letter Opener":25,"War Paint":116,"Question Card":13,"Burning Blood":0,"Mercury Hourglass":116,"Centennial Puzzle":13,"Dream Catcher":50,"Bloody Idol":45,"Fusion Hammer":38,"Red Mask":52,"Black Star":75,"Toxic Egg 2":62,"InkBottle":52}],"InkBottle":[37]},"card_choices":[{"not_picked":["True Grit","Searing Blow"],"picked":"Cleave","floor":1.0},{"not_picked":["Bloodletting","Thunderclap"],"picked":"Anger","floor":2.0},{"not_picked":["Entrench","Rupture"],"picked":"Blood for Blood","floor":7.0},{"not_picked":["Clothesline","Blood for Blood","Sentinel"],"picked":"Dark Embrace","floor":10.0},{"not_picked":["Headbutt","Pommel Strike","Cleave"],"picked":"Feel No Pain","floor":13.0},{"not_picked":["True Grit","Power Through","Blood for Blood"],"picked":"Double Tap","floor":14.0},{"not_picked":["Brutality","Immolate","Barricade"],"picked":"Offering","floor":16},{"not_picked":["Headbutt","Twin Strike","Hemokinesis+1","Perfected Strike"],"picked":"SKIP","floor":18},{"not_picked":["Armaments","Uppercut","Thunderclap"],"picked":"Pommel Strike","floor":19},{"not_picked":["Body Slam+1","Anger+1","Ghostly Armor","Havoc"],"picked":"SKIP","floor":24},{"not_picked":["Armaments","Shrug It Off","Feel No Pain"],"picked":"Fiend Fire","floor":25},{"not_picked":["Havoc","Dark Embrace","Rupture"],"picked":"Shrug It Off","floor":27},{"not_picked":["Wild Strike","Body Slam","Flex+1","Anger"],"picked":"SKIP","floor":28},{"not_picked":["Iron Wave","Feed","Searing Blow"],"picked":"Limit Break+1","floor":30},{"not_picked":["Whirlwind+1","Dropkick+1","Ghostly Armor+1"],"picked":"Warcry+1","floor":31},{"not_picked":["Clothesline+1","Armaments+1","Perfected Strike"],"picked":"Pommel Strike","floor":32},{"not_picked":["Juggernaut","Berserk","Limit Break+1"],"picked":"Impervious+1","floor":33},{"not_picked":["Searing Blow","Havoc+1","Ghostly Armor+1"],"picked":"Shrug It Off+1","floor":35},{"not_picked":["Pummel","Intimidate+1","Armaments+1","Sword Boomerang"],"picked":"SKIP","floor":37},{"not_picked":["Havoc+1","Anger+1","Burning Pact+1"],"picked":"Limit Break+1","floor":38},{"not_picked":["Headbutt+1","Twin Strike+1","Clash"],"picked":"Havoc+1","floor":39},{"not_picked":["Anger+1","Carnage","Twin Strike"],"picked":"Warcry+1","floor":40},{"not_picked":["Exhume+1","Wild Strike","Cleave"],"picked":"Flame Barrier+1","floor":42},{"not_picked":["Iron Wave","Headbutt","Wild Strike+1"],"picked":"Feel No Pain+1","floor":44},{"not_picked":["Body Slam+1","Havoc+1","Pommel Strike"],"picked":"Shrug It Off+1","floor":45},{"not_picked":["Iron Wave","True Grit+1","Headbutt"],"picked":"Burning Pact+1","floor":46},{"not_picked":["Armaments+1","Clash","Headbutt+1"],"picked":"Exhume+1","floor":47},{"not_picked":["Havoc+1","Carnage","Armaments+1","Body Slam"],"picked":"SKIP","floor":48},{"not_picked":["Rupture","Body Slam+1","Heavy Blade"],"picked":"Flex+1","floor":49}],"player_experience":14384,"relics_obtained":[{"floor":7.0,"key":"Centennial Puzzle"},{"floor":9.0,"key":"Question Card"},{"floor":14.0,"key":"Letter Opener"},{"floor":24,"key":"Dream Catcher"},{"floor":25,"key":"Red Mask"},{"floor":26,"key":"InkBottle"},{"floor":30,"key":"Toxic Egg 2"},{"floor":42,"key":"War Paint"},{"floor":42,"key":"Mercury Hourglass"},{"floor":43,"key":"Omamori"},{"floor":45,"key":"Blue Candle"},{"floor":45,"key":"Juzu Bracelet"}],"event_choices":[{"damage_healed":0.0,"max_hp_gain":0.0,"max_hp_loss":0.0,"gold_gain":0.0,"event_name":"Liars Game","player_choice":"Ignored","floor":4.0,"gold_loss":0.0,"damage_taken":0.0},{"cards_removed":["Strike_R"],"damage_healed":0.0,"max_hp_gain":0.0,"max_hp_loss":0.0,"gold_gain":0.0,"event_name":"Golden Wing","player_choice":"Card Removal","floor":5.0,"gold_loss":0.0,"damage_taken":7.0},{"damage_healed":0.0,"max_hp_gain":0.0,"max_hp_loss":6.0,"gold_gain":0.0,"event_name":"Golden Idol","player_choice":"Lose Max HP","floor":12.0,"gold_loss":0.0,"damage_taken":0.0,"relics_obtained":["Golden Idol"]},{"damage_healed":0,"gold_gain":0,"player_choice":"Opened","damage_taken":0,"relics_obtained":["Potion Belt"],"max_hp_gain":0,"max_hp_loss":0,"event_name":"The Mausoleum","floor":20,"gold_loss":0,"cards_obtained":["Writhe"]},{"damage_healed":0,"gold_gain":0,"player_choice":"Gave Idol","damage_taken":0,"relics_obtained":["Bloody Idol"],"max_hp_gain":0,"max_hp_loss":0,"event_name":"Forgotten Altar","floor":21,"relics_lost":["Golden Idol"],"gold_loss":0},{"damage_healed":0,"gold_gain":0,"player_choice":"Fought Bandits","damage_taken":0,"max_hp_gain":0,"max_hp_loss":0,"event_name":"Masked Bandits","floor":25,"gold_loss":0},{"cards_removed":["Strike_R"],"damage_healed":0,"gold_gain":0,"player_choice":"Card Removal","damage_taken":0,"max_hp_gain":0,"max_hp_loss":0,"event_name":"Wheel of Change","floor":36,"gold_loss":0},{"cards_removed":["Defend_R"],"damage_healed":0,"gold_gain":0,"player_choice":"Removed Skill","damage_taken":0,"max_hp_gain":0,"max_hp_loss":0,"event_name":"Falling","floor":41,"gold_loss":0}],"is_beta":false,"boss_relics":[{"not_picked":["Runic Dome","Sozu"],"picked":"Fusion Hammer"},{"not_picked":["Philosopher\u0027s Stone","Tiny House"],"picked":"Black Star"}],"items_purged_floors":[3,22],"is_endless":false,"potions_floor_spawned":[1,7,10,13,14,19,28,30,31,37,39,47,48],"killed_by":"Time Eater","ascension_level":5}}