{"host":"7qoz5gmva6til3yp","time":1610934080,"event":{"mods":["AchievementEnabler","BaseMod","Minty Spire (QoL Compilation)","StSLib","SuperFastMode"],"gold_per_floor":[116,133,58,78,78,78,96,96,121,121,49,67,67,79,79,177,177,187,200,213,36,36,69,69,96,96,127,138,13,27,27,39,147,159,183,195,221,249,271,283,327,339,351,363,385,397,109,126,126,126],"floor_reached":51,"language":"KOR","playtime":2175,"items_purged":["Strike_P","Defend_P","EmptyMind+1","Strike_P+1"],"score":965,"play_id":"3e662782-0600-4d74-9e86-29e72677f480","local_time":"20210118104120","is_ascension_mode":true,"campfire_choices":[{"data":"Eruption","floor":6.0,"key":"SMITH"},{"floor":10.0,"key":"REST"},{"data":"Adaptation","floor":13.0,"key":"SMITH"},{"floor":15.0,"key":"REST"},{"floor":32,"key":"REST"},{"floor":40,"key":"REST"},{"floor":49,"key":"REST"}],"circlet_count":0,"master_deck":["Eruption+1","Vigilance+1","EmptyFist+1","Adaptation+1","LessonLearned+1","Halt+1","Collect+1","TalkToTheHand+1","ThirdEye+1","EmptyBody+1","SandsOfTime+1","InnerPeace+1","CutThroughFate+1","FearNoEvil+1","TalkToTheHand+1","Meditate","Tantrum","FlurryOfBlows+1"],"relics":["PureWater","Oddly Smooth Stone","Empty Cage","Bag of Preparation","Blue Candle","Ornamental Fan","MawBank","Calling Bell","Anchor","Gremlin Horn","Incense Burner","StrikeDummy"],"acts_visited":["Exordium","TheCity","TheBeyond"],"potions_floor_usage":[41,50],"damage_taken":[{"damage":9.0,"enemies":"Cultist","floor":1.0,"turns":5.0},{"damage":7.0,"enemies":"Jaw Worm","floor":2.0,"turns":3.0},{"damage":0.0,"enemies":"Small Slimes","floor":4.0,"turns":2.0},{"damage":18.0,"enemies":"Exordium Wildlife","floor":7.0,"turns":4.0},{"damage":6.0,"enemies":"Large Slime","floor":12.0,"turns":4.0},{"damage":0.0,"enemies":"Blue Slaver","floor":14.0,"turns":2.0},{"damage":17.0,"enemies":"Slime Boss","floor":16.0,"turns":7.0},{"damage":2.0,"enemies":"Shell Parasite","floor":18.0,"turns":6.0},{"damage":27.0,"enemies":"3 Byrds","floor":19.0,"turns":7.0},{"damage":18.0,"enemies":"Snecko","floor":20.0,"turns":6.0},{"damage":25.0,"enemies":"Slavers","floor":23.0,"turns":7.0},{"damage":0.0,"enemies":"Book of Stabbing","floor":25.0,"turns":3.0},{"damage":3.0,"enemies":"Slavers","floor":27.0,"turns":7.0},{"damage":2,"enemies":"Centurion and Healer","floor":28,"turns":5},{"damage":17,"enemies":"Cultist and Chosen","floor":30,"turns":5},{"damage":94,"enemies":"Collector","floor":33,"turns":10},{"damage":0,"enemies":"3 Shapes","floor":35,"turns":3},{"damage":1,"enemies":"3 Darklings","floor":37,"turns":4},{"damage":0,"enemies":"Spire Growth","floor":38,"turns":6},{"damage":12,"enemies":"4 Shapes","floor":39,"turns":4},{"damage":37,"enemies":"Reptomancer","floor":41,"turns":3},{"damage":0,"enemies":"3 Darklings","floor":45,"turns":3},{"damage":8,"enemies":"Spire Growth","floor":48,"turns":3},{"damage":28,"enemies":"Time Eater","floor":50,"turns":11}],"seed_played":"6856129677509444294","potions_obtained":[{"floor":1.0,"key":"FearPotion"},{"floor":4.0,"key":"SpeedPotion"},{"floor":16.0,"key":"BlessingOfTheForge"},{"floor":19.0,"key":"Strength Potion"},{"floor":37,"key":"StancePotion"},{"floor":39,"key":"Ambrosia"},{"floor":45,"key":"Block Potion"},{"floor":48,"key":"Regen Potion"}],"is_trial":false,"path_per_floor":["M","M","$","M","?","R","M","?","T","R","$","M","R","M","R","B",null,"M","M","M","$","?","E","?","E","T","E","M","$","M","?","R","B",null,"M","$","M","M","M","R","E","?","T","?","M","?","$","M","R","B",null],"character_chosen":"WATCHER","items_purchased":["Adaptation","EmptyMind","Meditate","Tantrum"],"campfire_rested":5,"item_purchase_floors":[11,21,47,47],"current_hp_per_floor":[38,31,31,31,31,31,13,13,13,34,34,28,28,28,49,32,62,60,33,15,15,15,40,40,40,40,37,35,35,18,18,39,28,61,61,61,60,60,48,69,32,22,22,22,22,22,22,14,34,51],"gold":126,"neow_bonus":"REMOVE_TWO","is_daily":false,"chose_seed":false,"campfire_upgraded":2,"win_rate":0.0,"timestamp":1610934080,"path_taken":["M","M","$","M","?","R","M","?","T","R","$","?","R","M","R","BOSS","M","M","M","$","?","E","?","E","T","E","M","$","M","?","R","BOSS","M","$","M","M","M","R","E","?","T","?","M","?","$","M","R","BOSS"],"items_purchased_type":["Card","Card","Card","Card"],"build_version":"2020-12-22","purchased_purges":4,"victory":true,"max_hp_per_floor":[72,72,72,72,72,72,72,72,72,72,72,72,72,72,72,72,72,72,72,72,72,72,72,72,72,72,72,72,72,72,72,72,72,72,72,72,72,72,72,72,72,72,72,68,68,68,68,68,68,68],"card_choices":[{"not_picked":["FlurryOfBlows","FollowUp"],"picked":"EmptyFist","floor":1.0},{"not_picked":["CrushJoints","ThirdEye","Consecrate"],"picked":"SKIP","floor":2.0},{"not_picked":["Evaluate","CutThroughFate","Protect"],"picked":"SKIP","floor":4.0},{"not_picked":["Fasting2","SashWhip","Nirvana"],"picked":"SKIP","floor":7.0},{"not_picked":["CrushJoints","WheelKick","Consecrate"],"picked":"SKIP","floor":12.0},{"not_picked":["JustLucky","ForeignInfluence","CutThroughFate"],"picked":"SKIP","floor":14.0},{"not_picked":["Vault","Establishment"],"picked":"LessonLearned","floor":16.0},{"not_picked":["Prostrate","Crescendo","FlyingSleeves"],"picked":"SKIP","floor":18.0},{"not_picked":["Crescendo","JustLucky+1"],"picked":"Halt+1","floor":19.0},{"not_picked":["Fasting2","SignatureMove"],"picked":"Collect","floor":20.0},{"not_picked":["EmptyMind","CutThroughFate"],"picked":"TalkToTheHand","floor":23.0},{"not_picked":["Protect","Consecrate"],"picked":"ThirdEye+1","floor":25.0},{"not_picked":["Collect","BattleHymn","Judgement"],"picked":"SKIP","floor":27},{"not_picked":["WindmillStrike","Crescendo"],"picked":"EmptyBody","floor":28},{"not_picked":["Protect","WindmillStrike+1"],"picked":"SandsOfTime","floor":30},{"not_picked":["Conclude","EmptyBody+1"],"picked":"InnerPeace+1","floor":35},{"not_picked":["Crescendo+1","WindmillStrike+1"],"picked":"CutThroughFate+1","floor":37},{"not_picked":["Wallop+1","Protect+1"],"picked":"FearNoEvil+1","floor":38},{"not_picked":["WheelKick+1","CrushJoints+1","ClearTheMind"],"picked":"SKIP","floor":39},{"not_picked":["DeceiveReality","Conclude+1"],"picked":"TalkToTheHand","floor":41},{"not_picked":["BowlingBash+1","Study","Consecrate"],"picked":"SKIP","floor":45},{"not_picked":["Meditate","DeceiveReality+1"],"picked":"FlurryOfBlows+1","floor":48}],"player_experience":380644,"relics_obtained":[{"floor":9.0,"key":"Oddly Smooth Stone"},{"floor":23.0,"key":"Bag of Preparation"},{"floor":25.0,"key":"Blue Candle"},{"floor":26.0,"key":"Ornamental Fan"},{"floor":34,"key":"Anchor"},{"floor":34,"key":"Gremlin Horn"},{"floor":34,"key":"Incense Burner"},{"floor":41,"key":"StrikeDummy"}],"event_choices":[{"damage_healed":0.0,"max_hp_gain":0.0,"max_hp_loss":0.0,"gold_gain":0.0,"event_name":"Liars Game","player_choice":"Ignored","floor":5.0,"gold_loss":0.0,"damage_taken":0.0},{"damage_healed":0.0,"max_hp_gain":0.0,"max_hp_loss":0.0,"gold_gain":0.0,"event_name":"Accursed Blacksmith","player_choice":"Forge","floor":8.0,"gold_loss":0.0,"damage_taken":0.0,"cards_upgraded":["Vigilance"]},{"damage_healed":0.0,"max_hp_gain":0.0,"max_hp_loss":0.0,"gold_gain":0.0,"event_name":"Vampires","player_choice":"Ignored","floor":22.0,"gold_loss":0.0,"damage_taken":0.0},{"cards_removed":["Defend_P"],"damage_healed":0.0,"max_hp_gain":0.0,"max_hp_loss":0.0,"gold_gain":0.0,"event_name":"Back to Basics","player_choice":"Elegance","floor":24.0,"gold_loss":0.0,"damage_taken":0.0},{"damage_healed":0,"gold_gain":0,"player_choice":"Stole Relic","damage_taken":0,"relics_obtained":["MawBank"],"max_hp_gain":0,"max_hp_loss":0,"event_name":"Addict","floor":31,"gold_loss":0,"cards_obtained":["Shame"]},{"damage_healed":0,"gold_gain":0,"player_choice":"Memory 3","damage_taken":10,"max_hp_gain":0,"max_hp_loss":0,"event_name":"SensoryStone","floor":42,"gold_loss":0},{"damage_healed":0,"gold_gain":0,"player_choice":"Max HP","damage_taken":0,"max_hp_gain":0,"max_hp_loss":4,"event_name":"Winding Halls","floor":44,"gold_loss":0},{"damage_healed":0,"gold_gain":0,"player_choice":"Upgraded","damage_taken":0,"max_hp_gain":0,"max_hp_loss":0,"event_name":"Upgrade Shrine","floor":46,"gold_loss":0,"cards_upgraded":["TalkToTheHand"]}],"is_beta":false,"boss_relics":[{"not_picked":["Velvet Choker","VioletLotus"],"picked":"Empty Cage"},{"not_picked":["Tiny House","Runic Dome"],"picked":"Calling Bell"}],"items_purged_floors":[3,21,29,47],"is_endless":false,"potions_floor_spawned":[1,4,16,19,25,27,30,37,39,45,48],"ascension_level":6}}