{"host":"jcg2u0j7gsi1hjjn","time":1610999700,"event":{"mods":["AchievementEnabler","BaseMod","Colored Map","Minty Spire (QoL Compilation)","StSLib"],"gold_per_floor":[10,25,42,60,74,102,102,133,156,156,167,180,195,52,52,148,148,148,2,2,2,0,0,0,0,0,0,0,0,0,0,0,0,0,0,0,0,0,0,0,0,0,0,0,0,0,0,0,0,0,0],"floor_reached":50,"language":"ENG","playtime":10367,"items_purged":[],"score":585,"play_id":"14d298a4-4296-4399-a166-f3f4ab2cac28","local_time":"20210118205500","is_ascension_mode":true,"campfire_choices":[{"floor":7,"key":"REST"},{"floor":15,"key":"REST"},{"data":"A Thousand Cuts","floor":23,"key":"SMITH"},{"data":"After Image","floor":27,"key":"SMITH"},{"floor":30,"key":"REST"},{"data":"Caltrops","floor":32,"key":"SMITH"},{"data":"Dash","floor":40,"key":"SMITH"},{"floor":42,"key":"REST"},{"floor":49,"key":"REST"}],"circlet_count":0,"master_deck":["Strike_G","Strike_G","Strike_G","Defend_G","Defend_G+1","Defend_G","Defend_G","Defend_G","Survivor+1","Neutralize","Quick Slash","Dash+1","Cloak And Dagger","Caltrops+1","Backflip","Flying Knee","A Thousand Cuts+1","Cloak And Dagger","Accuracy","Cloak And Dagger","After Image+1","Finisher","Flying Knee","Slice","Dagger Spray+1","Storm of Steel+1","Slice","Accuracy","Burst+1","Deflect+1","Underhanded Strike","Apotheosis+1","Quick Slash","Footwork","Acrobatics+1","Parasite","Dagger Throw+1","Blade Dance+1","Footwork+1"],"relics":["Ring of the Snake","Ginger","Matryoshka","CaptainsWheel","Pen Nib","Orichalcum","War Paint","Ectoplasm","Vajra","MutagenicStrength","Centennial Puzzle","PreservedInsect","Toxic Egg 2","HoveringKite","Tingsha","Bottled Tornado","Lantern","Question Card","Dream Catcher"],"acts_visited":["Exordium","TheCity","TheBeyond"],"potions_floor_usage":[8,16,28,33,33,33,33,33,35,36,50,50,50],"damage_taken":[{"damage":0.0,"enemies":"Jaw Worm","floor":1.0,"turns":5.0},{"damage":0.0,"enemies":"Cultist","floor":2.0,"turns":4.0},{"damage":1.0,"enemies":"2 Louse","floor":3.0,"turns":2.0},{"damage":3.0,"enemies":"Exordium Thugs","floor":4.0,"turns":7.0},{"damage":0,"enemies":"Blue Slaver","floor":5,"turns":4},{"damage":50,"enemies":"Gremlin Nob","floor":6,"turns":6},{"damage":30,"enemies":"Lagavulin","floor":8,"turns":9},{"damage":2,"enemies":"Looter","floor":11,"turns":4},{"damage":4,"enemies":"Gremlin Gang","floor":12,"turns":5},{"damage":5,"enemies":"Exordium Wildlife","floor":13,"turns":4},{"damage":18,"enemies":"The Guardian","floor":16,"turns":11},{"damage":0,"enemies":"Spheric Guardian","floor":18,"turns":4},{"damage":8,"enemies":"2 Thieves","floor":22,"turns":4},{"damage":2,"enemies":"Slavers","floor":24,"turns":6},{"damage":0,"enemies":"Snecko","floor":25,"turns":4},{"damage":0,"enemies":"Centurion and Healer","floor":28,"turns":5},{"damage":6,"enemies":"Cultist and Chosen","floor":29,"turns":5},{"damage":0,"enemies":"Sentry and Sphere","floor":31,"turns":3},{"damage":3,"enemies":"Collector","floor":33,"turns":6},{"damage":9,"enemies":"3 Darklings","floor":35,"turns":4},{"damage":20,"enemies":"Mind Bloom Boss Battle","floor":36,"turns":6},{"damage":1,"enemies":"Orb Walker","floor":41,"turns":3},{"damage":18,"enemies":"Jaw Worm Horde","floor":44,"turns":2},{"damage":0,"enemies":"Sphere and 2 Shapes","floor":46,"turns":4},{"damage":0,"enemies":"Writhing Mass","floor":47,"turns":4},{"damage":0,"enemies":"Reptomancer","floor":48,"turns":5},{"damage":87,"enemies":"Time Eater","floor":50,"turns":8}],"seed_played":"4550860896869412160","potions_obtained":[{"floor":1.0,"key":"Fruit Juice"},{"floor":2.0,"key":"Energy Potion"},{"floor":6,"key":"Ancient Potion"},{"floor":8,"key":"EntropicBrew"},{"floor":11,"key":"DuplicationPotion"},{"floor":28,"key":"Energy Potion"},{"floor":29,"key":"Ancient Potion"},{"floor":35,"key":"Energy Potion"},{"floor":44,"key":"Strength Potion"},{"floor":46,"key":"Dexterity Potion"},{"floor":48,"key":"PowerPotion"}],"is_trial":false,"path_per_floor":["M","M","M","M","M","E","R","E","T","?","M","M","M","$","R","B",null,"M","$","?","?","M","R","E","M","T","R","M","M","R","M","R","B",null,"M","?","T","?","T","R","M","R","T","M","?","M","M","E","R","B"],"character_chosen":"THE_SILENT","items_purchased":["War Paint","Vajra"],"campfire_rested":5,"item_purchase_floors":[14,19],"current_hp_per_floor":[70,75,74,71,71,21,43,13,13,13,11,7,2,2,24,6,75,75,75,61,61,53,53,51,51,51,51,51,45,69,69,69,66,80,71,51,51,51,51,51,50,74,74,56,56,56,56,56,80,0,0],"gold":0,"neow_bonus":"ONE_RARE_RELIC","is_daily":false,"chose_seed":false,"campfire_upgraded":4,"win_rate":0.0,"timestamp":1610999700,"path_taken":["M","M","M","M","M","E","R","E","T","?","M","M","M","$","R","BOSS","M","?","?","?","M","R","E","?","T","R","M","M","R","M","R","BOSS","M","?","?","?","?","R","M","R","T","?","?","M","M","E","R","BOSS"],"items_purchased_type":["Relic","Relic"],"build_version":"2020-12-22","purchased_purges":0,"victory":false,"max_hp_per_floor":[70,75,75,75,75,75,75,75,75,75,75,75,75,75,75,75,75,75,75,80,80,80,80,80,80,80,80,80,80,80,80,80,80,80,80,80,80,80,80,80,80,80,80,80,80,80,80,80,80,80,80],"card_choices":[{"not_picked":["Prepared","Setup"],"picked":"Quick Slash","floor":1.0},{"not_picked":["Dodge and Roll","Deflect"],"picked":"Dash","floor":2.0},{"not_picked":["Dodge and Roll","Caltrops"],"picked":"Cloak And Dagger","floor":3.0},{"not_picked":["Acrobatics","Eviscerate"],"picked":"Caltrops","floor":4.0},{"not_picked":["Reflex","Quick Slash"],"picked":"Backflip","floor":5},{"not_picked":["Eviscerate","PiercingWail"],"picked":"Flying Knee","floor":6},{"not_picked":["Eviscerate","Prepared"],"picked":"A Thousand Cuts","floor":8},{"not_picked":["Bouncing Flask","Dagger Throw"],"picked":"Cloak And Dagger","floor":11},{"not_picked":["Blade Dance","Flying Knee"],"picked":"Accuracy","floor":12},{"not_picked":["Backflip","Deflect"],"picked":"Cloak And Dagger","floor":13},{"not_picked":["Tools of the Trade","Burst"],"picked":"After Image","floor":16},{"not_picked":["PiercingWail","Backstab"],"picked":"Finisher","floor":18},{"not_picked":["Slice","Dagger Throw"],"picked":"Flying Knee","floor":22},{"not_picked":["Sucker Punch","Expertise"],"picked":"Slice","floor":24},{"not_picked":["Bane","Dodge and Roll"],"picked":"Dagger Spray+1","floor":25},{"not_picked":["Prepared+1","Underhanded Strike"],"picked":"Storm of Steel+1","floor":28},{"not_picked":["Calculated Gamble+1","Tactician+1"],"picked":"Slice","floor":29},{"not_picked":["Noxious Fumes","Reflex+1"],"picked":"Accuracy","floor":31},{"not_picked":["Doppelganger+1","Glass Knife"],"picked":"Burst+1","floor":33},{"not_picked":["Predator+1","Prepared+1"],"picked":"Deflect+1","floor":35},{"not_picked":["Crippling Poison+1","Flechettes+1"],"picked":"Underhanded Strike","floor":36},{"not_picked":["Purity+1","Metamorphosis+1"],"picked":"Apotheosis+1","floor":38},{"not_picked":["Deadly Poison+1","Well Laid Plans"],"picked":"Quick Slash","floor":41},{"not_picked":["Quick Slash","Corpse Explosion+1","Dagger Spray+1"],"picked":"Footwork","floor":44},{"not_picked":["Flying Knee+1","PiercingWail+1","Underhanded Strike"],"picked":"Acrobatics+1","floor":46},{"not_picked":["Prepared+1","Slice","Distraction+1"],"picked":"Dagger Throw+1","floor":47},{"not_picked":["Terror+1","Sucker Punch+1","Noxious Fumes"],"picked":"Blade Dance+1","floor":48},{"not_picked":["Prepared+1","Outmaneuver+1","Concentrate+1"],"picked":"Footwork+1","floor":49}],"player_experience":354570,"relics_obtained":[{"floor":6,"key":"Matryoshka"},{"floor":8,"key":"CaptainsWheel"},{"floor":9,"key":"Pen Nib"},{"floor":9,"key":"Orichalcum"},{"floor":24,"key":"Centennial Puzzle"},{"floor":26,"key":"PreservedInsect"},{"floor":26,"key":"Toxic Egg 2"},{"floor":36,"key":"Tingsha"},{"floor":37,"key":"Bottled Tornado"},{"floor":39,"key":"Lantern"},{"floor":43,"key":"Question Card"},{"floor":48,"key":"Dream Catcher"}],"event_choices":[{"cards_removed":["Strike_G"],"damage_healed":0,"gold_gain":0,"player_choice":"Offered Basic","damage_taken":0,"max_hp_gain":0,"max_hp_loss":0,"event_name":"Bonfire Elementals","floor":10,"gold_loss":0},{"damage_healed":0,"gold_gain":0,"player_choice":"Shed Blood","damage_taken":19,"max_hp_gain":5,"max_hp_loss":0,"event_name":"Forgotten Altar","floor":20,"gold_loss":0},{"damage_healed":0,"gold_gain":0,"player_choice":"Inject Mutagens","damage_taken":0,"relics_obtained":["MutagenicStrength"],"max_hp_gain":0,"max_hp_loss":0,"event_name":"Drug Dealer","floor":21,"gold_loss":0},{"damage_healed":0,"gold_gain":0,"player_choice":"Fight","damage_taken":0,"max_hp_gain":0,"max_hp_loss":0,"event_name":"MindBloom","floor":36,"gold_loss":0},{"damage_healed":0,"gold_gain":0,"player_choice":"Memory 1","damage_taken":0,"max_hp_gain":0,"max_hp_loss":0,"event_name":"SensoryStone","floor":38,"gold_loss":0},{"cards_removed":["Strike_G"],"damage_healed":0,"gold_gain":0,"player_choice":"Removed Attack","damage_taken":0,"max_hp_gain":0,"max_hp_loss":0,"event_name":"Falling","floor":45,"gold_loss":0}],"is_beta":false,"boss_relics":[{"not_picked":["Empty Cage","SacredBark"],"picked":"Ectoplasm"},{"not_picked":["Runic Pyramid","Busted Crown"],"picked":"HoveringKite"}],"items_purged_floors":[],"is_endless":false,"potions_floor_spawned":[1,2,6,8,11,28,29,35,44,46,48],"killed_by":"Time Eater","ascension_level":1}}