{"host":"dpbezu80jg8zk7un","time":1610980524,"event":{"mods":["BaseMod","Colored Map","Colored Powertips","Custom Start","DeckTracker","Minty Spire (QoL Compilation)","Quick Restart","StSLib","SuperFastMode"],"gold_per_floor":[210,135,135,135,155,155,183,183,236,251,280,294,306,335,335,335,335],"floor_reached":16,"language":"KOR","playtime":364,"items_purged":["Defend_P"],"score":340,"play_id":"2a0b6a28-3751-46a7-b913-af78573802ae","local_time":"20210118233524","is_ascension_mode":true,"campfire_choices":[{"data":"Eruption","floor":6.0,"key":"SMITH"},{"data":"CrushJoints","floor":8.0,"key":"SMITH"},{"floor":15,"key":"REST"}],"circlet_count":0,"master_deck":["AscendersBane","Strike_P","Strike_P","Strike_P","Strike_P","Defend_P","Defend_P","Defend_P","Eruption+1","Vigilance","CrushJoints+1","FearNoEvil","FlurryOfBlows"],"relics":["PureWater","HornCleat","PreservedInsect","Bird Faced Urn","Molten Egg 2"],"acts_visited":["Exordium"],"potions_floor_usage":[14,16],"damage_taken":[{"damage":9.0,"enemies":"Jaw Worm","floor":1.0,"turns":5.0},{"damage":7.0,"enemies":"Small Slimes","floor":5.0,"turns":3.0},{"damage":17.0,"enemies":"Lagavulin","floor":7.0,"turns":6.0},{"damage":0.0,"enemies":"Cultist","floor":10.0,"turns":3.0},{"damage":0.0,"enemies":"Gremlin Nob","floor":11.0,"turns":2.0},{"damage":8.0,"enemies":"3 Louse","floor":12.0,"turns":3.0},{"damage":1.0,"enemies":"Looter","floor":13.0,"turns":2.0},{"damage":0,"enemies":"Lagavulin","floor":14,"turns":2},{"damage":49,"enemies":"The Guardian","floor":16,"turns":14}],"seed_played":"-5811218608684954029","potions_obtained":[{"floor":1.0,"key":"Ambrosia"},{"floor":5.0,"key":"DistilledChaos"},{"floor":13.0,"key":"LiquidMemories"}],"is_trial":false,"path_per_floor":["M","$","?","?","M","R","E","R","T","M","E","M","M","E","R","B"],"character_chosen":"WATCHER","items_purchased":[],"campfire_rested":1,"item_purchase_floors":[],"current_hp_per_floor":[52,52,57,57,50,50,33,33,33,33,33,25,24,24,45,0,0],"gold":335,"neow_bonus":"HUNDRED_GOLD","is_daily":false,"chose_seed":false,"campfire_upgraded":2,"win_rate":0.0,"timestamp":1610980524,"path_taken":["M","$","?","?","M","R","E","R","T","M","E","M","M","E","R","BOSS"],"items_purchased_type":[],"build_version":"2020-12-22","purchased_purges":1,"victory":false,"max_hp_per_floor":[68,68,73,73,73,73,73,73,73,73,73,73,73,73,73,73,73],"card_choices":[{"not_picked":["Meditate","BattleHymn"],"picked":"CrushJoints","floor":1.0},{"not_picked":["Evaluate","Wallop"],"picked":"FearNoEvil","floor":5.0},{"not_picked":["Prostrate","FlyingSleeves","SashWhip"],"picked":"SKIP","floor":7.0},{"not_picked":["Consecrate","ClearTheMind","SashWhip"],"picked":"SKIP","floor":10.0},{"not_picked":["Wireheading","SignatureMove","Worship"],"picked":"SKIP","floor":11.0},{"not_picked":["FearNoEvil","Indignation","FlyingSleeves"],"picked":"SKIP","floor":12.0},{"not_picked":["FlyingSleeves","Consecrate"],"picked":"FlurryOfBlows","floor":13.0},{"not_picked":["Swivel","ThirdEye","FearNoEvil+1"],"picked":"SKIP","floor":14}],"player_experience":2891594,"relics_obtained":[{"floor":7.0,"key":"HornCleat"},{"floor":9.0,"key":"PreservedInsect"},{"floor":11.0,"key":"Bird Faced Urn"},{"floor":14,"key":"Molten Egg 2"}],"event_choices":[{"damage_healed":0.0,"max_hp_gain":5.0,"max_hp_loss":0.0,"gold_gain":0.0,"event_name":"Big Fish","player_choice":"Donut","floor":3.0,"gold_loss":0.0,"damage_taken":0.0},{"damage_healed":0.0,"max_hp_gain":0.0,"max_hp_loss":0.0,"gold_gain":0.0,"event_name":"Liars Game","player_choice":"Ignored","floor":4.0,"gold_loss":0.0,"damage_taken":0.0}],"is_beta":false,"boss_relics":[],"items_purged_floors":[2],"is_endless":false,"potions_floor_spawned":[1,5,13],"killed_by":"The Guardian","ascension_level":20}}