{"host":"umf0ngzuq79hrzri","time":1610951201,"event":{"mods":["100% Spire Juice","Ascension Reborn","BaseMod","Minty Spire (QoL Compilation)","StSLib","The Cursed","The Disciple","The Necromancer","The Servant 0.9.4"],"gold_per_floor":[119,18,18,38,56,90,90,109,134,26,26,36,52,72,72,72,72],"floor_reached":16,"language":"ENG","playtime":1742,"items_purged":[],"score":108,"play_id":"6f81dbe9-59e7-4548-b6c0-6f8cea3646f4","local_time":"20210118012641","is_ascension_mode":true,"campfire_choices":[{"data":"Moonworks:x16BigRocket","floor":7,"key":"SMITH"},{"data":"Moonworks:x16BigRocket+1","floor":11,"key":"SMITH"},{"floor":15,"key":"REST"}],"circlet_count":0,"master_deck":["Moonworks:Strike","Moonworks:Strike","Moonworks:Strike","Moonworks:Strike","Moonworks:Defend","Moonworks:Defend","Moonworks:Defend","Moonworks:Defend","Moonworks:Ambush","Moonworks:LongDistanceShot","Moonworks:x16BigRocket+2","Moonworks:EvilSpyWorkPreparation","Moonworks:Bloodlust","Moonworks:BeyondHell","Moonworks:HolyNight","Moonworks:CloudOfSeagulls","Moonworks:TreasureThief","Moonworks:SubspaceTunnel"],"relics":["Moonworks:BrokenBomb","Moonworks:Homemark","Blood Vial","PreservedInsect"],"acts_visited":["Exordium"],"potions_floor_usage":[14,16,16],"damage_taken":[{"damage":1,"enemies":"Cultist","floor":1,"turns":3},{"damage":3,"enemies":"2 Louse","floor":2,"turns":3},{"damage":6,"enemies":"Small Slimes","floor":4,"turns":4},{"damage":4,"enemies":"Exordium Wildlife","floor":5,"turns":3},{"damage":37,"enemies":"3 Sentries","floor":6,"turns":5},{"damage":23,"enemies":"Exordium Thugs","floor":8,"turns":3},{"damage":12,"enemies":"Large Slime","floor":10,"turns":4},{"damage":17,"enemies":"Red Slaver","floor":12,"turns":2},{"damage":18,"enemies":"3 Louse","floor":13,"turns":3},{"damage":12,"enemies":"Looter","floor":14,"turns":3},{"damage":51,"enemies":"The Guardian","floor":16,"turns":4}],"seed_played":"-6841419198285846193","potions_obtained":[{"floor":4,"key":"Dexterity Potion"},{"floor":10,"key":"DistilledChaos"},{"floor":12,"key":"SmokeBomb"},{"floor":13,"key":"Swift Potion"},{"floor":14,"key":"ColorlessPotion"}],"is_trial":false,"path_per_floor":["M","M","$","M","M","E","R","M","T","M","R","M","M","M","R","B"],"character_chosen":"THE_STARBREAKER","items_purchased":[],"campfire_rested":1,"item_purchase_floors":[],"current_hp_per_floor":[65,62,62,56,54,27,27,20,20,24,24,21,11,15,34,0,0],"gold":72,"neow_bonus":"TEN_PERCENT_HP_BONUS","is_daily":false,"chose_seed":false,"campfire_upgraded":2,"win_rate":0.0,"timestamp":1610951201,"path_taken":["M","M","$","M","M","E","R","M","T","M","R","M","?","M","R","BOSS"],"items_purchased_type":[],"build_version":"2020-12-22","purchased_purges":0,"victory":false,"max_hp_per_floor":[66,66,66,66,66,66,66,66,66,66,66,66,66,66,66,66,66],"card_choices":[{"not_picked":["Moonworks:SakisCookie","Moonworks:LulusLuckyEgg"],"picked":"Moonworks:x16BigRocket","floor":1},{"not_picked":["Moonworks:Dash","Moonworks:BigMagnum"],"picked":"Moonworks:EvilSpyWorkPreparation","floor":2},{"not_picked":["Moonworks:TacticalRetreat","Moonworks:ImOnFire"],"picked":"Moonworks:Bloodlust","floor":4},{"not_picked":["Moonworks:ExtendedPhotonRifle","Moonworks:Assault","Moonworks:DeployBits"],"picked":"SKIP","floor":5},{"not_picked":["Moonworks:Dinner","Moonworks:JonathanRush"],"picked":"Moonworks:BeyondHell","floor":6},{"not_picked":["Moonworks:JonathanRush","Moonworks:Assault"],"picked":"Moonworks:HolyNight","floor":8},{"not_picked":["Moonworks:UnpaidWork","Moonworks:SakisCookie"],"picked":"Moonworks:CloudOfSeagulls","floor":10},{"not_picked":["Moonworks:JonathanRush","Moonworks:DeployBits"],"picked":"Moonworks:TreasureThief","floor":12},{"not_picked":["Moonworks:Flamethrower","Moonworks:FinalSurgery"],"picked":"Moonworks:SubspaceTunnel","floor":13},{"not_picked":["Moonworks:SakisCookie","Moonworks:ReproductionOfRecords","Moonworks:ImOnFire"],"picked":"SKIP","floor":14}],"player_experience":62941,"relics_obtained":[{"floor":6,"key":"Blood Vial"},{"floor":9,"key":"PreservedInsect"}],"event_choices":[],"is_beta":false,"boss_relics":[],"items_purged_floors":[],"is_endless":false,"potions_floor_spawned":[4,10,12,13,14],"killed_by":"The Guardian","ascension_level":0}}