{"host":"y7sd46uq4xlni546","time":1610995322,"event":{"mods":["AchievementEnabler","BaseMod","Colored Map","Colored Powertips","Curses Come First","Filter the Spire","Minty Spire (QoL Compilation)","Quick Restart","Random Character Button","Rare Cards Sparkle","StSLib"],"gold_per_floor":[110,122,122,146,204,234,234,234,302,334,345,345,362,380,380,475,475,489,489,499,514,514,546,546,575,575,575,575],"floor_reached":27,"language":"ENG","playtime":1597,"items_purged":[],"score":274,"play_id":"6a0e196f-043e-4372-9e54-2ab06de85656","local_time":"20210118194202","is_ascension_mode":true,"campfire_choices":[{"floor":8.0,"key":"REST"},{"floor":15.0,"key":"REST"},{"floor":24,"key":"REST"}],"circlet_count":0,"master_deck":["Strike_P+1","Defend_P","Defend_P","Defend_P","Eruption","Vigilance","Brilliance+1","WaveOfTheHand+1","BattleHymn+1","Conclude","Worship+1","Crescendo","PathToVictory","ClearTheMind","Prostrate","SignatureMove","Omniscience","Worship","Protect","Prostrate+1","DevaForm","TalkToTheHand+1"],"relics":["Astrolabe","Ancient Tea Set","Bottled Lightning","InkBottle","TungstenRod","SlaversCollar","MutagenicStrength","Anchor","Shovel","Mercury Hourglass"],"acts_visited":["Exordium","TheCity"],"potions_floor_usage":[23,25,25,27],"damage_taken":[{"damage":0.0,"enemies":"Cultist","floor":1.0,"turns":5.0},{"damage":3.0,"enemies":"Jaw Worm","floor":2.0,"turns":3.0},{"damage":18.0,"enemies":"Gremlin Nob","floor":6.0,"turns":4.0},{"damage":20.0,"enemies":"3 Sentries","floor":10.0,"turns":5.0},{"damage":4.0,"enemies":"Small Slimes","floor":11.0,"turns":4.0},{"damage":9.0,"enemies":"Exordium Thugs","floor":13.0,"turns":3.0},{"damage":4.0,"enemies":"Red Slaver","floor":14.0,"turns":3.0},{"damage":13.0,"enemies":"Hexaghost","floor":16.0,"turns":5.0},{"damage":13.0,"enemies":"3 Byrds","floor":18.0,"turns":8.0},{"damage":9.0,"enemies":"2 Thieves","floor":20.0,"turns":4.0},{"damage":36.0,"enemies":"Snake Plant","floor":21.0,"turns":4.0},{"damage":8,"enemies":"Book of Stabbing","floor":23,"turns":5},{"damage":13,"enemies":"Gremlin Leader","floor":25,"turns":3},{"damage":15,"enemies":"Slavers","floor":27,"turns":4}],"seed_played":"-2700383981701003229","potions_obtained":[{"floor":2.0,"key":"PowerPotion"},{"floor":12.0,"key":"BlessingOfTheForge"},{"floor":12.0,"key":"Dexterity Potion"},{"floor":12.0,"key":"SmokeBomb"},{"floor":14.0,"key":"Fire Potion"},{"floor":23,"key":"Block Potion"},{"floor":25,"key":"EntropicBrew"}],"is_trial":false,"path_per_floor":["M","M","?","T","?","E","$","R","T","E","M","?","M","M","R","B",null,"M","?","M","M","?","E","R","E","T","E"],"character_chosen":"WATCHER","items_purchased":[],"campfire_rested":3,"item_purchase_floors":[],"current_hp_per_floor":[72,69,55,55,55,37,37,58,58,38,34,34,25,21,42,29,72,59,59,50,14,14,6,27,14,14,0,0],"gold":575,"neow_bonus":"BOSS_RELIC","is_daily":false,"chose_seed":false,"campfire_upgraded":0,"win_rate":0.0,"timestamp":1610995322,"path_taken":["M","M","?","?","?","E","$","R","T","E","M","?","M","M","R","BOSS","M","?","M","?","?","E","R","E","T","E"],"items_purchased_type":[],"build_version":"2020-12-22","purchased_purges":0,"victory":false,"max_hp_per_floor":[72,72,72,72,72,72,72,72,72,72,72,72,72,72,72,72,72,72,72,72,72,72,72,72,72,72,72,72],"card_choices":[{"not_picked":["Halt","ForeignInfluence"],"picked":"Conclude","floor":1.0},{"not_picked":["EmptyBody","PathToVictory"],"picked":"Worship","floor":2.0},{"not_picked":["Wireheading","JustLucky"],"picked":"Crescendo","floor":6.0},{"not_picked":["SashWhip","Ragnarok"],"picked":"PathToVictory","floor":10.0},{"not_picked":["EmptyFist","SashWhip"],"picked":"ClearTheMind","floor":11.0},{"not_picked":["Consecrate","FearNoEvil"],"picked":"Prostrate","floor":13.0},{"not_picked":["CrushJoints","Consecrate"],"picked":"SignatureMove","floor":14.0},{"not_picked":["DeusExMachina","Devotion"],"picked":"Omniscience","floor":16.0},{"not_picked":["Evaluate","Protect"],"picked":"Worship","floor":18.0},{"not_picked":["Conclude","InnerPeace"],"picked":"Protect","floor":20.0},{"not_picked":["Crescendo","WaveOfTheHand"],"picked":"Prostrate+1","floor":21.0},{"not_picked":["Evaluate+1","Prostrate"],"picked":"DevaForm","floor":23},{"not_picked":["Crescendo","FearNoEvil"],"picked":"TalkToTheHand+1","floor":25}],"player_experience":663444,"relics_obtained":[{"floor":4.0,"key":"Ancient Tea Set"},{"floor":6.0,"key":"Bottled Lightning"},{"floor":9.0,"key":"InkBottle"},{"floor":10.0,"key":"TungstenRod"},{"floor":23,"key":"Anchor"},{"floor":25,"key":"Shovel"},{"floor":26,"key":"Mercury Hourglass"}],"event_choices":[{"damage_healed":0.0,"max_hp_gain":0.0,"max_hp_loss":0.0,"gold_gain":0.0,"event_name":"Shining Light","player_choice":"Entered Light","floor":3.0,"gold_loss":0.0,"damage_taken":14.0,"cards_upgraded":["Strike_P","Worship"]},{"damage_healed":0.0,"max_hp_gain":0.0,"max_hp_loss":0.0,"gold_gain":58.0,"event_name":"Golden Wing","player_choice":"Gained Gold","floor":5.0,"gold_loss":0.0,"damage_taken":0.0},{"damage_healed":0.0,"max_hp_gain":0.0,"max_hp_loss":0.0,"gold_gain":0.0,"event_name":"Lab","player_choice":"Got Potions","floor":12.0,"gold_loss":0.0,"damage_taken":0.0},{"cards_removed":["Strike_P"],"damage_healed":0.0,"max_hp_gain":0.0,"max_hp_loss":0.0,"gold_gain":0.0,"event_name":"Bonfire Elementals","player_choice":"Offered Basic","floor":19.0,"gold_loss":0.0,"damage_taken":0.0},{"damage_healed":0.0,"max_hp_gain":0.0,"max_hp_loss":0.0,"gold_gain":0.0,"event_name":"Drug Dealer","player_choice":"Inject Mutagens","floor":22.0,"gold_loss":0.0,"damage_taken":0.0,"relics_obtained":["MutagenicStrength"]}],"is_beta":false,"boss_relics":[{"not_picked":["Velvet Choker","Runic Dome"],"picked":"SlaversCollar"}],"items_purged_floors":[],"is_endless":false,"potions_floor_spawned":[2,14,16,23,25],"killed_by":"Slavers","ascension_level":1}}