{"host":"w23c85yopnejbyem","time":1610968017,"event":{"mods":["100% Spire Juice","2.2 Compatiblity","AchievementEnabler","Act Like it!","Arknights The Spire","BaseMod","Beaked The Cultist","BetterRewards","CapriCore","ChefMod","Colored Map","Colored Powertips","Conspire","Downfall-Rebalance","Duelist Mod","Elementarium","Gensokyo","GifTheSpireLib","Halation","Hallownest","Hermit","Highlight Path","JesterMod","KinomotoSakuraMod(????)","Luminous","Menagerie","Mimic Mod","Minty Spire (QoL Compilation)","Permanent Neow","Quarter Circle Forward PUNCH!","Quick Restart","Replay The Spire","Robot Space Explorer","Shade Mod","Shedinja","Shop Mod","Spicy Shops","Spikes Relics","StS++","StSLib","Stuff the Spire","The Animator","The Blue Laboratory","The Bug Knight","The Dragon Tamer","The Edgeheg","The Fake Hero","The Immortal","The Marked","The Mystic","The Senshi","The Trickster","TheSwordswoman","TheVacant","TheVelvet","Useless Jewels Mod","Yakumo Yukari mod","??????REMEMod"],"gold_per_floor":[125,125,158,108,208,246,246,280,280,280,299,319,319,319,345,345,345,486,486,513,513,571,653,488,519,543,543,543,582,582,618,618,618,618,742,742,762,828,828,847,354,418,418,418,418],"floor_reached":44,"language":"ENG","playtime":4434,"items_purged":["Hallucinations"],"score":579,"play_id":"1f4a80f2-8a01-4b5d-9b79-a1dda320e211","local_time":"20210118110657","is_ascension_mode":false,"campfire_choices":[{"data":"animator:IzunaHatsuse","floor":7,"key":"SMITH"},{"data":"animator:NagisaMomoe","floor":10,"key":"SMITH"},{"data":"animator:Kaijin","floor":17,"key":"SMITH"},{"floor":27,"key":"REST"},{"data":"animator:SuzuneAmano","floor":30,"key":"SMITH"},{"data":"Pot Of Greed","floor":34,"key":"SMITH"},{"floor":43,"key":"RECALL"}],"circlet_count":0,"master_deck":["animator:Strike_MadokaMagica+1","animator:Defend_MadokaMagica","animator:Strike+1","animator:Defend+1","animator:IrohaTamaki","animator:YuiTsuruno","animator:YachiyoNanami","animator:Kaijin+1","animator:Greed","animator:IzunaHatsuse+1","animator:NagisaMomoe+1","animator:Vesta","animator:Entoma+1","animator:GazelDwargon","animator:ChaikaTrabant","animator:KyokoSakura","animator:MamiTomoe+1","animator:OrikoMikuni","Pot Of Greed","Pot Of Greed+1","animator:SuzuneAmano+1","animator:NarberalGamma+1","animator:IrohaTamaki+1","Pot Of Greed","animator:Rimuru","animator:Shuna+1"],"relics":["animator:VividPicture","animator:TheMissingPiece","REME_ComplimentaryCards","animator:PurgingStone","Bird Faced Urn","Golden Idol","ReplayTheSpireMod:Shallot","StSpp:WoodenStick","Empty Cage","ReplayTheSpireMod:Ring of Challenge","ReplayTheSpireMod:Ring of Exchange","MerchantsRug","Grinning Jar","halation:TwoAmDonut","Paper Frog","animator:OldCoffin","Elementarium:ElementariumTrophy","animator:CerealBox","Pear","theSenshi:FeatherClipsRelic","Simple Rune"],"acts_visited":["Exordium","Elementarium:Elementarium","TheBeyond"],"potions_floor_usage":[25,25,26,35,35,42],"damage_taken":[{"damage":0,"enemies":"Small Slimes","floor":1,"turns":3},{"damage":1,"enemies":"Jaw Worm","floor":3,"turns":4},{"damage":11,"enemies":"Gremlin Nob","floor":6,"turns":7},{"damage":0,"enemies":"Replay:BlueRogue","floor":8,"turns":18},{"damage":0,"enemies":"Cultist","floor":11,"turns":5},{"damage":2,"enemies":"Exordium Wildlife","floor":12,"turns":5},{"damage":0,"enemies":"Blue Slaver","floor":15,"turns":7},{"damage":39,"enemies":"Hexaghost","floor":18,"turns":23},{"damage":1,"enemies":"Elementarium:VoidCorruption","floor":20,"turns":6},{"damage":17,"enemies":"Elementarium:2_ELEMENTALS","floor":22,"turns":9},{"damage":20,"enemies":"Elementarium:RubyGolem","floor":23,"turns":5},{"damage":23,"enemies":"Elementarium:FIRE_NOBILITY","floor":25,"turns":6},{"damage":0,"enemies":"Elementarium:Hydrostalker","floor":26,"turns":6},{"damage":13,"enemies":"Elementarium:ElementalPortal","floor":29,"turns":13},{"damage":18,"enemies":"Elementarium:WarGolem","floor":31,"turns":6},{"damage":37,"enemies":"Elementarium:GolemEmperor","floor":35,"turns":11},{"damage":18,"enemies":"3 Darklings","floor":37,"turns":7},{"damage":18,"enemies":"3 Shapes","floor":38,"turns":7},{"damage":0,"enemies":"Jaw Worm Horde","floor":40,"turns":6},{"damage":55,"enemies":"Giant Head","floor":42,"turns":7},{"damage":21,"enemies":"Giant Head","floor":44,"turns":5}],"seed_played":"-5414623893547194308","potions_obtained":[{"floor":8,"key":"blueLaboratory:BottledHope"},{"floor":12,"key":"LiquidMemories"},{"floor":18,"key":"SpeedPotion"},{"floor":22,"key":"AttackPotion"},{"floor":25,"key":"PowerPotion"},{"floor":26,"key":"blueLaboratory:TrueEctoplasm"},{"floor":38,"key":"FearPotion"},{"floor":42,"key":"blueLaboratory:EnragingPotion"}],"is_trial":false,"path_per_floor":["M","?","M","?","?","E","R","E","T","R","M","M","PTL","PTL","M","T","R","B",null,"M","?","M","M","$","E","M","R","T","E","R","E","?","?","R","B",null,"M","M","?","M","$","E","R","?"],"character_chosen":"THE_ANIMATOR","items_purchased":["MerchantsRug","Pear","theSenshi:FeatherClipsRelic"],"campfire_rested":1,"item_purchase_floors":[24,41,41],"current_hp_per_floor":[48,48,49,49,49,44,44,51,51,51,56,60,60,60,62,62,62,24,63,62,62,51,37,37,18,28,47,47,44,44,36,33,33,33,6,35,17,11,11,17,33,16,16,0,0],"gold":418,"neow_bonus":"ONE_RARE_RELIC","is_daily":false,"chose_seed":false,"campfire_upgraded":5,"win_rate":0.0,"timestamp":1610968017,"path_taken":["M","?","M","?","?","E","R","E","T","R","M","M","PTL","PTL","?","?","R","BOSS","M","?","M","M","$","E","M","R","T","E","R","E","?","?","R","BOSS","M","M","?","?","$","E","R","?"],"items_purchased_type":["Relic","Relic","Relic"],"build_version":"2020-12-22","purchased_purges":1,"victory":false,"max_hp_per_floor":[66,61,61,61,61,61,61,62,62,62,63,63,63,63,63,63,63,63,63,63,63,64,64,64,64,66,66,66,66,66,68,34,34,34,35,35,35,35,35,35,45,45,45,45,45],"card_choices":[{"not_picked":["animator:YuiTsuruno","animator:Azekura"],"picked":"animator:YachiyoNanami","floor":1},{"not_picked":["animator:DolaCouronne","animator:Shion"],"picked":"animator:Kaijin","floor":3},{"not_picked":["animator:Demiurge","animator:YuiTsuruno"],"picked":"animator:IzunaHatsuse","floor":6},{"not_picked":["animator:YuiTsuruno","animator:IrohaTamaki"],"picked":"animator:NagisaMomoe","floor":8},{"not_picked":["animator:Genos","animator:AcuraTooru"],"picked":"animator:Vesta","floor":11},{"not_picked":["animator:Kaijin","animator:Ara"],"picked":"animator:Entoma","floor":12},{"not_picked":["animator:Chung","animator:Hakurou"],"picked":"animator:GazelDwargon","floor":15},{"not_picked":["animator:HomuraAkemi","animator:Biyorigo"],"picked":"animator:ChaikaTrabant","floor":18},{"not_picked":["animator:IrohaTamaki","animator:YuiTsuruno"],"picked":"animator:KyokoSakura","floor":20},{"not_picked":["animator:Gillette","animator:NarberalGamma"],"picked":"animator:MamiTomoe+1","floor":22},{"not_picked":["animator:Emonzaemon","animator:Sora"],"picked":"animator:OrikoMikuni","floor":23},{"not_picked":["animator:Jibril","animator:MaesHughes","animator:Raven"],"picked":"SKIP","floor":25},{"not_picked":["animator:YachiyoNanami","animator:YuiTsuruno"],"picked":"animator:SuzuneAmano","floor":26},{"not_picked":["animator:ZankiKiguchi","animator:Rimuru"],"picked":"animator:NarberalGamma+1","floor":29},{"not_picked":["animator:Gillette","animator:SayakaMiki"],"picked":"animator:IrohaTamaki+1","floor":31},{"not_picked":["animator:AcuraShin","animator:Saitama"],"picked":"animator:Rimuru","floor":35},{"not_picked":["animator:Hitei","animator:NarberalGamma","animator:Kaijin"],"picked":"SKIP","floor":37},{"not_picked":["animator:Scar","animator:Gillette+1","animator:Souei+1"],"picked":"SKIP","floor":40},{"not_picked":["animator:NagisaMomoe","animator:Cocytus"],"picked":"animator:Shuna+1","floor":42}],"player_experience":491933,"relics_obtained":[{"floor":6,"key":"ReplayTheSpireMod:Shallot"},{"floor":8,"key":"StSpp:WoodenStick"},{"floor":16,"key":"Blue Candle"},{"floor":21,"key":"ReplayTheSpireMod:Ring of Challenge"},{"floor":21,"key":"ReplayTheSpireMod:Ring of Exchange"},{"floor":25,"key":"Grinning Jar"},{"floor":28,"key":"halation:TwoAmDonut"},{"floor":29,"key":"Paper Frog"},{"floor":31,"key":"animator:OldCoffin"},{"floor":42,"key":"Simple Rune"}],"event_choices":[{"damage_healed":0,"gold_gain":0,"player_choice":"Lose Max HP","damage_taken":0,"relics_obtained":["Golden Idol"],"max_hp_gain":0,"max_hp_loss":5,"event_name":"Golden Idol","floor":2,"gold_loss":0},{"damage_healed":0,"gold_gain":100,"player_choice":"Pray","damage_taken":0,"max_hp_gain":0,"max_hp_loss":0,"event_name":"Golden Shrine","floor":5,"gold_loss":0},{"damage_healed":0,"gold_gain":0,"player_choice":"Sacrifice","damage_taken":0,"relics_obtained":["animator:VividPicture"],"max_hp_gain":0,"max_hp_loss":34,"event_name":"Elementarium:GreatTreasure","floor":32,"gold_loss":0},{"cards_removed":["animator:Defend"],"damage_healed":0,"gold_gain":0,"player_choice":"Burn","damage_taken":0,"max_hp_gain":0,"max_hp_loss":0,"event_name":"Elementarium:LostScrolls","floor":33,"gold_loss":0},{"cards_removed":["animator:Defend"],"damage_healed":0,"gold_gain":0,"player_choice":"Purged","damage_taken":0,"max_hp_gain":0,"max_hp_loss":0,"event_name":"Purifier","floor":39,"gold_loss":0}],"is_beta":false,"boss_relics":[{"not_picked":["halation:PlatinumPhoenix","Coffee Dripper"],"picked":"Empty Cage"},{"not_picked":["Honey Jar","StSpp:JackpotMachine"],"picked":"animator:CerealBox"}],"items_purged_floors":[24],"is_endless":false,"potions_floor_spawned":[8,12,18,22,25,26,38,42],"killed_by":"Giant Head","ascension_level":0}}