{"host":"bxd97rc2ofc6op20","time":1610964129,"event":{"mods":["BaseMod","Googly Eyes","Minty Spire (QoL Compilation)"],"gold_per_floor":[11,26,26,45,60,93,104,29,29,59,72,72,83,110,110,214,214,228,256,271,271,281,316,11,11,38,138,164,164,174,174,174,270,270,285,303,303,313,35,66,66,86,112,140,156,182,200,210,210,210],"floor_reached":51,"language":"ENG","playtime":6445,"items_purged":["Defend_P","Defend_P","Strike_P"],"score":801,"play_id":"b5464af7-ceb3-4db5-b44b-48ce78f76b07","local_time":"20210118020209","is_ascension_mode":false,"campfire_choices":[{"data":"ClearTheMind","floor":12.0,"key":"SMITH"},{"data":"Vigilance","floor":15.0,"key":"SMITH"},{"floor":32,"key":"REST"},{"data":"Wallop","floor":41,"key":"SMITH"},{"data":"ConjureBlade","floor":49,"key":"SMITH"}],"circlet_count":0,"master_deck":["Strike_P","Strike_P","Strike_P","Eruption+1","Vigilance+1","ClearTheMind+1","Devotion","InnerPeace","DeceiveReality","Sanctity","WindmillStrike","FlurryOfBlows","FlurryOfBlows","ForeignInfluence","Wallop+1","DevaForm+1","Indignation","MasterReality+1","Fasting2+1","Evaluate+1","TalkToTheHand","FlurryOfBlows","Protect+1","J.A.X.","MentalFortress+1","Vault","Panacea","LikeWater+1","ConjureBlade+1","ThirdEye+1","CutThroughFate+1","Establishment+1"],"relics":["HolyWater","PreservedInsect","Eternal Feather","Kunai","Frozen Egg 2","Red Mask","TungstenRod","Bronze Scales","Juzu Bracelet","Peace Pipe","Question Card","Lizard Tail","Nilry\u0027s Codex","Snecko Eye","Chemical X","Vajra","Bird Faced Urn","Mummified Hand"],"acts_visited":["Exordium","TheCity","TheBeyond"],"potions_floor_usage":[19,19,28,28,28,33,38,40,42,44,48],"damage_taken":[{"damage":0.0,"enemies":"Small Slimes","floor":1.0,"turns":2.0},{"damage":2.0,"enemies":"2 Louse","floor":2.0,"turns":3.0},{"damage":12.0,"enemies":"Jaw Worm","floor":4.0,"turns":4.0},{"damage":1.0,"enemies":"2 Fungi Beasts","floor":5.0,"turns":3.0},{"damage":14.0,"enemies":"3 Sentries","floor":6.0,"turns":5.0},{"damage":1.0,"enemies":"Exordium Wildlife","floor":7.0,"turns":6.0},{"damage":0.0,"enemies":"Lagavulin","floor":10.0,"turns":4.0},{"damage":5.0,"enemies":"Looter","floor":11.0,"turns":2.0},{"damage":1.0,"enemies":"3 Louse","floor":13.0,"turns":2.0},{"damage":6.0,"enemies":"3 Sentries","floor":14.0,"turns":4.0},{"damage":6.0,"enemies":"Hexaghost","floor":16.0,"turns":7.0},{"damage":5.0,"enemies":"Spheric Guardian","floor":18.0,"turns":4.0},{"damage":10,"enemies":"Masked Bandits","floor":19,"turns":4},{"damage":0,"enemies":"Shell Parasite","floor":20,"turns":3},{"damage":19,"enemies":"Chosen and Byrds","floor":22,"turns":6},{"damage":16,"enemies":"Gremlin Leader","floor":23,"turns":6},{"damage":1,"enemies":"Colosseum Slavers","floor":27,"turns":4},{"damage":0,"enemies":"Colosseum Nobs","floor":27,"turns":3},{"damage":7,"enemies":"Book of Stabbing","floor":28,"turns":4},{"damage":27,"enemies":"Cultist and Chosen","floor":30,"turns":7},{"damage":41,"enemies":"Automaton","floor":33,"turns":7},{"damage":4,"enemies":"3 Darklings","floor":35,"turns":8},{"damage":4,"enemies":"3 Shapes","floor":36,"turns":5},{"damage":0,"enemies":"Maw","floor":38,"turns":8},{"damage":20,"enemies":"Nemesis","floor":40,"turns":8},{"damage":16,"enemies":"3 Darklings","floor":42,"turns":5},{"damage":25,"enemies":"Reptomancer","floor":44,"turns":6},{"damage":0,"enemies":"Jaw Worm Horde","floor":45,"turns":4},{"damage":14,"enemies":"Nemesis","floor":46,"turns":8},{"damage":0,"enemies":"Spire Growth","floor":47,"turns":6},{"damage":10,"enemies":"Transient","floor":48,"turns":6},{"damage":16,"enemies":"Time Eater","floor":50,"turns":9}],"seed_played":"5956546392717100481","potions_obtained":[{"floor":1.0,"key":"SteroidPotion"},{"floor":11.0,"key":"FearPotion"},{"floor":13.0,"key":"Dexterity Potion"},{"floor":16.0,"key":"BlessingOfTheForge"},{"floor":18.0,"key":"SpeedPotion"},{"floor":22,"key":"LiquidBronze"},{"floor":23,"key":"GamblersBrew"},{"floor":30,"key":"EssenceOfSteel"},{"floor":33,"key":"StancePotion"},{"floor":35,"key":"EssenceOfSteel"},{"floor":36,"key":"GamblersBrew"},{"floor":40,"key":"Regen Potion"},{"floor":45,"key":"Explosive Potion"},{"floor":48,"key":"Regen Potion"}],"is_trial":false,"path_per_floor":["M","M","?","M","M","E","M","$","T","E","M","R","M","E","R","B",null,"M","?","M","?","M","E","$","?","T","?","E","?","M","?","R","B",null,"M","M","?","M","$","E","R","M","T","E","M","E","M","M","R","B",null],"character_chosen":"WATCHER","items_purchased":["Bronze Scales","SpeedPotion","Chemical X"],"campfire_rested":1,"item_purchase_floors":[24,24,39],"current_hp_per_floor":[72,70,70,58,57,43,42,42,42,42,37,46,45,39,48,42,72,67,57,57,57,38,22,22,22,22,21,14,14,36,24,60,19,72,68,64,64,64,64,44,59,57,57,32,36,32,44,46,64,64],"gold":210,"neow_bonus":"REMOVE_TWO","is_daily":false,"chose_seed":false,"campfire_upgraded":4,"win_rate":0.0,"timestamp":1610964129,"path_taken":["M","M","?","M","M","E","M","$","T","E","M","R","M","E","R","BOSS","M","?","M","?","M","E","$","?","T","?","E","?","M","?","R","BOSS","M","M","?","M","$","E","R","M","T","E","M","E","M","M","R","BOSS"],"items_purchased_type":["Relic","Potion","Relic"],"build_version":"2020-12-22","purchased_purges":3,"victory":true,"max_hp_per_floor":[72,72,72,72,72,72,72,72,72,72,72,72,72,72,72,72,72,72,72,72,72,72,72,72,72,72,72,72,72,72,72,72,72,72,72,72,72,72,72,72,72,72,72,72,72,72,72,72,72,72],"card_choices":[{"not_picked":["DeceiveReality","EmptyFist"],"picked":"ClearTheMind","floor":1.0},{"not_picked":["ThirdEye","EmptyFist"],"picked":"Devotion","floor":2.0},{"not_picked":["CrushJoints","Sanctity"],"picked":"InnerPeace","floor":4.0},{"not_picked":["FollowUp","FlyingSleeves"],"picked":"DeceiveReality","floor":5.0},{"not_picked":["Halt","PathToVictory"],"picked":"Sanctity","floor":6.0},{"not_picked":["BattleHymn","FollowUp"],"picked":"WindmillStrike","floor":7.0},{"not_picked":["Sanctity","EmptyFist"],"picked":"FlurryOfBlows","floor":10.0},{"not_picked":["Halt","Study"],"picked":"FlurryOfBlows","floor":11.0},{"not_picked":["ThirdEye","BowlingBash"],"picked":"ForeignInfluence","floor":13.0},{"not_picked":["SpiritShield","ThirdEye"],"picked":"Wallop","floor":14.0},{"not_picked":["Establishment+1","Scrawl"],"picked":"DevaForm+1","floor":16.0},{"not_picked":["EmptyFist","Protect"],"picked":"Indignation","floor":18.0},{"not_picked":["Halt+1","BowlingBash"],"picked":"MasterReality+1","floor":20},{"not_picked":["Study+1","FlyingSleeves"],"picked":"Evaluate+1","floor":22},{"not_picked":["EmptyFist","Conclude"],"picked":"TalkToTheHand","floor":23},{"not_picked":["LikeWater+1","Halt"],"picked":"FlurryOfBlows","floor":27},{"not_picked":["WheelKick","Perseverance","BowlingBash"],"picked":"Protect+1","floor":28},{"not_picked":["BowlingBash+1","ClearTheMind","Halt"],"picked":"MentalFortress+1","floor":30},{"not_picked":["Blasphemy","Omniscience","DevaForm+1"],"picked":"Vault","floor":33},{"not_picked":["Halt+1","TalkToTheHand","Nirvana+1","Evaluate+1"],"picked":"SKIP","floor":35},{"not_picked":["TalkToTheHand+1","InnerPeace+1","CarveReality+1","FlyingSleeves"],"picked":"SKIP","floor":36},{"not_picked":["Forethought","Magnetism+1","Trip"],"picked":"Panacea","floor":37},{"not_picked":["JustLucky","SashWhip","EmptyBody","ClearTheMind"],"picked":"SKIP","floor":38},{"not_picked":["FearNoEvil+1","ThirdEye","WindmillStrike"],"picked":"LikeWater+1","floor":40},{"not_picked":["FlurryOfBlows","JustLucky","Halt+1","Evaluate+1"],"picked":"SKIP","floor":42},{"not_picked":["JustLucky+1","Crescendo","FollowUp+1"],"picked":"ConjureBlade","floor":44},{"not_picked":["Worship+1","JustLucky+1","Evaluate","SashWhip"],"picked":"SKIP","floor":45},{"not_picked":["Vengeance+1","BowlingBash","Conclude+1"],"picked":"ThirdEye+1","floor":46},{"not_picked":["FollowUp+1","ForeignInfluence+1","EmptyFist"],"picked":"CutThroughFate+1","floor":47},{"not_picked":["EmptyFist+1","ClearTheMind","BowlingBash+1"],"picked":"Establishment+1","floor":48}],"player_experience":312355,"relics_obtained":[{"floor":6.0,"key":"PreservedInsect"},{"floor":9.0,"key":"Eternal Feather"},{"floor":10.0,"key":"Kunai"},{"floor":14.0,"key":"Frozen Egg 2"},{"floor":19,"key":"Red Mask"},{"floor":23,"key":"TungstenRod"},{"floor":26,"key":"Juzu Bracelet"},{"floor":27,"key":"Peace Pipe"},{"floor":27,"key":"Question Card"},{"floor":28,"key":"Lizard Tail"},{"floor":31,"key":"Nilry\u0027s Codex"},{"floor":40,"key":"Vajra"},{"floor":44,"key":"Bird Faced Urn"},{"floor":46,"key":"Mummified Hand"}],"event_choices":[{"damage_healed":0.0,"max_hp_gain":0.0,"max_hp_loss":0.0,"gold_gain":0.0,"event_name":"Living Wall","player_choice":"Grow","floor":3.0,"gold_loss":0.0,"damage_taken":0.0,"cards_upgraded":["Eruption"]},{"damage_healed":0,"gold_gain":0,"player_choice":"Fought Bandits","damage_taken":0,"max_hp_gain":0,"max_hp_loss":0,"event_name":"Masked Bandits","floor":19,"gold_loss":0},{"damage_healed":0,"gold_gain":0,"player_choice":"Read","damage_taken":0,"max_hp_gain":0,"max_hp_loss":0,"event_name":"The Library","floor":21,"gold_loss":0,"cards_obtained":["Fasting2"]},{"damage_healed":0,"gold_gain":0,"player_choice":"Ignored","damage_taken":0,"max_hp_gain":0,"max_hp_loss":0,"event_name":"Ghosts","floor":25,"gold_loss":0},{"damage_healed":0,"gold_gain":0,"player_choice":"Fight","damage_taken":0,"max_hp_gain":0,"max_hp_loss":0,"event_name":"Colosseum","floor":27,"gold_loss":0},{"damage_healed":0,"gold_gain":0,"player_choice":"Fought Nobs","damage_taken":0,"max_hp_gain":0,"max_hp_loss":0,"event_name":"Colosseum","floor":27,"gold_loss":0},{"damage_healed":0,"gold_gain":0,"player_choice":"Obtain J.A.X.","damage_taken":0,"max_hp_gain":0,"max_hp_loss":0,"event_name":"Drug Dealer","floor":29,"gold_loss":0,"cards_obtained":["J.A.X."]},{"damage_healed":0,"gold_gain":0,"player_choice":"Obtained Book","damage_taken":16,"max_hp_gain":0,"max_hp_loss":0,"event_name":"Cursed Tome","floor":31,"gold_loss":0},{"damage_healed":0,"gold_gain":0,"player_choice":"Memory 1","damage_taken":0,"max_hp_gain":0,"max_hp_loss":0,"event_name":"SensoryStone","floor":37,"gold_loss":0}],"is_beta":false,"boss_relics":[{"not_picked":["Runic Dome","Fusion Hammer"],"picked":"HolyWater"},{"not_picked":["Runic Pyramid","Empty Cage"],"picked":"Snecko Eye"}],"items_purged_floors":[8,24,39],"is_endless":false,"potions_floor_spawned":[1,11,13,16,18,22,23,27,30,33,35,36,40,45,48],"ascension_level":0}}