{"host":"h4qgcirtxz6qax9j","time":1610984392,"event":{"mods":["AchievementEnabler","BaseMod","Colored Powertips","Hermit","Minty Spire (QoL Compilation)","StSLib","SuperFastMode","The Servant 0.9.4"],"gold_per_floor":[113,124,136,211,231,231,262,262,287,88,88,114,125,142,142,142,142],"floor_reached":16,"language":"KOR","playtime":422,"items_purged":[],"score":129,"play_id":"ac2e34aa-8b20-4e53-addf-2f4fba7f089e","local_time":"20210119003952","is_ascension_mode":true,"campfire_choices":[{"data":"KidneyShot","floor":6,"key":"SMITH"},{"floor":8,"key":"REST"},{"floor":15,"key":"REST"}],"circlet_count":0,"master_deck":["Strike_S","Strike_S","Strike_S","Strike_S","Defend_S","Defend_S","Defend_S","Defend_S","KidneyShot+1","Exchange","Desolation","Defy","SurpressingFire","Potential+1","KillingDoll+1","Ricochet","Potential","InstantArmor"],"relics":["Uniform","Nunchaku","Centennial Puzzle","PreservedInsect","Whetstone"],"acts_visited":["Exordium"],"potions_floor_usage":[16,16,16],"damage_taken":[{"damage":1,"enemies":"Small Slimes","floor":1,"turns":4},{"damage":0,"enemies":"2 Louse","floor":2,"turns":2},{"damage":0,"enemies":"Cultist","floor":3,"turns":3},{"damage":3,"enemies":"3 Louse","floor":5,"turns":6},{"damage":44,"enemies":"Lagavulin","floor":7,"turns":8},{"damage":15,"enemies":"3 Sentries","floor":12,"turns":6},{"damage":0,"enemies":"Exordium Wildlife","floor":13,"turns":3},{"damage":9,"enemies":"Blue Slaver","floor":14,"turns":2},{"damage":50,"enemies":"The Guardian","floor":16,"turns":12}],"seed_played":"-6239438954983464777","potions_obtained":[{"floor":1,"key":"Dexterity Potion"},{"floor":5,"key":"BlessingOfTheForge"},{"floor":7,"key":"Explosive Potion"},{"floor":13,"key":"Dexterity Potion"}],"is_trial":false,"path_per_floor":["M","M","M","?","M","R","E","R","T","$","?","E","M","M","R","B"],"character_chosen":"THE_SERVANT","items_purchased":["Ricochet","PreservedInsect"],"campfire_rested":2,"item_purchase_floors":[10,10],"current_hp_per_floor":[64,64,64,53,50,50,6,25,25,25,46,31,31,22,41,0,0],"gold":142,"neow_bonus":"THREE_CARDS","is_daily":false,"chose_seed":false,"campfire_upgraded":1,"win_rate":0.0,"timestamp":1610984392,"path_taken":["M","M","M","?","M","R","E","R","T","$","?","E","M","M","R","BOSS"],"items_purchased_type":["Card","Relic"],"build_version":"2020-12-22","purchased_purges":0,"victory":false,"max_hp_per_floor":[65,65,65,65,65,65,65,65,65,65,65,65,65,65,65,65,65],"card_choices":[{"not_picked":["Unruled","Moondial"],"picked":"Desolation","floor":0},{"not_picked":["Potential","StarChef"],"picked":"Defy","floor":1},{"not_picked":["Replace","GearUp"],"picked":"SurpressingFire","floor":2},{"not_picked":["Misdirection","Manipulate","SpecialFormula"],"picked":"SKIP","floor":3},{"not_picked":["Snipe","ShiftingGears"],"picked":"Potential","floor":5},{"not_picked":["Contraction","Alleviate"],"picked":"KillingDoll","floor":7},{"not_picked":["Alleviate","Foresight"],"picked":"Potential","floor":12},{"not_picked":["Spin","FastForward","Deadline"],"picked":"SKIP","floor":13},{"not_picked":["Hightail","Potential"],"picked":"InstantArmor","floor":14}],"player_experience":67008,"relics_obtained":[{"floor":7,"key":"Nunchaku"},{"floor":9,"key":"Centennial Puzzle"},{"floor":12,"key":"Whetstone"}],"event_choices":[{"damage_healed":0,"gold_gain":75,"player_choice":"Gather Gold","damage_taken":11,"max_hp_gain":0,"max_hp_loss":0,"event_name":"World of Goop","floor":4,"gold_loss":0},{"damage_healed":21,"gold_gain":0,"player_choice":"Banana","damage_taken":0,"max_hp_gain":0,"max_hp_loss":0,"event_name":"Big Fish","floor":11,"gold_loss":0}],"is_beta":false,"boss_relics":[],"items_purged_floors":[],"is_endless":false,"potions_floor_spawned":[1,5,7,12,13],"killed_by":"The Guardian","ascension_level":3}}