{"host":"7yx2g6m5jzlw8cjb","time":1610956960,"event":{"mods":["BaseMod","Downfall","Minty Spire (QoL Compilation)","Quick Restart","StSLib"],"gold_per_floor":[99,99,99,99,199,199,222,222,232,247,259,275,41,71,89,89,89,89],"floor_reached":16,"language":"ZHS","playtime":1110,"items_purged":["downfall:Aged"],"score":90,"play_id":"1111b321-7646-425f-81d1-8ac203b94e19","local_time":"20210118160240","is_ascension_mode":false,"campfire_choices":[{"data":"Slimebound:CorrosiveSpit","floor":1.0,"key":"SMITH"},{"data":"Slimebound:Gluttony","floor":6.0,"key":"SMITH"},{"floor":8.0,"key":"REST"}],"circlet_count":0,"master_deck":["Slimebound:Strike_Slimebound","Slimebound:Strike_Slimebound","Slimebound:Strike_Slimebound","Slimebound:Tackle","Slimebound:Defend_Slimebound","Slimebound:Defend_Slimebound","Slimebound:Defend_Slimebound","Slimebound:Defend_Slimebound","Slimebound:Split","Slimebound:CorrosiveSpit+1","Slimebound:HauntingLick","Slimebound:HauntingLick","Slimebound:TongueLash","Slimebound:SplitMire","Slimebound:Split","Slimebound:SplitAcid","Slimebound:Gluttony+1","Slimebound:CheckThePlaybook","Bandage Up","Slimebound:HauntingLick","Slimebound:Repurpose","Slimebound:ItLooksTasty","Slimebound:Prepare"],"relics":["Slimebound:AbsorbEndCombat","downfall:HeartsMalice","downfall:GremlinSack","Art of War","MealTicket"],"acts_visited":["Exordium"],"potions_floor_usage":[12,15,16,16],"damage_taken":[{"damage":0.0,"enemies":"Cultist","floor":2.0,"turns":1.0},{"damage":0.0,"enemies":"downfall:FleeingMerchant","floor":3.0,"turns":1.0},{"damage":0.0,"enemies":"2 Louse","floor":4.0,"turns":1.0},{"damage":65.0,"enemies":"2 Louse","floor":5.0,"turns":5.0},{"damage":3.0,"enemies":"Small Slimes","floor":9.0,"turns":2.0},{"damage":11.0,"enemies":"3 Louse","floor":10.0,"turns":3.0},{"damage":8.0,"enemies":"Exordium Thugs","floor":11.0,"turns":4.0},{"damage":0,"enemies":"Red Slaver","floor":12,"turns":2},{"damage":0,"enemies":"downfall:FleeingMerchant","floor":13,"turns":4},{"damage":11,"enemies":"Large Slime","floor":15,"turns":4},{"damage":30,"enemies":"DF_ARCHETYPE_STREAMLINE","floor":16,"turns":5}],"seed_played":"-8913937814796142299","potions_obtained":[{"floor":5.0,"key":"Guardian:BlockOnCardUsePotion"},{"floor":9.0,"key":"Weak Potion"},{"floor":10.0,"key":"Weak Potion"},{"floor":15,"key":"AttackPotion"}],"is_trial":false,"path_per_floor":["R","M","$","M","?","R","T","R","M","M","M","M","$","?","M","B"],"character_chosen":"SLIMEBOUND","items_purchased":["MealTicket"],"campfire_rested":1,"item_purchase_floors":[13],"current_hp_per_floor":[65,65,65,65,3,3,3,22,24,18,17,19,24,24,18,0,0,0],"gold":89,"neow_bonus":"THREE_ENEMY_KILL","is_daily":false,"chose_seed":false,"campfire_upgraded":2,"win_rate":0.0,"timestamp":1610956960,"path_taken":["R","M","$","?","?","R","T","R","M","?","M","M","$","?","M","BOSS"],"items_purchased_type":["Relic"],"build_version":"2020-12-22","purchased_purges":1,"victory":false,"max_hp_per_floor":[65,65,65,65,65,65,65,65,65,65,65,65,65,65,65,65,65,65],"card_choices":[{"not_picked":["Slimebound:ViciousTackle","Slimebound:MegaLick"],"picked":"Slimebound:HauntingLick","floor":2.0},{"not_picked":["Slimebound:AcidTongue","Slimebound:GoopTackle"],"picked":"Slimebound:HauntingLick","floor":3.0},{"not_picked":["Slimebound:LivingWall","Slimebound:ComboTackle"],"picked":"Slimebound:TongueLash","floor":4.0},{"not_picked":["Slimebound:FlameTackle","Slimebound:ComboTackle"],"picked":"Slimebound:SplitMire","floor":5.0},{"not_picked":["Slimebound:SlimeBrawl","Slimebound:SplitAcid"],"picked":"Slimebound:HauntingLick","floor":9.0},{"not_picked":["Slimebound:SplitBruiser","Slimebound:SlimeBarrage"],"picked":"Slimebound:Repurpose","floor":10.0},{"not_picked":["Slimebound:SamplingLick","Slimebound:ComboTackle","Slimebound:SplitMire"],"picked":"SKIP","floor":11.0},{"not_picked":["Slimebound:PressTheAttack","Slimebound:Chomp","Slimebound:SplitAcid"],"picked":"SKIP","floor":12},{"not_picked":["Slimebound:FinishingTackle","Slimebound:LevelUp"],"picked":"Slimebound:ItLooksTasty","floor":13},{"not_picked":["Slimebound:FinishingTackle","Slimebound:Chomp"],"picked":"Slimebound:Prepare","floor":15}],"player_experience":375053,"relics_obtained":[{"floor":5.0,"key":"downfall:GremlinSack"},{"floor":7.0,"key":"Art of War"}],"event_choices":[],"is_beta":false,"boss_relics":[],"items_purged_floors":[13],"is_endless":false,"potions_floor_spawned":[5,9,10,15],"killed_by":"DF_ARCHETYPE_STREAMLINE","ascension_level":0}}