{"host":"wshh0nphwn6jv7vj","time":1610955705,"event":{"mods":["BaseMod","Bestiary","Minty Spire (QoL Compilation)","Relic Stats"],"gold_per_floor":[367,42,42,59,78,112,131,147,172,187,14,28,28,39,39,115,115,132,149,149,163,182,182,214,6,33,33,67,67,35,58,58,58,58],"floor_reached":33,"language":"ENG","playtime":1442,"items_purged":["Parasite"],"score":501,"play_id":"e3503a11-6596-47ee-88da-7b532bf94206","local_time":"20210118024145","is_ascension_mode":true,"campfire_choices":[{"data":"Defragment","floor":13,"key":"SMITH"},{"data":"Seek","floor":15,"key":"SMITH"},{"floor":23,"key":"REST"},{"data":"Recycle","floor":27,"key":"SMITH"},{"data":"Coolheaded","floor":29,"key":"SMITH"},{"floor":32,"key":"REST"}],"circlet_count":0,"master_deck":["AscendersBane","Strike_B","Strike_B","Strike_B","Strike_B","Defend_B","Defend_B","Defend_B","Defend_B","Zap","Dualcast","BootSequence","Defragment+1","Ball Lightning","Glacier","Seek+1","Static Discharge","Leap","Electrodynamics","Reinforced Body","Coolheaded+1","Loop","Ball Lightning","Streamline+1","Coolheaded","Capacitor","Compile Driver","Double Energy","Recycle+1","Capacitor","Lockon","Loop"],"relics":["Cracked Core","Blood Vial","Potion Belt","Orrery","Velvet Choker","Enchiridion","Red Mask","OrangePellets","CeramicFish","Vajra"],"acts_visited":["Exordium","TheCity"],"potions_floor_usage":[5,6,16,28,31,33],"damage_taken":[{"damage":7,"enemies":"Jaw Worm","floor":1,"turns":3},{"damage":8,"enemies":"Cultist","floor":4,"turns":5},{"damage":0,"enemies":"2 Louse","floor":5,"turns":3},{"damage":11,"enemies":"Lagavulin","floor":6,"turns":8},{"damage":0,"enemies":"Blue Slaver","floor":7,"turns":4},{"damage":4,"enemies":"Exordium Wildlife","floor":8,"turns":6},{"damage":4,"enemies":"Exordium Thugs","floor":10,"turns":5},{"damage":0,"enemies":"3 Louse","floor":12,"turns":1},{"damage":0,"enemies":"Blue Slaver","floor":14,"turns":4},{"damage":13,"enemies":"Slime Boss","floor":16,"turns":8},{"damage":10,"enemies":"Chosen","floor":18,"turns":4},{"damage":16,"enemies":"Spheric Guardian","floor":19,"turns":4},{"damage":0,"enemies":"Cultist and Chosen","floor":21,"turns":5},{"damage":0,"enemies":"Snecko","floor":22,"turns":4},{"damage":2,"enemies":"Masked Bandits","floor":24,"turns":2},{"damage":25,"enemies":"Slavers","floor":28,"turns":4},{"damage":8,"enemies":"Chosen and Byrds","floor":31,"turns":6},{"damage":40,"enemies":"Automaton","floor":33,"turns":6}],"seed_played":"-3839773064386534871","potions_obtained":[{"floor":3,"key":"ColorlessPotion"},{"floor":3,"key":"AttackPotion"},{"floor":8,"key":"Dexterity Potion"},{"floor":10,"key":"FearPotion"},{"floor":14,"key":"SkillPotion"},{"floor":24,"key":"Fire Potion"},{"floor":28,"key":"Fire Potion"}],"is_trial":false,"path_per_floor":["M","$","?","M","M","E","M","M","T","M","$","M","R","M","R","B",null,"M","M","?","M","M","R","?","$","T","R","E","R","$","M","R","B"],"character_chosen":"DEFECT","items_purchased":["Blood Vial","Defragment","Orrery","OrangePellets","Recycle","Lockon"],"campfire_rested":2,"item_purchase_floors":[2,2,11,25,25,30],"current_hp_per_floor":[57,57,57,51,53,44,46,44,44,42,42,44,44,46,46,35,60,52,38,17,19,21,41,41,41,41,41,18,18,18,12,32,0,0],"gold":58,"neow_bonus":"TWO_FIFTY_GOLD","is_daily":false,"chose_seed":false,"campfire_upgraded":4,"win_rate":0.0,"timestamp":1610955705,"path_taken":["M","$","?","M","?","E","M","M","T","M","$","M","R","M","R","BOSS","M","M","?","M","M","R","?","$","T","R","E","R","?","M","R","BOSS"],"items_purchased_type":["Relic","Card","Relic","Relic","Card","Card"],"build_version":"2020-12-22","purchased_purges":1,"victory":false,"max_hp_per_floor":[71,68,68,68,68,68,68,68,68,68,68,68,68,68,68,68,68,68,68,68,68,68,68,68,68,68,68,68,68,68,68,68,68,68],"relic_stats":{"Blood Vial":34,"OrangePellets":[1],"counters":[18,81],"CeramicFish":27,"obtain_stats":[{"Blood Vial":2,"Potion Belt":6,"OrangePellets":25,"CeramicFish":26,"Orrery":11,"Velvet Choker":17,"Enchiridion":20,"Vajra":28,"Red Mask":24,"Cracked Core":0},{"Blood Vial":1,"Potion Belt":4,"OrangePellets":15,"CeramicFish":15,"Orrery":7,"Velvet Choker":10,"Enchiridion":12,"Vajra":16,"Red Mask":15,"Cracked Core":0},{"Blood Vial":3,"Potion Belt":19,"OrangePellets":65,"CeramicFish":65,"Orrery":34,"Velvet Choker":47,"Enchiridion":55,"Vajra":69,"Red Mask":65,"Cracked Core":0}]},"card_choices":[{"not_picked":["Recycle","Coolheaded"],"picked":"BootSequence","floor":1},{"not_picked":["Beam Cell","Leap"],"picked":"Ball Lightning","floor":4},{"not_picked":["Steam","White Noise"],"picked":"Glacier","floor":5},{"not_picked":["Leap","Ball Lightning"],"picked":"Seek","floor":6},{"not_picked":["BootSequence","Rebound","Steam"],"picked":"SKIP","floor":7},{"not_picked":["Cold Snap","Beam Cell"],"picked":"Static Discharge","floor":8},{"not_picked":["Machine Learning","Loop"],"picked":"Leap","floor":10},{"not_picked":["Melter","Compile Driver"],"picked":"Electrodynamics","floor":11},{"not_picked":["Stack","Heatsinks"],"picked":"Reinforced Body","floor":11},{"not_picked":["Reinforced Body","Chaos"],"picked":"Coolheaded","floor":11},{"not_picked":["Lockon","Leap"],"picked":"Loop","floor":11},{"not_picked":["Steam","Fusion"],"picked":"Ball Lightning","floor":11},{"not_picked":["Rebound","Stack","Beam Cell"],"picked":"SKIP","floor":12},{"not_picked":["Steam","Rebound","Gash"],"picked":"SKIP","floor":14},{"not_picked":["Leap","Barrage"],"picked":"Streamline+1","floor":18},{"not_picked":["Rebound","Gash+1"],"picked":"Coolheaded","floor":19},{"not_picked":["Doom and Gloom","Streamline"],"picked":"Capacitor","floor":21},{"not_picked":["Genetic Algorithm","Hologram"],"picked":"Compile Driver","floor":22},{"not_picked":["Cold Snap","Fusion"],"picked":"Double Energy","floor":24},{"not_picked":["Stack","Rebound"],"picked":"Capacitor","floor":28},{"not_picked":["Steam","Redo"],"picked":"Loop","floor":31}],"player_experience":1583305,"relics_obtained":[{"floor":6,"key":"Potion Belt"},{"floor":20,"key":"Enchiridion"},{"floor":24,"key":"Red Mask"},{"floor":26,"key":"CeramicFish"},{"floor":28,"key":"Vajra"}],"event_choices":[{"damage_healed":0,"gold_gain":0,"player_choice":"Got Potions","damage_taken":0,"max_hp_gain":0,"max_hp_loss":0,"event_name":"Lab","floor":3,"gold_loss":0},{"damage_healed":0,"gold_gain":0,"player_choice":"Obtained Book","damage_taken":21,"max_hp_gain":0,"max_hp_loss":0,"event_name":"Cursed Tome","floor":20,"gold_loss":0},{"damage_healed":0,"gold_gain":0,"player_choice":"Fought Bandits","damage_taken":0,"max_hp_gain":0,"max_hp_loss":0,"event_name":"Masked Bandits","floor":24,"gold_loss":0}],"is_beta":false,"boss_relics":[{"not_picked":["Philosopher\u0027s Stone","FrozenCore"],"picked":"Velvet Choker"}],"items_purged_floors":[2],"is_endless":false,"potions_floor_spawned":[4,8,10,14,24,28],"killed_by":"Automaton","ascension_level":17}}