{"host":"8aoim7owc9xd4zca","time":1610997877,"event":{"mods":["AchievementEnabler","BaseMod","Colored Powertips","Highlight Path","Minty Spire (QoL Compilation)","Permanent Neow","Rare Cards Sparkle","Replay The Spire","StSLib"],"gold_per_floor":[214,135,135,135,135,169,189,189,189,189,217,392,392,406,406,501,501,511,525,525,255,67,67,95,95,95],"floor_reached":25,"language":"ENG","playtime":1679,"items_purged":["Injury"],"score":341,"play_id":"7ef651a5-1d1f-4242-bc30-08f7cda02edd","local_time":"20210118112437","is_ascension_mode":true,"campfire_choices":[{"floor":8,"key":"REST"},{"floor":10,"key":"REST"},{"floor":13,"key":"REST"},{"floor":15,"key":"REST"},{"floor":23,"key":"REST"}],"circlet_count":0,"master_deck":["Strike_B+1","Defend_B","Defend_B+1","Zap","Dualcast","Cold Snap","Capacitor+1","BootSequence","Hello World","Compile Driver+1","Fusion","Redo","Darkness","Turbo","Thunder Strike+1","Biased Cognition+1","Redo+1","BasicCrystalCard","Panic Button","Recycle","Glacier","ReplayTheSpireMod:IOU","ReplayTheSpireMod:IOU","ReplayTheSpireMod:IOU","ReplayTheSpireMod:IOU","Static Discharge","Lockon","Apotheosis","Enlightenment","Go for the Eyes+1"],"relics":["Cracked Core","Replay:Bottled Eggs","Dream Catcher","Replay:Bottled Steam","Symbiotic Virus","Astrolabe","Replay:Wax Seal","Solar Panel","Whetstone","Prayer Wheel"],"acts_visited":["Exordium","TheCity"],"potions_floor_usage":[11,16,22,24,24],"damage_taken":[{"damage":0,"enemies":"Cultist","floor":1,"turns":3},{"damage":19,"enemies":"3 Sentries","floor":6,"turns":10},{"damage":0,"enemies":"Small Slimes","floor":7,"turns":3},{"damage":14,"enemies":"Gremlin Nob","floor":11,"turns":4},{"damage":7,"enemies":"Jaw Worm","floor":14,"turns":3},{"damage":0,"enemies":"Slime Boss","floor":16,"turns":8},{"damage":18,"enemies":"Shell Parasite","floor":18,"turns":4},{"damage":18,"enemies":"3 Byrds","floor":19,"turns":4},{"damage":14,"enemies":"Centurion and Healer","floor":22,"turns":4},{"damage":63,"enemies":"Gremlin Leader","floor":24,"turns":9},{"damage":30,"enemies":"Snecko","floor":25,"turns":3}],"seed_played":"-5874398472031234872","potions_obtained":[{"floor":7,"key":"DistilledChaos"},{"floor":11,"key":"Toxic Potion"},{"floor":14,"key":"Dexterity Potion"},{"floor":19,"key":"PowerPotion"},{"floor":22,"key":"Block Potion"}],"is_trial":false,"path_per_floor":["M","$","?","?","?","E","M","R","T","R","E","?","R","M","R","B",null,"M","M","?","$","M","R","E","M"],"character_chosen":"DEFECT","items_purchased":["Capacitor","Replay:Wax Seal","Solar Panel","Static Discharge","Lockon","Apotheosis","Enlightenment","FairyPotion"],"campfire_rested":5,"item_purchase_floors":[2,21,21,21,21,21,21,21],"current_hp_per_floor":[75,75,63,48,41,22,22,44,44,66,52,52,74,67,75,75,75,57,39,39,39,27,49,14,0,0],"gold":95,"neow_bonus":"HUNDRED_GOLD","is_daily":false,"chose_seed":false,"campfire_upgraded":0,"win_rate":0.0,"timestamp":1610997877,"path_taken":["M","?","?","?","?","E","M","R","T","R","E","?","R","?","R","BOSS","M","M","?","$","M","R","E","M"],"items_purchased_type":["Card","Relic","Relic","Card","Card","Card","Card","Potion"],"build_version":"2020-12-22","purchased_purges":1,"victory":false,"max_hp_per_floor":[75,75,75,75,75,75,75,75,75,75,75,75,75,75,75,75,75,75,75,75,75,75,75,75,75,75],"card_choices":[{"not_picked":["Conserve Battery","ReplaySort"],"picked":"Cold Snap","floor":1},{"not_picked":["Leap","ReplayTheSpireMod:Omega Cannon"],"picked":"BootSequence","floor":6},{"not_picked":["Barrage","Turbo"],"picked":"Hello World","floor":7},{"not_picked":["BootSequence","Cold Snap"],"picked":"Compile Driver","floor":8},{"not_picked":["Coolheaded","Auto Shields"],"picked":"Fusion","floor":10},{"not_picked":["Conserve Battery","Gash","Coolheaded"],"picked":"SKIP","floor":11},{"not_picked":["Hello World","Sweeping Beam"],"picked":"Redo","floor":13},{"not_picked":["Coolheaded","Go for the Eyes"],"picked":"Darkness","floor":14},{"not_picked":["ReplayTheSpireMod:GoodbyeWorld","Beam Cell"],"picked":"Turbo","floor":15},{"not_picked":["Machine Learning","Echo Form"],"picked":"Thunder Strike","floor":16},{"not_picked":["ReplayTheSpireMod:GoodbyeWorld+1","Steam+1"],"picked":"BasicCrystalCard","floor":18},{"not_picked":["Glacier+1","Steam+1"],"picked":"Panic Button","floor":19},{"not_picked":["Stack","BasicCrystalCard","Scrape+1"],"picked":"SKIP","floor":22},{"not_picked":["ReplaySort","Beam Cell"],"picked":"Go for the Eyes+1","floor":23},{"not_picked":["Ball Lightning","Chill"],"picked":"ReplayTheSpireMod:Fabricate Wheel","floor":24}],"player_experience":260749,"relics_obtained":[{"floor":6,"key":"Dream Catcher"},{"floor":9,"key":"Replay:Bottled Steam"},{"floor":11,"key":"Symbiotic Virus"},{"floor":24,"key":"Whetstone"}],"event_choices":[{"damage_healed":0,"gold_gain":0,"player_choice":"Success","damage_taken":12,"relics_obtained":["Replay:Bottled Eggs"],"max_hp_gain":0,"max_hp_loss":0,"event_name":"Scrap Ooze","floor":3,"gold_loss":0},{"damage_healed":0,"gold_gain":0,"player_choice":"Entered Light","damage_taken":15,"max_hp_gain":0,"max_hp_loss":0,"event_name":"Shining Light","floor":4,"gold_loss":0,"cards_upgraded":["Defend_B","Strike_B"]},{"cards_removed":["Strike_B"],"damage_healed":0,"gold_gain":0,"player_choice":"Card Removal","damage_taken":7,"max_hp_gain":0,"max_hp_loss":0,"event_name":"Golden Wing","floor":5,"gold_loss":0},{"damage_healed":0,"gold_gain":175,"player_choice":"AGREE","damage_taken":0,"max_hp_gain":0,"max_hp_loss":0,"event_name":"Liars Game","floor":12,"gold_loss":0,"cards_obtained":["Doubt"]},{"damage_healed":0,"gold_gain":0,"cards_transformed":["Defend_B","Defend_B"],"player_choice":"Became Test Subject","damage_taken":0,"max_hp_gain":0,"max_hp_loss":0,"event_name":"Drug Dealer","floor":20,"gold_loss":0,"cards_obtained":["Recycle","Glacier"]}],"is_beta":false,"boss_relics":[{"not_picked":["ChewingGum","Philosopher\u0027s Stone"],"picked":"Astrolabe"}],"items_purged_floors":[21],"is_endless":false,"potions_floor_spawned":[7,11,14,19,22],"killed_by":"Snecko","ascension_level":1}}