{"host":"o5jvvi5yapo90aia","time":1610938313,"event":{"mods":["BaseMod","CapriCore","Minty Spire (QoL Compilation)","MostiFishMod","Prisma Mod","Spicy Shops","StSLib","TestMod","The Immortal","Yakumo Yukari mod","【人物mod】游戏王New YuGiOh mod","【功能Mod】Neow奖励"],"gold_per_floor":[116,116,116,266,287,327,327,351,351,373,405,405,423,104,104,185,185,208,208,229,229,229,229,259,283,307,136,156,173,173,210,210,290,290,307,307,312,312],"floor_reached":37,"language":"ZHS","playtime":591,"items_purged":[],"score":1109,"play_id":"661e2b11-0a4b-4411-9ef7-f6c484e1e37c","local_time":"20210118105153","is_ascension_mode":true,"campfire_choices":[{"floor":7.0,"key":"RECALL"},{"data":"MostiFishMod:404NotFound","floor":12.0,"key":"SMITH"},{"data":"Searing Blow","floor":15.0,"key":"SMITH"},{"floor":23.0,"key":"REST"},{"data":"Sword Boomerang","floor":30.0,"key":"SMITH"},{"data":"Infernal Blade","floor":32.0,"key":"SMITH"}],"circlet_count":0,"master_deck":["AscendersBane","MostiFishMod:BrandingRite"],"relics":["DaveBox","testmod-TestBox","testmod-KeyOfTheVoid","TimeKeys","testmod-NegativeEmotionEnhancer","SynthV:TestCard","testmod-Hope","Matryoshka","Pen Nib","Calipers","ChiXiaoBlade","Pear","Gremlin Horn","Medical Kit","Oddly Smooth Stone","NightmareShop"],"acts_visited":["Exordium","TheCity","TheBeyond"],"potions_floor_usage":[],"damage_taken":[{"damage":10.0,"enemies":"Small Slimes","floor":1.0,"turns":4.0},{"damage":0.0,"enemies":"2 Louse","floor":5.0,"turns":2.0},{"damage":0.0,"enemies":"3 Sentries","floor":6.0,"turns":1.0},{"damage":0.0,"enemies":"Cultist","floor":8.0,"turns":1.0},{"damage":0.0,"enemies":"Exordium Wildlife","floor":10.0,"turns":1.0},{"damage":0.0,"enemies":"Lagavulin","floor":11.0,"turns":1.0},{"damage":0.0,"enemies":"3 Louse","floor":13.0,"turns":1.0},{"damage":0.0,"enemies":"Hexaghost","floor":16.0,"turns":1.0},{"damage":0.0,"enemies":"2 Thieves","floor":18.0,"turns":1.0},{"damage":54.0,"enemies":"Spheric Guardian","floor":20.0,"turns":6.0},{"damage":24.0,"enemies":"Slavers","floor":24.0,"turns":2.0},{"damage":27.0,"enemies":"Centurion and Healer","floor":25.0,"turns":3.0},{"damage":0.0,"enemies":"3 Cultists","floor":28.0,"turns":1.0},{"damage":8.0,"enemies":"Chosen and Byrds","floor":29.0,"turns":2.0},{"damage":2.0,"enemies":"Gremlin Leader","floor":31.0,"turns":1.0},{"damage":104.0,"enemies":"Champ","floor":33.0,"turns":16.0},{"damage":3.0,"enemies":"Orb Walker","floor":35.0,"turns":2.0},{"damage":104,"enemies":"2 Orb Walkers","floor":37,"turns":4}],"seed_played":"-582653484194073761","potions_obtained":[{"floor":8.0,"key":"Ancient Potion"},{"floor":11.0,"key":"SpeedPotion"},{"floor":28.0,"key":"BloodPotion"},{"floor":33.0,"key":"Explosive Potion"}],"is_trial":false,"path_per_floor":["M","?","?","?","M","E","R","M","T","M","E","R","M","$","R","B",null,"M","?","M","?","?","R","E","M","T","$","M","M","R","E","R","B",null,"M","$","?"],"character_chosen":"IRONCLAD","items_purchased":["Calipers","Medical Kit"],"campfire_rested":1,"item_purchase_floors":[14,27],"current_hp_per_floor":[63,63,40,40,45,51,51,55,55,60,64,64,70,70,70,74,81,84,79,29,29,29,54,96,72,72,72,78,99,99,100,100,18,80,81,81,0,0],"gold":312,"neow_bonus":"BOSS_RELIC","is_daily":false,"chose_seed":false,"campfire_upgraded":4,"win_rate":0.0,"timestamp":1610938313,"path_taken":["M","?","?","?","M","E","R","M","T","M","E","R","M","$","R","BOSS","M","?","?","?","?","R","E","M","T","$","M","M","R","E","R","BOSS","M","$","?"],"items_purchased_type":["Relic","Relic"],"build_version":"2020-12-22","purchased_purges":0,"victory":false,"max_hp_per_floor":[76,76,76,76,77,78,78,79,79,80,81,81,82,82,82,83,83,84,84,85,85,85,85,96,97,97,97,98,99,99,100,100,101,101,102,102,102,102],"card_choices":[{"not_picked":["Clash","Anger"],"picked":"Heavy Blade","floor":1.0},{"not_picked":["Hemokinesis","Cleave","Perfected Strike","Iron Wave"],"picked":"Disarm","floor":2.0},{"not_picked":["Combust","Pommel Strike","Anger","Clothesline"],"picked":"Shockwave","floor":2.0},{"not_picked":["Reckless Charge","Clash","Cleave","Headbutt"],"picked":"Pummel","floor":2.0},{"not_picked":["Thunderclap","Rage","Searing Blow","Warcry"],"picked":"MostiFishMod:404NotFound","floor":2.0},{"not_picked":["Clothesline","Uppercut","Wild Strike","Combust"],"picked":"True Grit","floor":2.0},{"not_picked":["Havoc","Clash","Headbutt","Sword Boomerang"],"picked":"MostiFishMod:PerfectStrikeMKII","floor":5.0},{"not_picked":["Wild Strike","Sever Soul","Cleave","Headbutt"],"picked":"Body Slam","floor":6.0},{"not_picked":["Sentinel","MostiFishMod:#F4004","Dropkick","Intimidate"],"picked":"Burning Pact","floor":8.0},{"not_picked":["Dual Wield","Sword Boomerang","Sentinel","Havoc"],"picked":"Seeing Red","floor":10.0},{"not_picked":["MostiFishMod:BrandingRite","Flex","Feel No Pain","True Grit"],"picked":"Barricade","floor":11.0},{"not_picked":["Havoc","Headbutt","Second Wind","Disarm"],"picked":"Searing Blow","floor":13.0},{"not_picked":["Double Tap","Offering","Barricade","MostiFishMod:TemporaryOutbreak"],"picked":"Impervious","floor":16.0},{"not_picked":["Flex","Twin Strike","Clothesline","Sever Soul","Perfected Strike"],"picked":"SKIP","floor":18.0},{"not_picked":["Headbutt","Perfected Strike","Warcry","Sentinel+1"],"picked":"Cleave","floor":20.0},{"not_picked":["Headbutt","Pommel Strike","Flex","Anger"],"picked":"MostiFishMod:404NotFound","floor":24.0},{"not_picked":["Second Wind","Disarm+1","Rage","Searing Blow"],"picked":"Clothesline+1","floor":25.0},{"not_picked":["Heavy Blade","Sword Boomerang","Cleave","MostiFishMod:#F4004"],"picked":"Anger","floor":28.0},{"not_picked":["Perfected Strike","Clash","Body Slam+1","Cleave"],"picked":"Sword Boomerang","floor":29.0},{"not_picked":["Twin Strike","Havoc","Rage","Blood for Blood"],"picked":"Infernal Blade","floor":31.0},{"not_picked":["MostiFishMod:RacingGame","Offering","MostiFishMod:WingOfPhoenix","MostiFishMod:FireWorks"],"picked":"Bludgeon","floor":33.0},{"not_picked":["Thunderclap","Clothesline+1","Rage","Wild Strike"],"picked":"MostiFishMod:BrandingRite","floor":35.0}],"player_experience":1460037,"relics_obtained":[{"floor":1.0,"key":"SynthV:TestCard"},{"floor":6.0,"key":"testmod-Hope"},{"floor":9.0,"key":"Matryoshka"},{"floor":11.0,"key":"Pen Nib"},{"floor":24.0,"key":"Pear"},{"floor":26.0,"key":"Gremlin Horn"},{"floor":31.0,"key":"Oddly Smooth Stone"}],"event_choices":[{"damage_healed":0.0,"max_hp_gain":0.0,"max_hp_loss":0.0,"gold_gain":0.0,"event_name":"给自己的盒子","player_choice":"Swap Relic","floor":2.0,"relics_lost":["Orrery"],"gold_loss":0.0,"damage_taken":0.0,"relics_obtained":["Orrery"]},{"damage_healed":0.0,"max_hp_gain":0.0,"max_hp_loss":0.0,"gold_gain":0.0,"event_name":"Shining Light","player_choice":"Entered Light","floor":3.0,"gold_loss":0.0,"damage_taken":23.0,"cards_upgraded":["True Grit","Pummel"]},{"damage_healed":0.0,"max_hp_gain":0.0,"max_hp_loss":0.0,"gold_gain":150.0,"event_name":"Liars Game","player_choice":"AGREE","floor":4.0,"gold_loss":0.0,"damage_taken":0.0,"cards_obtained":["Doubt"]},{"damage_healed":0.0,"max_hp_gain":0.0,"max_hp_loss":0.0,"gold_gain":0.0,"event_name":"The Woman in Blue","player_choice":"Bought 0 Potions","floor":19.0,"gold_loss":0.0,"damage_taken":0.0},{"damage_healed":0.0,"max_hp_gain":0.0,"max_hp_loss":0.0,"gold_gain":0.0,"event_name":"Back to Basics","player_choice":"Simplicity","floor":21.0,"gold_loss":0.0,"damage_taken":0.0,"cards_upgraded":[]},{"damage_healed":0.0,"max_hp_gain":0.0,"max_hp_loss":0.0,"gold_gain":0.0,"event_name":"Ghosts","player_choice":"Ignored","floor":22.0,"gold_loss":0.0,"damage_taken":0.0},{"damage_healed":0,"gold_gain":0,"player_choice":"Fight","damage_taken":0,"max_hp_gain":0,"max_hp_loss":0,"event_name":"Mysterious Sphere","floor":37,"gold_loss":0}],"is_beta":false,"boss_relics":[{"not_picked":["Pandora\u0027s Box","testmod-BatchProcessingSystem"],"picked":"ChiXiaoBlade"},{"not_picked":["Astrolabe","testmod-IncinerationGenerator"],"picked":"NightmareShop"}],"items_purged_floors":[],"is_endless":false,"potions_floor_spawned":[8,11,13,18,28,33,35],"killed_by":"2 Orb Walkers","ascension_level":20}}