{"host":"pyvqvk2ltcevcwmf","time":1610975847,"event":{"mods":["BaseMod","BetterRewards","Good Game Mod","Marisa£®ÏF”Í°°ƒß¿Ì…≥£©","Minty Spire (QoL Compilation)","Rare Cards Sparkle","Shop Mod","Spicy Shops","StSLib","The Alterego","The Servant 0.9.4","Youmu£®ªÍ∆«—˝√Œ£©"],"gold_per_floor":[113,131,151,161,172,197,197,209,209,238,257,257,74,99,99,199,199,219,219,219,239,239,271,546,546,546,560,589,603,637,656,656,752,752,768,768,818,818,818,850,231,231,258,274,316,316,19,47,47,47,47],"floor_reached":50,"language":"ZHS","playtime":3874,"items_purged":["Strike_B","Regret","Decay"],"score":645,"play_id":"a4b4a722-0249-472f-a8ef-5f73b955e00c","local_time":"20210118211727","is_ascension_mode":false,"campfire_choices":[{"data":"Storm","floor":7.0,"key":"SMITH"},{"data":"Redo","floor":12.0,"key":"SMITH"},{"data":"Zap","floor":15.0,"key":"SMITH"},{"data":"Static Discharge","floor":25.0,"key":"SMITH"},{"data":"White Noise","floor":32,"key":"SMITH"},{"data":"Electrodynamics","floor":42,"key":"SMITH"},{"floor":46,"key":"REST"},{"data":"Loop","floor":49,"key":"SMITH"}],"circlet_count":0,"master_deck":["Strike_B+1","Strike_B","Defend_B+1","Defend_B","Zap+1","Dualcast","Static Discharge+1","Storm+1","Self Repair","Coolheaded","Cold Snap","Hologram+1","Thunder Strike","Sweeping Beam+1","Self Repair","Redo+1","Storm+1","Conserve Battery","Thunder Strike","Defragment+1","Auto Shields+1","Lockon+1","Heatsinks","Conserve Battery+1","Sweeping Beam+1","Loop+1","Ball Lightning+1","Static Discharge","White Noise+1","Electrodynamics+1","Coolheaded","Hologram+1","Ball Lightning","Hello World","Hologram+1","Fusion+1","Conserve Battery"],"relics":["Cracked Core","REME:ComplimentaryCards","NeowsBlessing","InkBottle","Centennial Puzzle","Potion Belt","alterego_mod:SomeoneToFightFor","Bronze Scales","Sundial","Bottled Tornado","Mercury Hourglass","Black Star","CatCart","Pantograph","Orichalcum","MerchantsRug","Ancient Tea Set","Boot","Happy Flower","CeramicFish","Bottled Lightning","War Paint"],"acts_visited":["Exordium","TheCity","TheBeyond"],"potions_floor_usage":[33],"damage_taken":[{"damage":0.0,"enemies":"Cultist","floor":1.0,"turns":1.0},{"damage":0.0,"enemies":"Small Slimes","floor":2.0,"turns":1.0},{"damage":0.0,"enemies":"Jaw Worm","floor":3.0,"turns":1.0},{"damage":12.0,"enemies":"Looter","floor":4.0,"turns":4.0},{"damage":12.0,"enemies":"2 Fungi Beasts","floor":5.0,"turns":3.0},{"damage":19.0,"enemies":"3 Sentries","floor":6.0,"turns":6.0},{"damage":11.0,"enemies":"Red Slaver","floor":8.0,"turns":3.0},{"damage":13.0,"enemies":"Lagavulin","floor":10.0,"turns":6.0},{"damage":0.0,"enemies":"Exordium Wildlife","floor":11.0,"turns":3.0},{"damage":42.0,"enemies":"Hexaghost","floor":16.0,"turns":9.0},{"damage":2.0,"enemies":"Spheric Guardian","floor":18.0,"turns":3.0},{"damage":11.0,"enemies":"Shell Parasite","floor":21.0,"turns":3.0},{"damage":27.0,"enemies":"Gremlin Leader","floor":23.0,"turns":4.0},{"damage":5.0,"enemies":"3 Cultists","floor":27.0,"turns":4.0},{"damage":32.0,"enemies":"Slavers","floor":28.0,"turns":4.0},{"damage":10,"enemies":"Snake Plant","floor":29,"turns":2},{"damage":18,"enemies":"Book of Stabbing","floor":30,"turns":5},{"damage":16,"enemies":"Chosen and Byrds","floor":31,"turns":3},{"damage":35,"enemies":"Champ","floor":33,"turns":7},{"damage":35,"enemies":"3 Darklings","floor":35,"turns":3},{"damage":12,"enemies":"Orin","floor":37,"turns":9},{"damage":61,"enemies":"Nemesis","floor":40,"turns":5},{"damage":0,"enemies":"3 Shapes","floor":44,"turns":2},{"damage":43,"enemies":"Reptomancer","floor":45,"turns":5},{"damage":0,"enemies":"Transient","floor":48,"turns":5},{"damage":136,"enemies":"Awakened One","floor":50,"turns":8}],"seed_played":"-585841054414196573","potions_obtained":[{"floor":2.0,"key":"AttackPotion"},{"floor":4.0,"key":"FearPotion"},{"floor":8.0,"key":"FocusPotion"},{"floor":10.0,"key":"BlessingOfTheForge"},{"floor":18.0,"key":"Regen Potion"},{"floor":21.0,"key":"Regen Potion"},{"floor":29,"key":"Weak Potion"},{"floor":45,"key":"DuplicationPotion"},{"floor":48,"key":"Energy Potion"}],"is_trial":false,"path_per_floor":["M","M","M","M","M","E","R","M","T","E","M","R","$","T","R","B",null,"M","?","?","M","?","E","?","R","T","M","E","M","E","M","R","B",null,"M","?","?","?","?","E","$","R","T","M","E","R","$","M","R","B"],"character_chosen":"DEFECT","items_purchased":["DollysMirror","Conserve Battery","MerchantsRug","Ball Lightning","Pear","Ancient Tea Set","Hello World","Bottled Lightning","War Paint"],"campfire_rested":1,"item_purchase_floors":[13,13,41,41,41,41,41,47,47],"current_hp_per_floor":[75,75,75,70,65,53,53,49,49,43,50,50,50,50,50,22,75,75,75,75,71,57,71,71,71,71,73,76,73,69,60,60,46,80,45,45,47,47,47,13,23,23,23,37,27,54,54,68,68,0,0],"gold":47,"neow_bonus":"THREE_ENEMY_KILL","is_daily":false,"chose_seed":false,"campfire_upgraded":7,"win_rate":0.0,"timestamp":1610975847,"path_taken":["M","?","M","M","?","E","R","M","T","E","M","R","$","?","R","BOSS","M","?","?","M","?","E","?","R","T","?","E","M","E","M","R","BOSS","M","?","?","?","?","E","?","R","T","M","E","R","$","M","R","BOSS"],"items_purchased_type":["Relic","Card","Relic","Card","Relic","Relic","Card","Relic","Relic"],"build_version":"2020-12-22","purchased_purges":3,"victory":false,"max_hp_per_floor":[75,75,75,75,75,75,75,75,75,75,75,75,75,75,75,75,75,75,75,75,75,80,80,80,80,80,80,80,80,80,80,80,80,80,80,80,80,80,80,80,90,90,90,90,90,90,90,90,90,90,90],"card_choices":[{"not_picked":["BootSequence","Scrape"],"picked":"Storm","floor":1.0},{"not_picked":["Gash","White Noise"],"picked":"Self Repair","floor":2.0},{"not_picked":["Fusion","Consume"],"picked":"Coolheaded","floor":3.0},{"not_picked":["Leap","Chaos"],"picked":"Cold Snap","floor":4.0},{"not_picked":["Steam","Genetic Algorithm"],"picked":"Hologram","floor":5.0},{"not_picked":["Darkness","Conserve Battery"],"picked":"Thunder Strike","floor":6.0},{"not_picked":["Glacier","Melter"],"picked":"Sweeping Beam","floor":8.0},{"not_picked":["Redo","Leap"],"picked":"Self Repair","floor":10.0},{"not_picked":["Sweeping Beam","Cold Snap"],"picked":"Redo","floor":11.0},{"not_picked":["Multi-Cast","Reboot"],"picked":"Thunder Strike","floor":16.0},{"not_picked":["Compile Driver","Go for the Eyes+1"],"picked":"Barrage+1","floor":18.0},{"not_picked":["Hologram+1","Leap"],"picked":"Conserve Battery+1","floor":21.0},{"not_picked":["Beam Cell","Melter+1"],"picked":"Sweeping Beam+1","floor":23.0},{"not_picked":["Beam Cell+1","Darkness+1","Stack+1"],"picked":"SKIP","floor":27.0},{"not_picked":["Rainbow","Beam Cell+1"],"picked":"Loop","floor":28},{"not_picked":["Coolheaded","Static Discharge"],"picked":"Ball Lightning+1","floor":29},{"not_picked":["Go for the Eyes+1","Redo"],"picked":"Static Discharge","floor":30},{"not_picked":["Streamline","Seek"],"picked":"White Noise","floor":31},{"not_picked":["Amplify","Thunder Strike"],"picked":"Electrodynamics","floor":33},{"not_picked":["Gash+1","Leap+1"],"picked":"Coolheaded","floor":35},{"not_picked":["Gash+1","Beam Cell"],"picked":"Hologram+1","floor":37},{"not_picked":["Rip and Tear+1","Gash","Steam+1"],"picked":"SKIP","floor":40},{"not_picked":["Steam Power+1","Beam Cell"],"picked":"Hologram+1","floor":44},{"not_picked":["Seek","Sweeping Beam+1"],"picked":"Fusion+1","floor":45},{"not_picked":["Barrage","Hologram+1"],"picked":"Conserve Battery","floor":48}],"player_experience":192041,"relics_obtained":[{"floor":6.0,"key":"InkBottle"},{"floor":9.0,"key":"Centennial Puzzle"},{"floor":10.0,"key":"Whetstone"},{"floor":14.0,"key":"Potion Belt"},{"floor":23.0,"key":"Bronze Scales"},{"floor":26.0,"key":"Sundial"},{"floor":28,"key":"Bottled Tornado"},{"floor":30,"key":"Mercury Hourglass"},{"floor":37,"key":"CatCart"},{"floor":40,"key":"Pantograph"},{"floor":40,"key":"Orichalcum"},{"floor":43,"key":"Boot"},{"floor":45,"key":"Happy Flower"},{"floor":45,"key":"CeramicFish"}],"event_choices":[{"damage_healed":0.0,"max_hp_gain":0.0,"max_hp_loss":0.0,"gold_gain":0.0,"event_name":"The Library","player_choice":"Read","floor":19.0,"gold_loss":0.0,"damage_taken":0.0,"cards_obtained":["Heatsinks"]},{"damage_healed":0.0,"max_hp_gain":0.0,"max_hp_loss":0.0,"gold_gain":0.0,"event_name":"∞Æµƒ…Ò •ª®‘∞","player_choice":"Choice 2","floor":20.0,"gold_loss":0.0,"damage_taken":0.0,"relics_obtained":["alterego_mod:SomeoneToFightFor"]},{"damage_healed":0.0,"max_hp_gain":5.0,"max_hp_loss":0.0,"gold_gain":0.0,"event_name":"Forgotten Altar","player_choice":"Shed Blood","floor":22.0,"gold_loss":0.0,"damage_taken":19.0},{"damage_healed":0.0,"max_hp_gain":0.0,"max_hp_loss":0.0,"gold_gain":275.0,"event_name":"Golden Shrine","player_choice":"Desecrate","floor":24.0,"gold_loss":0.0,"damage_taken":0.0,"cards_obtained":["Regret"]},{"cards_removed":["Barrage"],"damage_healed":0,"gold_gain":0,"player_choice":"Removed Attack","damage_taken":0,"max_hp_gain":0,"max_hp_loss":0,"event_name":"Falling","floor":36,"gold_loss":0},{"damage_healed":0,"gold_gain":0,"player_choice":"Fight","damage_taken":0,"max_hp_gain":0,"max_hp_loss":0,"event_name":"OrinTheCat","floor":37,"gold_loss":0},{"damage_healed":0,"gold_gain":0,"player_choice":"Ignored","damage_taken":0,"max_hp_gain":0,"max_hp_loss":0,"event_name":"Tomb of Lord Red Mask","floor":38,"gold_loss":0},{"damage_healed":0,"gold_gain":0,"player_choice":"Memory 1","damage_taken":0,"max_hp_gain":0,"max_hp_loss":0,"event_name":"SensoryStone","floor":39,"gold_loss":0}],"is_beta":false,"boss_relics":[{"not_picked":["Snecko Eye","Calling Bell"],"picked":"Astrolabe"},{"not_picked":["Velvet Choker","FrozenCore"],"picked":"Black Star"}],"items_purged_floors":[13,41,47],"is_endless":false,"potions_floor_spawned":[2,4,8,10,18,21,29,45,48],"killed_by":"Awakened One","ascension_level":0}}