{"host":"u1dfzl6o6mfmauc3","time":1610949295,"event":{"mods":["2.2 Compatiblity","AchievementEnabler","BaseMod","Block Reminder","Challenge The Spire","Dark Map","Hermit","Minty Spire (QoL Compilation)","Relic Stats","Robot Space Explorer","StSLib","The Disciple"],"gold_per_floor":[116,135,135,310,321,321,44,44,44,54,89,112,112,131,131,233,233,244,244,244,5,16,16,49,49,49,68,68,99,119,132,132,228,228,241,241,241,261,279,310,321,321,321,332,349,349,349,165,165,165],"floor_reached":51,"language":"ENG","playtime":4416,"items_purged":["Doubt","RobotSpaceExplorer:Strike","RobotSpaceExplorer:Defend"],"score":692,"play_id":"cbcf926c-4ab3-4d6e-b055-c9a69c380791","local_time":"20210118005455","is_ascension_mode":false,"campfire_choices":[{"data":"RobotSpaceExplorer:ToxicBomb","floor":6,"key":"SMITH"},{"data":"RobotSpaceExplorer:StarLightning","floor":8,"key":"SMITH"},{"data":"RobotSpaceExplorer:PowerGlove","floor":15,"key":"SMITH"},{"data":"RobotSpaceExplorer:BigMissile","floor":23,"key":"SMITH"},{"data":"RobotSpaceExplorer:Smokescreen","floor":25,"key":"SMITH"},{"floor":32,"key":"REST"},{"floor":42,"key":"REST"},{"data":"RobotSpaceExplorer:Blaster","floor":47,"key":"SMITH"},{"data":"RobotSpaceExplorer:StarDust","floor":49,"key":"SMITH"}],"circlet_count":0,"master_deck":["RobotSpaceExplorer:Defend","RobotSpaceExplorer:Defend","RobotSpaceExplorer:Scan","RobotSpaceExplorer:MiniLasers","RobotSpaceExplorer:StarLightning+1","RobotSpaceExplorer:ToxicBomb+1","RobotSpaceExplorer:Pulsar","RobotSpaceExplorer:Pulsar","RobotSpaceExplorer:BlastShield","RobotSpaceExplorer:StunGrenade","RobotSpaceExplorer:PowerGlove+1","RobotSpaceExplorer:Explosion","RobotSpaceExplorer:BigMissile+1","RobotSpaceExplorer:JunkDive","RobotSpaceExplorer:Smokescreen+1","RobotSpaceExplorer:DoubleBlock+1","RobotSpaceExplorer:PlasmaMissile","RobotSpaceExplorer:Blaster+1","RobotSpaceExplorer:FrostMissile","RobotSpaceExplorer:Pulsar+1","RobotSpaceExplorer:StarDust+1","RobotSpaceExplorer:TurboDodge+1"],"relics":["Runic Dome","Art of War","Medical Kit","Ornamental Fan","Lantern","Odd Mushroom","Matryoshka","Empty Cage","MutagenicStrength","Membership Card","Incense Burner","Blood Vial","Mummified Hand","MealTicket","Runic Pyramid","Lizard Tail","Mercury Hourglass","Turnip","Vajra"],"acts_visited":["Exordium","TheCity","TheBeyond"],"potions_floor_usage":[18,29,33,45,50,50],"damage_taken":[{"damage":0,"enemies":"Small Slimes","floor":1,"turns":3},{"damage":0,"enemies":"2 Louse","floor":2,"turns":3},{"damage":0,"enemies":"Cultist","floor":5,"turns":4},{"damage":0,"enemies":"3 Louse","floor":10,"turns":3},{"damage":9,"enemies":"Lagavulin","floor":11,"turns":6},{"damage":5,"enemies":"The Mushroom Lair","floor":12,"turns":4},{"damage":0,"enemies":"Looter","floor":14,"turns":3},{"damage":2,"enemies":"The Guardian","floor":16,"turns":13},{"damage":1,"enemies":"Chosen","floor":18,"turns":5},{"damage":2,"enemies":"3 Byrds","floor":22,"turns":4},{"damage":19,"enemies":"Book of Stabbing","floor":24,"turns":8},{"damage":6,"enemies":"Snake Plant","floor":27,"turns":3},{"damage":0,"enemies":"Slavers","floor":29,"turns":5},{"damage":15,"enemies":"Centurion and Healer","floor":30,"turns":8},{"damage":0,"enemies":"Chosen and Byrds","floor":31,"turns":4},{"damage":21,"enemies":"Champ","floor":33,"turns":13},{"damage":4,"enemies":"3 Shapes","floor":35,"turns":3},{"damage":0,"enemies":"Orb Walker","floor":38,"turns":2},{"damage":8,"enemies":"3 Darklings","floor":39,"turns":6},{"damage":28,"enemies":"Reptomancer","floor":40,"turns":8},{"damage":6,"enemies":"Sphere and 2 Shapes","floor":41,"turns":4},{"damage":17,"enemies":"Transient","floor":44,"turns":5},{"damage":10,"enemies":"Maw","floor":45,"turns":8},{"damage":56,"enemies":"Time Eater","floor":50,"turns":12}],"seed_played":"1447093406108875505","potions_obtained":[{"floor":10,"key":"ColorlessPotion"},{"floor":14,"key":"DuplicationPotion"},{"floor":16,"key":"Regen Potion"},{"floor":24,"key":"DistilledChaos"},{"floor":29,"key":"FairyPotion"},{"floor":39,"key":"Strength Potion"}],"is_trial":false,"path_per_floor":["M","M","?","?","M","R","$","R","T","M","E","?","T","M","R","B",null,"M","?","?","$","M","R","E","R","T","M","?","E","M","M","R","B",null,"M","?","?","M","M","E","M","R","T","M","M","?","R","$","R","B",null],"character_chosen":"RobotSpaceExplorer","items_purchased":["RobotSpaceExplorer:Pulsar","Medical Kit","Membership Card","RobotSpaceExplorer:BigMissile","Explosive Potion","Vajra","RobotSpaceExplorer:LiquidFusion"],"campfire_rested":2,"item_purchase_floors":[7,7,21,21,21,48,48],"current_hp_per_floor":[75,75,68,68,68,68,68,68,68,68,59,54,54,54,54,52,75,74,74,74,74,72,72,53,53,53,49,49,51,38,40,62,43,75,71,71,71,73,67,41,37,59,59,44,51,51,51,66,66,12],"gold":165,"neow_bonus":"BOSS_RELIC","is_daily":false,"chose_seed":false,"campfire_upgraded":7,"win_rate":0.0,"timestamp":1610949295,"path_taken":["M","M","?","?","M","R","$","R","T","M","E","?","?","M","R","BOSS","M","?","?","$","M","R","E","R","T","M","?","E","M","?","R","BOSS","M","?","?","M","M","E","M","R","T","M","?","?","R","$","R","BOSS"],"items_purchased_type":["Card","Relic","Relic","Card","Potion","Relic","Potion"],"build_version":"2020-12-22","purchased_purges":3,"victory":true,"max_hp_per_floor":[75,75,75,75,75,75,75,75,75,75,75,75,75,75,75,75,75,75,75,75,75,75,75,75,75,75,75,75,75,75,75,75,75,75,75,75,75,75,75,75,75,75,75,75,75,75,75,75,75,75],"relic_stats":{"Blood Vial":24,"Lizard Tail":0,"counters":[24,137],"Ornamental Fan":[140],"Mummified Hand":[31],"MealTicket":15,"Turnip":[3],"Art of War":[25],"Medical Kit":[4],"obtain_stats":[{"Lantern":11,"Vajra":48,"RobotSpaceExplorer:RoboCore":0,"Incense Burner":24,"Odd Mushroom":12,"Medical Kit":7,"Empty Cage":17,"Mercury Hourglass":43,"Blood Vial":26,"Runic Dome":0,"Lizard Tail":40,"Matryoshka":13,"Ornamental Fan":9,"Mummified Hand":26,"MutagenicStrength":19,"MealTicket":29,"Turnip":43,"Art of War":3,"Membership Card":21,"Runic Pyramid":34},{"Lantern":5,"Vajra":23,"RobotSpaceExplorer:RoboCore":0,"Incense Burner":11,"Odd Mushroom":6,"Medical Kit":3,"Empty Cage":8,"Mercury Hourglass":21,"Blood Vial":11,"Runic Dome":0,"Lizard Tail":20,"Matryoshka":6,"Ornamental Fan":3,"Mummified Hand":11,"MutagenicStrength":9,"MealTicket":13,"Turnip":21,"Art of War":2,"Membership Card":9,"Runic Pyramid":16},{"Lantern":19,"Vajra":125,"RobotSpaceExplorer:RoboCore":0,"Incense Burner":56,"Odd Mushroom":23,"Medical Kit":10,"Empty Cage":39,"Mercury Hourglass":112,"Blood Vial":56,"Runic Dome":0,"Lizard Tail":108,"Matryoshka":23,"Ornamental Fan":10,"Mummified Hand":56,"MutagenicStrength":44,"MealTicket":64,"Turnip":112,"Art of War":6,"Membership Card":44,"Runic Pyramid":89}],"Mercury Hourglass":[69]},"card_choices":[{"not_picked":["RobotSpaceExplorer:Ammunition","RobotSpaceExplorer:MakeshiftVolley"],"picked":"RobotSpaceExplorer:StarLightning","floor":1},{"not_picked":["RobotSpaceExplorer:Probe","RobotSpaceExplorer:ImprovisedAttack","RobotSpaceExplorer:Blitz"],"picked":"SKIP","floor":2},{"not_picked":["RobotSpaceExplorer:ScrapMissile","RobotSpaceExplorer:MetalStrike"],"picked":"RobotSpaceExplorer:ToxicBomb","floor":5},{"not_picked":["RobotSpaceExplorer:ScrapMissile","RobotSpaceExplorer:ShockKick"],"picked":"RobotSpaceExplorer:Pulsar","floor":10},{"not_picked":["RobotSpaceExplorer:Probe","RobotSpaceExplorer:Jetpack"],"picked":"RobotSpaceExplorer:BlastShield","floor":11},{"not_picked":["RobotSpaceExplorer:LuckyStrike","RobotSpaceExplorer:Probe"],"picked":"RobotSpaceExplorer:StunGrenade","floor":12},{"not_picked":["RobotSpaceExplorer:ImprovisedAttack","RobotSpaceExplorer:ShovelStrike"],"picked":"RobotSpaceExplorer:PowerGlove","floor":14},{"not_picked":["RobotSpaceExplorer:BlastShield","RobotSpaceExplorer:Accelerator"],"picked":"RobotSpaceExplorer:Explosion","floor":16},{"not_picked":["RobotSpaceExplorer:ShockKick","RobotSpaceExplorer:GlueShot+1","RobotSpaceExplorer:SlimeMissile+1"],"picked":"SKIP","floor":18},{"not_picked":["RobotSpaceExplorer:ShovelStrike","RobotSpaceExplorer:GlueShot"],"picked":"RobotSpaceExplorer:JunkDive","floor":22},{"not_picked":["RobotSpaceExplorer:PowerCollector+1","RobotSpaceExplorer:HighVoltage"],"picked":"RobotSpaceExplorer:Smokescreen","floor":24},{"not_picked":["RobotSpaceExplorer:Probe","RobotSpaceExplorer:MiniDrones"],"picked":"RobotSpaceExplorer:DoubleBlock+1","floor":27},{"not_picked":["RobotSpaceExplorer:StunGrenade","RobotSpaceExplorer:BlastShield"],"picked":"RobotSpaceExplorer:PlasmaMissile","floor":29},{"not_picked":["RobotSpaceExplorer:SelfCleaning","RobotSpaceExplorer:Ammunition","RobotSpaceExplorer:GlueSpray"],"picked":"SKIP","floor":30},{"not_picked":["RobotSpaceExplorer:SurgingStrike","RobotSpaceExplorer:ScrapToss","RobotSpaceExplorer:FreezingShield"],"picked":"SKIP","floor":31},{"not_picked":["RobotSpaceExplorer:Scanner","RobotSpaceExplorer:ShockMissile"],"picked":"RobotSpaceExplorer:Blaster","floor":33},{"not_picked":["RobotSpaceExplorer:Probe+1","RobotSpaceExplorer:MiniDrones"],"picked":"RobotSpaceExplorer:FrostMissile","floor":35},{"not_picked":["RobotSpaceExplorer:BigMissile+1","RobotSpaceExplorer:SwiftStep+1"],"picked":"RobotSpaceExplorer:Pulsar+1","floor":38},{"not_picked":["RobotSpaceExplorer:LaserBurst","RobotSpaceExplorer:BlastShield","RobotSpaceExplorer:SwiftStep+1"],"picked":"SKIP","floor":39},{"not_picked":["RobotSpaceExplorer:Pulsar","RobotSpaceExplorer:SurgingStrike+1"],"picked":"RobotSpaceExplorer:StarDust","floor":40},{"not_picked":["RobotSpaceExplorer:ScrapMissile+1","RobotSpaceExplorer:LuckyStrike"],"picked":"RobotSpaceExplorer:TurboDodge+1","floor":41},{"not_picked":["RobotSpaceExplorer:PowerGlove+1","RobotSpaceExplorer:Smokescreen+1","RobotSpaceExplorer:SurgingShield"],"picked":"SKIP","floor":44},{"not_picked":["RobotSpaceExplorer:MakeshiftVolley+1","RobotSpaceExplorer:BigMissile","RobotSpaceExplorer:GlueSpray"],"picked":"SKIP","floor":45}],"player_experience":107675,"relics_obtained":[{"floor":9,"key":"Ornamental Fan"},{"floor":11,"key":"Lantern"},{"floor":12,"key":"Odd Mushroom"},{"floor":13,"key":"Matryoshka"},{"floor":24,"key":"Incense Burner"},{"floor":26,"key":"Blood Vial"},{"floor":26,"key":"Mummified Hand"},{"floor":29,"key":"MealTicket"},{"floor":40,"key":"Lizard Tail"},{"floor":43,"key":"Mercury Hourglass"},{"floor":43,"key":"Turnip"}],"event_choices":[{"damage_healed":0,"gold_gain":0,"player_choice":"Success","damage_taken":7,"relics_obtained":["Art of War"],"max_hp_gain":0,"max_hp_loss":0,"event_name":"Scrap Ooze","floor":3,"gold_loss":0},{"damage_healed":0,"gold_gain":175,"player_choice":"AGREE","damage_taken":0,"max_hp_gain":0,"max_hp_loss":0,"event_name":"Liars Game","floor":4,"gold_loss":0,"cards_obtained":["Doubt"]},{"damage_healed":0,"gold_gain":0,"player_choice":"Fought Mushrooms","damage_taken":0,"max_hp_gain":0,"max_hp_loss":0,"event_name":"Mushrooms","floor":12,"gold_loss":0},{"damage_healed":0,"gold_gain":0,"player_choice":"Inject Mutagens","damage_taken":0,"relics_obtained":["MutagenicStrength"],"max_hp_gain":0,"max_hp_loss":0,"event_name":"Drug Dealer","floor":19,"gold_loss":0},{"damage_healed":0,"gold_gain":0,"player_choice":"Ignored","damage_taken":0,"max_hp_gain":0,"max_hp_loss":0,"event_name":"Ghosts","floor":20,"gold_loss":0},{"damage_healed":0,"gold_gain":0,"player_choice":"Ignored","damage_taken":0,"max_hp_gain":0,"max_hp_loss":0,"event_name":"Vampires","floor":28,"gold_loss":0},{"damage_healed":0,"gold_gain":0,"player_choice":"Ignored","damage_taken":0,"max_hp_gain":0,"max_hp_loss":0,"event_name":"Tomb of Lord Red Mask","floor":36,"gold_loss":0},{"cards_removed":["RobotSpaceExplorer:Strike"],"damage_healed":0,"gold_gain":0,"player_choice":"Offered Basic","damage_taken":0,"max_hp_gain":0,"max_hp_loss":0,"event_name":"Bonfire Elementals","floor":37,"gold_loss":0},{"cards_removed":["RobotSpaceExplorer:Defend"],"damage_healed":0,"gold_gain":0,"player_choice":"Removed Skill","damage_taken":0,"max_hp_gain":0,"max_hp_loss":0,"event_name":"Falling","floor":46,"gold_loss":0}],"is_beta":false,"boss_relics":[{"not_picked":["Tiny House","Cursed Key"],"picked":"Empty Cage"},{"not_picked":["Black Star","Fusion Hammer"],"picked":"Runic Pyramid"}],"items_purged_floors":[7,21,48],"is_endless":false,"potions_floor_spawned":[10,14,16,24,29,39,41,44],"ascension_level":0}}