{"host":"lxihx0b6awoz2w1j","time":1610981958,"event":{"mods":["Act Like it!","BaseMod","Better Third Choice","CapriCore","Colored Powertips","Conspire","Fox Events","Gensokyo","Hermit","Hubris","Infinite Spire","JesterMod","Luminous","Marisa????????","Melee Mod","Minty Spire (QoL Compilation)","Prisma Mod","Quick Restart","Relic Stats","Replay The Spire","Shade Mod","Spicy Shops","StSLib","The Alterego","The Blue Laboratory","The Cursed","The Disciple","The Forsaken","The Gatherer","The Immortal","The Jungle","The Marked","The Runesmith","The Senshi","The Servant 0.9.4","The Spell Scribe","Waifu the Spire"],"gold_per_floor":[110,120,39,58,70,70,84,109,134,134,14,45,87,0,0,97,97,115,134,134,84,95,95,107,107,107,107,127,142,142,9,9,114,114,133,148,148,164,164,164],"floor_reached":39,"language":"ENG","playtime":2229,"items_purged":["Injury","Pot Of Greed"],"score":438,"play_id":"96d08db3-4320-44e5-aee5-38940107fb88","local_time":"20210118155918","is_ascension_mode":true,"campfire_choices":[{"data":"theSenshi:MoonPrismPowerMakeUp","floor":6.0,"key":"SMITH"},{"floor":15.0,"key":"DIG"},{"data":"theSenshi:CrisisMakeUp","floor":23.0,"key":"SMITH"},{"floor":25.0,"key":"REST"},{"data":"theSenshi:SailorJupiterAssists","floor":27.0,"key":"SMITH"},{"data":"theSenshi:InTheNameOfTheMoon","floor":32.0,"key":"SMITH"}],"circlet_count":1,"master_deck":["theSenshi:SailorKick","theSenshi:SailorKick","theSenshi:SailorKick","theSenshi:SailorKick","theSenshi:SailorBlock","theSenshi:SailorBlock","theSenshi:SailorBlock","theSenshi:SailorBlock","theSenshi:RoseThrow","theSenshi:MoonPrismPowerMakeUp+1","theSenshi:MoonPunch","theSenshi:MoonPrincessHalation","theSenshi:MoonTwilightFlash","theSenshi:SailorUranusAssists","theSenshi:SailorVenusAssists","theSenshi:SailorJupiterAssists","theSenshi:MoonsReflection","theSenshi:MoonKick","theSenshi:SailorJupiterAssists+1","theSenshi:MoonSpiralHeartAttack","theSenshi:MoonPunch","Pot Of Greed","Pot Of Greed","theSenshi:InTheNameOfTheMoon+1","theSenshi:MoonPrincessHalation+1","theSenshi:CrisisMakeUp+1","infinitespire:Punishment","theSenshi:Sidestep","theSenshi:MoonPunch+1","theSenshi:MoonTwilightFlash","theSenshi:MoonlightKnight","theSenshi:SailorMarsAssists","theSenshi:JupitersPower","theSenshi:SailorJupiterAssists","theSenshi:MoonHealingEscalation","theSenshi:MoonCrystalPowerMakeUp+1"],"relics":["theSenshi:TransformationBroochRelic","theSenshi:SailorFukuRelic","Runesmith:AutoHammer","Membership Card","MawBank","conspire:Dentures","Oddly Smooth Stone","Grinning Jar","hubris:VirtuousBlindfold","Gambling Chip","hubris:DeckOfHolding","hubris:EmptyBottle","Replay:Mystery Machine","Circlet","Black Star"],"acts_visited":["Exordium","TheCity","TheBeyond"],"potions_floor_usage":[],"damage_taken":[{"damage":4.0,"enemies":"Small Slimes","floor":1.0,"turns":5.0},{"damage":0.0,"enemies":"Cultist","floor":2.0,"turns":4.0},{"damage":2.0,"enemies":"Jaw Worm","floor":4.0,"turns":3.0},{"damage":0.0,"enemies":"2 Fungi Beasts","floor":5.0,"turns":3.0},{"damage":4.0,"enemies":"Blue Slaver","floor":7.0,"turns":2.0},{"damage":5.0,"enemies":"3 Sentries","floor":8.0,"turns":7.0},{"damage":3.0,"enemies":"conspire:MimicChest","floor":12.0,"turns":5.0},{"damage":5.0,"enemies":"Lagavulin","floor":13.0,"turns":5.0},{"damage":24.0,"enemies":"Slime Boss","floor":16.0,"turns":9.0},{"damage":15.0,"enemies":"conspire:FuzzyDice","floor":18.0,"turns":5.0},{"damage":13.0,"enemies":"2 Thieves","floor":19.0,"turns":3.0},{"damage":0.0,"enemies":"Snecko","floor":22.0,"turns":2.0},{"damage":11.0,"enemies":"Centurion and Healer","floor":24.0,"turns":3.0},{"damage":6.0,"enemies":"3 Cultists","floor":28.0,"turns":3.0},{"damage":0.0,"enemies":"Snecko","floor":29.0,"turns":2.0},{"damage":53.0,"enemies":"Collector","floor":33.0,"turns":9.0},{"damage":35,"enemies":"3 Darklings","floor":35,"turns":5},{"damage":4,"enemies":"3 Shapes","floor":36,"turns":3},{"damage":3,"enemies":"Jaw Worm Horde","floor":38,"turns":5},{"damage":0,"enemies":"4 Shapes","floor":39,"turns":1}],"seed_played":"-383537939092757125","potions_obtained":[{"floor":5.0,"key":"SteroidPotion"},{"floor":8.0,"key":"Adrenaline Potion"},{"floor":18.0,"key":"Flashbang"},{"floor":19.0,"key":"blueLaboratory:BottleOfRum"},{"floor":24.0,"key":"blueLaboratory:ImpenetrablePotion"},{"floor":33.0,"key":"Adrenaline Potion"}],"is_trial":false,"path_per_floor":["M","M","$","M","M","R","M","E","T","?","$","?","E","$","R","B",null,"M","M","AVR","?","M","R","M","R","T","R","M","M","?","$","R","B",null,"M","M","?","M","M"],"character_chosen":"THE_SENSHI","items_purchased":["theSenshi:MoonTwilightFlash","Membership Card","theSenshi:MoonKick","Oddly Smooth Stone","theSenshi:MoonPunch","hubris:EmptyBottle","Dead Branch","Replay:Mystery Machine","theSenshi:SailorMarsAssists"],"campfire_rested":1,"item_purchase_floors":[3,11,11,14,14,31,31,31,31],"current_hp_per_floor":[78,78,78,76,76,76,72,67,67,67,67,64,59,59,59,35,82,67,54,54,54,54,54,43,67,67,67,61,61,61,61,61,8,82,47,43,43,40,40,40],"gold":164,"neow_bonus":"TEN_PERCENT_HP_BONUS","is_daily":false,"chose_seed":false,"campfire_upgraded":4,"win_rate":0.0,"timestamp":1610981958,"path_taken":["M","M","$","M","M","R","M","E","T","?","?","?","E","$","R","BOSS","M","M","AVR","?","M","R","M","R","T","R","?","M","?","$","R","BOSS","M","M","?","M","M"],"items_purchased_type":["Card","Relic","Card","Relic","Card","Relic","Relic","Relic","Card"],"build_version":"2020-12-22","purchased_purges":2,"victory":false,"max_hp_per_floor":[82,82,82,82,82,82,82,82,82,82,82,82,82,82,82,82,82,82,82,82,82,82,82,82,82,82,82,82,82,82,82,82,82,82,82,82,82,82,82,82],"relic_stats":{"counters":[20,84],"Gambling Chip":[14],"Black Star":0,"MawBank":24,"obtain_stats":[{"conspire:Dentures":13,"Dead Branch":31,"Oddly Smooth Stone":14,"hubris:VirtuousBlindfold":17,"Circlet":0,"hubris:EmptyBottle":31,"Replay:Mystery Machine":31,"MawBank":12,"BranchBurnRelic":32,"theSenshi:TransformationBroochRelic":0,"Gambling Chip":20,"hubris:DeckOfHolding":26,"Black Star":34,"Runesmith:AutoHammer":9,"Membership Card":11,"theSenshi:SailorFukuRelic":8,"Grinning Jar":15},{"conspire:Dentures":8,"Dead Branch":15,"Oddly Smooth Stone":8,"hubris:VirtuousBlindfold":9,"Circlet":0,"hubris:EmptyBottle":15,"Replay:Mystery Machine":15,"MawBank":7,"BranchBurnRelic":15,"theSenshi:TransformationBroochRelic":0,"Gambling Chip":11,"hubris:DeckOfHolding":13,"Black Star":16,"Runesmith:AutoHammer":6,"Membership Card":6,"theSenshi:SailorFukuRelic":6,"Grinning Jar":8},{"conspire:Dentures":34,"Dead Branch":61,"Oddly Smooth Stone":34,"hubris:VirtuousBlindfold":43,"Circlet":0,"hubris:EmptyBottle":61,"Replay:Mystery Machine":61,"MawBank":29,"BranchBurnRelic":61,"theSenshi:TransformationBroochRelic":0,"Gambling Chip":51,"hubris:DeckOfHolding":56,"Black Star":70,"Runesmith:AutoHammer":24,"Membership Card":24,"theSenshi:SailorFukuRelic":24,"Grinning Jar":34}]},"card_choices":[{"not_picked":["theSenshi:MoonHealingEscalation","theSenshi:MoonKick"],"picked":"theSenshi:MoonPunch","floor":1.0},{"not_picked":["theSenshi:InTheNickOfTime","theSenshi:LunasBite"],"picked":"theSenshi:MoonPrincessHalation","floor":2.0},{"not_picked":["theSenshi:EncouragingSpeech","theSenshi:LunasBite"],"picked":"theSenshi:SailorUranusAssists","floor":4.0},{"not_picked":["theSenshi:MoonTiaraMagic","theSenshi:EncouragingSpeech"],"picked":"theSenshi:SailorVenusAssists","floor":5.0},{"not_picked":["theSenshi:MoonPower","theSenshi:MoonsReflection"],"picked":"theSenshi:SailorJupiterAssists","floor":7.0},{"not_picked":["theSenshi:MoonPower","theSenshi:SupersonicWaves"],"picked":"theSenshi:MoonsReflection","floor":8.0},{"not_picked":["theSenshi:MoonsReflection","theSenshi:TuxedoMaskAssists"],"picked":"theSenshi:SailorJupiterAssists","floor":12.0},{"not_picked":["theSenshi:HesSoDreamy","theSenshi:SailorPlanetPower"],"picked":"theSenshi:MoonSpiralHeartAttack","floor":13.0},{"not_picked":["theSenshi:LunaSensingAllies","theSenshi:SailorPlutoAssists"],"picked":"theSenshi:InTheNameOfTheMoon","floor":16.0},{"not_picked":["theSenshi:MoonPower","theSenshi:SailorV"],"picked":"theSenshi:MoonPrincessHalation+1","floor":18.0},{"not_picked":["theSenshi:LateForSchool","theSenshi:SteeledNerves"],"picked":"theSenshi:CrisisMakeUp","floor":19.0},{"not_picked":["theSenshi:DramaticEntrance+1","theSenshi:LunasBite"],"picked":"theSenshi:Sidestep","floor":22.0},{"not_picked":["theSenshi:LateForSchool","theSenshi:GatheringStrength"],"picked":"theSenshi:MoonPunch+1","floor":24.0},{"not_picked":["theSenshi:DramaticEntrance","theSenshi:OdangoHead"],"picked":"theSenshi:MoonTwilightFlash","floor":28.0},{"not_picked":["theSenshi:SchoolBag","theSenshi:SailorJupiterAssists"],"picked":"theSenshi:MoonlightKnight","floor":29.0},{"not_picked":["theSenshi:WarriorOfTheMoon","theSenshi:LunaSensingAllies"],"picked":"theSenshi:JupitersPower","floor":33.0},{"not_picked":["theSenshi:TuxedoSmokingBomber","theSenshi:MoonTiaraMagic+1"],"picked":"theSenshi:SailorJupiterAssists","floor":35},{"not_picked":["theSenshi:PlutosSolemnity","theSenshi:TuxedoSmokingBomber+1"],"picked":"theSenshi:MoonHealingEscalation","floor":36},{"not_picked":["theSenshi:PlutosSolemnity","theSenshi:SailorPlanetPower"],"picked":"theSenshi:MoonCrystalPowerMakeUp+1","floor":38}],"player_experience":632580,"relics_obtained":[{"floor":8.0,"key":"theSenshi:SailorFukuRelic"},{"floor":9.0,"key":"Runesmith:AutoHammer"},{"floor":12.0,"key":"MawBank"},{"floor":13.0,"key":"conspire:Dentures"},{"floor":15.0,"key":"Grinning Jar"},{"floor":26.0,"key":"hubris:DeckOfHolding"}],"event_choices":[{"damage_healed":0.0,"max_hp_gain":0.0,"max_hp_loss":0.0,"gold_gain":0.0,"event_name":"Purifier","player_choice":"Ignored","floor":10.0,"gold_loss":0.0,"damage_taken":0.0},{"damage_healed":0.0,"max_hp_gain":0.0,"max_hp_loss":0.0,"gold_gain":0.0,"event_name":"The Joust","player_choice":"Bet on Owner","floor":21.0,"gold_loss":50.0,"damage_taken":0.0}],"is_beta":false,"boss_relics":[{"not_picked":["ReplayTheSpireMod:SealedPack","Ectoplasm"],"picked":"hubris:VirtuousBlindfold"},{"not_picked":["Runesmith:UraniumAnvil","SacredBark"],"picked":"Black Star"}],"items_purged_floors":[11,20],"is_endless":false,"potions_floor_spawned":[5,8,18,19,24,33],"killed_by":"4 Shapes","ascension_level":1}}