{"host":"qzpuxnheibnu7155","time":1610947804,"event":{"mods":["Act Like it!","BaseMod","Displayed Cursed Tome","FoggyMod","Minty Spire (QoL Compilation)","MostiFishMod","Pale of the Ancients","Remilia（蕾米莉亚）","RumiaBox-露米娅的神秘盒子","StSLib","TestMod","Waifu the Spire","【功能Mod】Neow奖励","【遗物卡牌】REMEMod","没有小屋子和绿帽子啦"],"gold_per_floor":[117,117,132,132,207,239,239,239,287,301,301,330,330,170,170,241,241,258,93,93,87,99,133,133,164,189,189,104,186,219,255,255,332,332,345,567,567,567,567,595,595,399,399,70,83,83,483,512,512,5,15,38,62,42,110,110,147,147,22,22,-47],"floor_reached":62,"language":"ZHS","playtime":3116,"items_purged":["Strike_RM","Strike_RM","EquivalentExchange+1"],"score":3604,"play_id":"4d68de1e-421b-4640-9188-1c3bf357b47e","local_time":"20210118133004","is_ascension_mode":true,"campfire_choices":[{"data":"MastersStateliness","floor":7.0,"key":"SMITH"},{"floor":15.0,"key":"RECALL"},{"data":"BlasphemousPunishment","floor":24.0,"key":"SMITH"},{"data":"ScarletShoot","floor":32.0,"key":"SMITH"},{"data":"Defend_RM","floor":41.0,"key":"SMITH"},{"data":"BlasphemousPunishment","floor":46,"key":"SMITH"},{"data":"NightDance","floor":49,"key":"SMITH"},{"data":"UnderTheZenith","floor":56,"key":"SMITH"},{"floor":58,"key":"REST"}],"circlet_count":0,"master_deck":["MastersStateliness+1","Core Surge+1","MastersStateliness+1","UnderTheZenith+1","VampireKiss+1","DiffusionOfMisfortune+1","RedNightlessCastle+1","EquivalentExchange+1","LeisurelyOfLord+1","BlasphemousPunishment+1","ScarletDream+1","QueenOfMidnight+1","BlasphemousPunishment+1","VampirishNight+1","ScarletCoffin+1","ScarletMeister+1","MastersStateliness+1","MostiFishMod:ButterFly+1","RedRainbow+1","HunterOfTheNight+1","BlasphemousPunishment+1","CeilingFear+1","BloodRain+1","BloodyHallows+1","MastersStateliness+1","UnderTheZenith+1","NightDance+1","BlasphemousPunishment+1","ChaoticDestiny+1","UnstableMagic+1"],"relics":["ScarletHat","DaveBox","REME_ComplimentaryCards","MostiFishMod:AdaptiveDefenses","testmod-Brilliant","SynthV:TestCard","Gambling Chip","Gambling Chip","MealTicket","Gremlin Horn","testmod-BloodSacrificeSpiritualization","testmod-HeartOfStrike","Omamori","Shuriken","Baka2","MagicDraw4","testmod-Acrobat","ScarletDevilRocket","War Paint","Pear","Red Mask","ImprovedEquipment","Busted Crown","GodSword7","GodSword1","SumBook","testmod-CasingShield","paleoftheancients:Timepiece","paleoftheancients:KeyRelic","Anchor","Sundial","paleoftheancients:SoulOfTheHexaghost"],"acts_visited":["Exordium","TheCity","TheBeyond","paleoftheancients:PaleOfTheAncients"],"potions_floor_usage":[61],"damage_taken":[{"damage":0.0,"enemies":"2 Louse","floor":1.0,"turns":1.0},{"damage":0.0,"enemies":"Cultist","floor":3.0,"turns":2.0},{"damage":0.0,"enemies":"Gremlin Nob","floor":6.0,"turns":3.0},{"damage":0.0,"enemies":"Jaw Worm","floor":10.0,"turns":4.0},{"damage":0.0,"enemies":"3 Sentries","floor":12.0,"turns":1.0},{"damage":36.0,"enemies":"The Guardian","floor":16.0,"turns":11.0},{"damage":16.0,"enemies":"Shell Parasite","floor":18.0,"turns":2.0},{"damage":7.0,"enemies":"2 Thieves","floor":21.0,"turns":1.0},{"damage":8.0,"enemies":"3 Cultists","floor":22.0,"turns":2.0},{"damage":36.0,"enemies":"REME_1_Revenger","floor":23.0,"turns":3.0},{"damage":55.0,"enemies":"Book of Stabbing","floor":25.0,"turns":3.0},{"damage":29.0,"enemies":"Masked Bandits","floor":30.0,"turns":1.0},{"damage":19.0,"enemies":"REME_1_Revenger","floor":31.0,"turns":2.0},{"damage":29.0,"enemies":"Automaton","floor":33.0,"turns":2.0},{"damage":16.0,"enemies":"3 Shapes","floor":35.0,"turns":1.0},{"damage":18.0,"enemies":"Reptomancer","floor":40.0,"turns":2.0},{"damage":8.0,"enemies":"2 Orb Walkers","floor":44.0,"turns":1.0},{"damage":8,"enemies":"Orb Walker","floor":45,"turns":1},{"damage":28,"enemies":"Mind Bloom Boss Battle","floor":48,"turns":2},{"damage":38,"enemies":"Awakened One","floor":50,"turns":3},{"damage":36,"enemies":"Donu and Deca","floor":51,"turns":1},{"damage":30,"enemies":"Donu and Deca","floor":52,"turns":2},{"damage":79,"enemies":"Donu and Deca","floor":53,"turns":3},{"damage":47,"enemies":"Donu and Deca","floor":57,"turns":1},{"damage":178,"enemies":"paleoftheancients:N","floor":61,"turns":4}],"seed_played":"6452293756759725517","potions_obtained":[{"floor":1.0,"key":"Swift Potion"},{"floor":6.0,"key":"GamblersBrew"},{"floor":16.0,"key":"testmod-TestPotion"},{"floor":18.0,"key":"Fruit Juice"},{"floor":21.0,"key":"Fruit Juice"},{"floor":48,"key":"SneckoOil"},{"floor":52,"key":"DestinyDice"},{"floor":54,"key":"LiquidBronze"},{"floor":57,"key":"testmod-TimePotion"}],"is_trial":false,"path_per_floor":["M","?","M","?","?","E","R","?","T","M","?","E","?","$","R","B",null,"M","$","?","M","M","E","R","E","T","?","?","T","?","E","R","B",null,"M","?","?","?","?","E","R","$","T","?","M","R","?","?","R","B","B","M","M","?","T","R","M","R","$","?","B",null],"character_chosen":"REMILIA","items_purchased":["testmod-SpacePotion","Omamori","HunterOfTheNight","BlasphemousPunishment","SumBook","MastersStateliness"],"campfire_rested":1,"item_purchase_floors":[14,19,42,42,44,44],"current_hp_per_floor":[63,63,64,64,53,53,53,46,46,50,50,50,50,65,65,54,68,73,78,78,76,78,67,67,42,42,42,42,52,72,91,91,91,91,77,77,77,77,77,86,86,86,86,86,80,80,80,86,86,86,92,92,92,92,92,92,92,92,92,92,92],"gold":-47,"neow_bonus":"THREE_CARDS","is_daily":false,"chose_seed":false,"campfire_upgraded":7,"win_rate":0.0,"timestamp":1610947804,"path_taken":["M","?","?","?","?","E","R","?","T","?","?","E","?","?","R","BOSS","M","?","?","?","?","E","R","E","T","?","?","?","?","E","R","BOSS","M","?","?","?","?","E","R","$","T","?","?","R","?","?","R","BOSS","BOSS","M","M","?","T","R","M","R","$","?","BOSS"],"items_purchased_type":["Potion","Relic","Card","Card","Relic","Card"],"build_version":"2020-12-22","purchased_purges":3,"victory":true,"max_hp_per_floor":[70,70,70,70,70,70,70,70,70,70,70,70,70,70,70,73,73,78,78,78,83,83,81,81,81,81,81,81,91,91,91,91,91,91,91,91,91,86,86,86,86,86,86,86,86,86,86,86,86,86,92,92,92,92,92,92,92,92,92,92,92],"card_choices":[{"not_picked":["BombardNight","ScarletImprint"],"picked":"MastersStateliness","floor":0.0},{"not_picked":["BombardNight","TwelveNightmare"],"picked":"MastersStateliness","floor":1.0},{"not_picked":["BloodHunter","ScarletImprint","ScarletDream","StarOfDavid"],"picked":"UnderTheZenith","floor":3.0},{"not_picked":["SuperhumanBloodyKnife","VampireClaw","Septette","MillenniumVampire"],"picked":"VampireKiss","floor":6.0},{"not_picked":["NightDance","VampireKiss","RedRainbow","BlasphemousPunishment"],"picked":"DiffusionOfMisfortune","floor":10.0},{"not_picked":["NightDance","ScarletNetherworld","ScarletDevilSign","ForbiddenFruit"],"picked":"RedMagic","floor":12.0},{"not_picked":["HeartBreak","CeilingFear","HellCatastrophe","ScarletCoffin"],"picked":"EquivalentExchange","floor":16.0},{"not_picked":["VampireFantasy","RedNightlessCastle","NightDance","ReincarnationDial","ChainGang"],"picked":"SKIP","floor":18.0},{"not_picked":["RedNightlessCastle","VampireKiss+1","MillenniumVampire","VampireClaw"],"picked":"LeisurelyOfLord","floor":21.0},{"not_picked":["RedNightlessCastle","UnderTheZenith","LeisurelyOfLord","BombardNight"],"picked":"BlasphemousPunishment","floor":22.0},{"not_picked":["RedRainbow","StarOfDavid","BloodyMagicSquare","BloodyTrap"],"picked":"ScarletDream+1","floor":23.0},{"not_picked":["CharismaGuard","BlasphemousPunishment","ScarletImprint","GlobalNightmare"],"picked":"QueenOfMidnight","floor":25.0},{"not_picked":["StarOfDavid","NightDance","ScarletGensokyo","ScarletImprint"],"picked":"VampirishNight","floor":30.0},{"not_picked":["Septette","ScarletDevil+1","VampireKiss","HunterOfTheNight"],"picked":"ScarletCoffin","floor":31.0},{"not_picked":["TricksterDevil","ScarletCoffin","BloodySeventeenLaser","BloodyCatastrophe"],"picked":"ScarletMeister","floor":33.0},{"not_picked":["EndlessAdversity","Septette"],"picked":"MastersStateliness","floor":35.0},{"not_picked":["Madness","MostiFishMod:SupremeArchaeology"],"picked":"MostiFishMod:ButterFly","floor":39.0},{"not_picked":["DiffusionOfMisfortune","RedRainbow+1","NightDance"],"picked":"SKIP","floor":40.0},{"not_picked":["DiffusionOfMisfortune","NightDance"],"picked":"RedRainbow+1","floor":40.0},{"not_picked":["Stigmanizer","Septette"],"picked":"UnderTheZenith","floor":45},{"not_picked":["HunterOfTheNight","MiserableFate"],"picked":"NightDance","floor":48},{"not_picked":["TwelveNightmare","ReincarnationDial"],"picked":"BlasphemousPunishment","floor":52},{"not_picked":["GlobalNightmare","VampirishNight"],"picked":"ChaoticDestiny","floor":53},{"not_picked":["ForbiddenFruit","ScarletDevil"],"picked":"UnstableMagic+1","floor":57}],"player_experience":577057,"relics_obtained":[{"floor":1.0,"key":"SynthV:TestCard"},{"floor":1.0,"key":"Baka"},{"floor":3.0,"key":"Gambling Chip"},{"floor":3.0,"key":"Gambling Chip"},{"floor":6.0,"key":"MealTicket"},{"floor":12.0,"key":"Gremlin Horn"},{"floor":18.0,"key":"testmod-HeartOfStrike"},{"floor":20.0,"key":"Shuriken"},{"floor":23.0,"key":"Baka2"},{"floor":23.0,"key":"MagicDraw4"},{"floor":25.0,"key":"testmod-Acrobat"},{"floor":26.0,"key":"ScarletDevilRocket"},{"floor":29.0,"key":"Pear"},{"floor":30.0,"key":"Red Mask"},{"floor":31.0,"key":"ImprovedEquipment"},{"floor":40.0,"key":"GodSword7"},{"floor":43.0,"key":"GodSword1"},{"floor":48,"key":"testmod-CasingShield"},{"floor":55,"key":"Sundial"},{"floor":57,"key":"paleoftheancients:SoulOfTheHexaghost"}],"event_choices":[{"damage_healed":0.0,"max_hp_gain":0.0,"max_hp_loss":0.0,"gold_gain":0.0,"event_name":"Accursed Blacksmith","player_choice":"Forge","floor":2.0,"gold_loss":0.0,"damage_taken":0.0,"cards_upgraded":["MastersStateliness"]},{"damage_healed":0.0,"max_hp_gain":0.0,"max_hp_loss":0.0,"gold_gain":0.0,"event_name":"Liars Game","player_choice":"Ignored","floor":4.0,"gold_loss":0.0,"damage_taken":0.0},{"damage_healed":0.0,"max_hp_gain":0.0,"max_hp_loss":0.0,"gold_gain":75.0,"event_name":"World of Goop","player_choice":"Gather Gold","floor":5.0,"gold_loss":0.0,"damage_taken":11.0},{"cards_removed":["Defend_RM"],"damage_healed":0.0,"max_hp_gain":0.0,"max_hp_loss":0.0,"gold_gain":0.0,"event_name":"Golden Wing","player_choice":"Card Removal","floor":8.0,"gold_loss":0.0,"damage_taken":7.0},{"damage_healed":0.0,"max_hp_gain":0.0,"max_hp_loss":0.0,"gold_gain":0.0,"event_name":"给自己的盒子","player_choice":"Swap Relic","floor":11.0,"relics_lost":["Empty Cage"],"gold_loss":0.0,"damage_taken":0.0,"relics_obtained":["Empty Cage"]},{"damage_healed":0.0,"max_hp_gain":0.0,"max_hp_loss":0.0,"gold_gain":0.0,"cards_transformed":["Defend_RM"],"event_name":"Living Wall","player_choice":"Change","floor":13.0,"gold_loss":0.0,"damage_taken":0.0,"cards_obtained":["RedNightlessCastle"]},{"damage_healed":0.0,"max_hp_gain":0.0,"max_hp_loss":0.0,"gold_gain":0.0,"event_name":"Wheel of Change","player_choice":"Relic","floor":20.0,"gold_loss":0.0,"damage_taken":0.0},{"damage_healed":0.0,"max_hp_gain":0.0,"max_hp_loss":0.0,"gold_gain":0.0,"event_name":"The Library","player_choice":"Read","floor":27.0,"gold_loss":0.0,"damage_taken":0.0,"cards_obtained":["BlasphemousPunishment"]},{"damage_healed":0.0,"max_hp_gain":0.0,"max_hp_loss":0.0,"gold_gain":0.0,"event_name":"Addict","player_choice":"Obtained Relic","floor":28.0,"gold_loss":85.0,"damage_taken":0.0,"relics_obtained":["War Paint"]},{"damage_healed":0.0,"max_hp_gain":0.0,"max_hp_loss":0.0,"gold_gain":0.0,"event_name":"Masked Bandits","player_choice":"Fought Bandits","floor":30.0,"gold_loss":0.0,"damage_taken":0.0},{"damage_healed":0.0,"max_hp_gain":0.0,"max_hp_loss":0.0,"gold_gain":222.0,"event_name":"Tomb of Lord Red Mask","player_choice":"Wore Mask","floor":36.0,"gold_loss":0.0,"damage_taken":0.0},{"cards_removed":["RedMagic"],"damage_healed":0.0,"max_hp_gain":0.0,"max_hp_loss":0.0,"gold_gain":0.0,"event_name":"Falling","player_choice":"Removed Skill","floor":37.0,"gold_loss":0.0,"damage_taken":0.0},{"damage_healed":0.0,"max_hp_gain":0.0,"max_hp_loss":5.0,"gold_gain":0.0,"event_name":"Winding Halls","player_choice":"Max HP","floor":38.0,"gold_loss":0.0,"damage_taken":0.0},{"damage_healed":0.0,"max_hp_gain":0.0,"max_hp_loss":0.0,"gold_gain":0.0,"event_name":"SensoryStone","player_choice":"Memory 1","floor":39.0,"gold_loss":0.0,"damage_taken":0.0},{"damage_healed":0.0,"max_hp_gain":0.0,"max_hp_loss":0.0,"gold_gain":0.0,"event_name":"Mysterious Sphere","player_choice":"Fight","floor":44.0,"gold_loss":0.0,"damage_taken":0.0},{"damage_healed":0,"gold_gain":400,"player_choice":"Sell","damage_taken":0,"max_hp_gain":0,"max_hp_loss":0,"event_name":"恩洛斯的盘子","floor":47,"relics_lost":["testmod-TestBox"],"gold_loss":0},{"damage_healed":0,"gold_gain":0,"player_choice":"Fight","damage_taken":0,"max_hp_gain":0,"max_hp_loss":0,"event_name":"MindBloom","floor":48,"gold_loss":0},{"damage_healed":0,"gold_gain":0,"player_choice":"Bought 1 Potion","damage_taken":0,"max_hp_gain":0,"max_hp_loss":0,"event_name":"The Woman in Blue","floor":54,"gold_loss":0}],"is_beta":false,"boss_relics":[{"not_picked":["RhineSuit","Black Star"],"picked":"testmod-BloodSacrificeSpiritualization"},{"not_picked":["HereWithMe","Pandora\u0027s Box"],"picked":"Busted Crown"}],"items_purged_floors":[14,42,59],"is_endless":false,"potions_floor_spawned":[1,6,16,18,21,48,52,57],"ascension_level":20}}