{"host":"hxqmxu97ax4h93y4","time":1610989255,"event":{"mods":["BaseMod","Downfall","Hermit","Marisa????????","Minty Spire (QoL Compilation)","Random Character Button","StSLib","The Cursed","The Necromancer","The Runesmith"],"gold_per_floor":[118,130,149,161,161,161,184,19,19,35,60,75,75,89,89,215,215,235,248,263,178,178,178,193,193,193],"floor_reached":25,"language":"ENG","playtime":1046,"items_purged":["Strike_R"],"score":201,"play_id":"7a08a39f-86a2-44a1-b9b1-1b7cf7f8ad37","local_time":"20210118090055","is_ascension_mode":false,"campfire_choices":[{"data":"Whirlwind","floor":6,"key":"SMITH"},{"data":"Flame Barrier","floor":13,"key":"SMITH"},{"data":"Shrug It Off","floor":15,"key":"SMITH"},{"data":"Intimidate","floor":23,"key":"SMITH"}],"circlet_count":0,"master_deck":["Strike_R","Strike_R","Strike_R","Strike_R","Defend_R","Defend_R","Defend_R","Defend_R","Bash","Uppercut","Rage","Iron Wave","Whirlwind+1","Flame Barrier+1","Dramatic Entrance","Armaments","Rampage","Infernal Blade","Shrug It Off+1","Berserk","Clothesline+1","Intimidate+1","Dual Wield+1","Writhe","Clothesline+1"],"relics":["Burning Blood","NeowsBlessing","Golden Idol","Bird Faced Urn","Black Star","Calipers","White Beast Statue"],"acts_visited":["Exordium","TheCity"],"potions_floor_usage":[12,16,18,20,24,24,25],"damage_taken":[{"damage":0,"enemies":"2 Louse","floor":1,"turns":1},{"damage":0,"enemies":"Jaw Worm","floor":2,"turns":1},{"damage":0,"enemies":"Cultist","floor":3,"turns":1},{"damage":1,"enemies":"Looter","floor":4,"turns":3},{"damage":14,"enemies":"Large Slime","floor":7,"turns":6},{"damage":0,"enemies":"2 Fungi Beasts","floor":10,"turns":3},{"damage":0,"enemies":"Looter","floor":11,"turns":3},{"damage":0,"enemies":"Exordium Thugs","floor":12,"turns":2},{"damage":0,"enemies":"2 Fungi Beasts","floor":14,"turns":2},{"damage":39,"enemies":"Slime Boss","floor":16,"turns":12},{"damage":15,"enemies":"Chosen","floor":18,"turns":6},{"damage":26,"enemies":"2 Thieves","floor":19,"turns":3},{"damage":31,"enemies":"Shelled Parasite and Fungi","floor":20,"turns":12},{"damage":12,"enemies":"Snecko","floor":24,"turns":6},{"damage":22,"enemies":"Snake Plant","floor":25,"turns":6}],"seed_played":"5345084007298169469","potions_obtained":[{"floor":1,"key":"SteroidPotion"},{"floor":7,"key":"Energy Potion"},{"floor":10,"key":"ColorlessPotion"},{"floor":11,"key":"Fruit Juice"},{"floor":12,"key":"Swift Potion"},{"floor":16,"key":"SkillPotion"},{"floor":18,"key":"Strength Potion"},{"floor":24,"key":"Weak Potion"}],"is_trial":false,"path_per_floor":["M","M","M","M","?","R","M","$","T","M","M","M","R","M","R","B",null,"M","M","M","?","?","R","M","M"],"character_chosen":"IRONCLAD","items_purchased":["Dramatic Entrance"],"campfire_rested":0,"item_purchase_floors":[8],"current_hp_per_floor":[80,80,80,80,60,60,52,52,52,58,64,75,75,81,81,48,85,76,58,33,33,33,33,27,5,5],"gold":193,"neow_bonus":"THREE_ENEMY_KILL","is_daily":false,"chose_seed":false,"campfire_upgraded":4,"win_rate":0.0,"timestamp":1610989255,"path_taken":["M","M","M","M","?","R","M","$","T","M","M","M","R","M","R","BOSS","M","M","M","?","?","R","M","M"],"items_purchased_type":["Card"],"build_version":"2020-12-22","purchased_purges":1,"victory":false,"max_hp_per_floor":[80,80,80,80,80,80,80,80,80,80,80,85,85,85,85,85,85,85,85,85,85,85,85,85,85,85],"card_choices":[{"not_picked":["Sword Boomerang","Warcry"],"picked":"Uppercut","floor":1},{"not_picked":["Cleave","Warcry"],"picked":"Rage","floor":2},{"not_picked":["Perfected Strike","Disarm"],"picked":"Iron Wave","floor":3},{"not_picked":["Sever Soul","Iron Wave"],"picked":"Whirlwind","floor":4},{"not_picked":["Cleave","Pommel Strike"],"picked":"Flame Barrier","floor":7},{"not_picked":["Berserk","Flame Barrier"],"picked":"Armaments","floor":10},{"not_picked":["Armaments","Twin Strike"],"picked":"Rampage","floor":11},{"not_picked":["Clothesline","Armaments"],"picked":"Infernal Blade","floor":12},{"not_picked":["Seeing Red","Searing Blow"],"picked":"Shrug It Off","floor":14},{"not_picked":["Limit Break","Immolate"],"picked":"Berserk","floor":16},{"not_picked":["Pommel Strike","Headbutt"],"picked":"Clothesline+1","floor":18},{"not_picked":["Feel No Pain+1","Anger"],"picked":"Intimidate","floor":19},{"not_picked":["Clash","Body Slam"],"picked":"Dual Wield+1","floor":20},{"not_picked":["Clash","Flex+1"],"picked":"Clothesline+1","floor":24}],"player_experience":61581,"relics_obtained":[{"floor":9,"key":"Bird Faced Urn"}],"event_choices":[{"damage_healed":0,"gold_gain":0,"player_choice":"Take Damage","damage_taken":20,"relics_obtained":["Golden Idol"],"max_hp_gain":0,"max_hp_loss":0,"event_name":"Golden Idol","floor":5,"gold_loss":0},{"damage_healed":0,"gold_gain":0,"player_choice":"Obtained Relic","damage_taken":0,"relics_obtained":["Calipers"],"max_hp_gain":0,"max_hp_loss":0,"event_name":"Addict","floor":21,"gold_loss":85},{"damage_healed":0,"gold_gain":0,"player_choice":"Opened","damage_taken":0,"relics_obtained":["White Beast Statue"],"max_hp_gain":0,"max_hp_loss":0,"event_name":"The Mausoleum","floor":22,"gold_loss":0,"cards_obtained":["Writhe"]}],"is_beta":false,"boss_relics":[{"not_picked":["Runic Pyramid","Astrolabe"],"picked":"Black Star"}],"items_purged_floors":[8],"is_endless":false,"potions_floor_spawned":[1,7,10,11,12,16,18,24],"killed_by":"Snake Plant","ascension_level":0}}