{"host":"ebj6lkgm8suah319","time":1610995981,"event":{"mods":["2.2 Compatiblity","AchievementEnabler","BaseMod","Block Reminder","Colored Map","Colored Powertips","Minty Spire (QoL Compilation)","Quick Restart","Rare Cards Sparkle","Relic Stats","SuperFastMode"],"gold_per_floor":[213,61,61,80,50,63,78,78,132,159,178,204,204,232,232,335,335,346,346,363,363,363],"floor_reached":21,"language":"ENG","playtime":754,"items_purged":["Strike_R"],"score":249,"play_id":"bdfa827e-d736-4b94-9cd5-7430ed43e622","local_time":"20210118135301","is_ascension_mode":true,"campfire_choices":[{"data":"Whirlwind","floor":8,"key":"SMITH"},{"data":"Disarm","floor":15,"key":"SMITH"}],"circlet_count":0,"master_deck":["Strike_R","Strike_R","Strike_R","Strike_R","Defend_R","Defend_R","Defend_R","Defend_R","Bash","True Grit+1","Hemokinesis","Whirlwind+1","Evolve","Pommel Strike","Disarm+1","Feed","True Grit"],"relics":["Burning Blood","Potion Belt","Happy Flower","Anchor","Eternal Feather","Runic Pyramid"],"acts_visited":["Exordium","TheCity"],"potions_floor_usage":[7,10,12,12,16,18,20,21],"damage_taken":[{"damage":3,"enemies":"2 Louse","floor":1,"turns":3},{"damage":6,"enemies":"Cultist","floor":4,"turns":4},{"damage":3,"enemies":"Small Slimes","floor":6,"turns":4},{"damage":3,"enemies":"3 Louse","floor":7,"turns":3},{"damage":18,"enemies":"Gremlin Nob","floor":10,"turns":3},{"damage":8,"enemies":"Blue Slaver","floor":11,"turns":4},{"damage":22,"enemies":"Lagavulin","floor":12,"turns":4},{"damage":15,"enemies":"3 Sentries","floor":14,"turns":7},{"damage":39,"enemies":"The Guardian","floor":16,"turns":21},{"damage":4,"enemies":"2 Thieves","floor":18,"turns":4},{"damage":47,"enemies":"Spheric Guardian","floor":20,"turns":14},{"damage":19,"enemies":"Shelled Parasite and Fungi","floor":21,"turns":2}],"seed_played":"7295635386035155789","potions_obtained":[{"floor":1,"key":"LiquidMemories"},{"floor":5,"key":"PowerPotion"},{"floor":5,"key":"Block Potion"},{"floor":7,"key":"Energy Potion"},{"floor":10,"key":"Dexterity Potion"},{"floor":11,"key":"FearPotion"},{"floor":12,"key":"Explosive Potion"},{"floor":20,"key":"PowerPotion"}],"is_trial":false,"path_per_floor":["M","$","?","M","?","M","M","R","T","E","M","E","?","E","R","B",null,"M","?","M","M"],"character_chosen":"IRONCLAD","items_purchased":["Hemokinesis"],"campfire_rested":0,"item_purchase_floors":[2],"current_hp_per_floor":[80,80,80,80,80,80,80,80,80,68,66,50,50,41,50,17,64,69,53,12,0,0],"gold":363,"neow_bonus":"HUNDRED_GOLD","is_daily":false,"chose_seed":false,"campfire_upgraded":2,"win_rate":0.0,"timestamp":1610995981,"path_taken":["M","$","?","M","?","M","M","R","T","E","?","E","?","E","R","BOSS","M","?","M","M"],"items_purchased_type":["Card"],"build_version":"2020-12-22","purchased_purges":1,"victory":false,"max_hp_per_floor":[80,80,80,80,80,80,80,80,80,80,80,80,80,80,80,80,80,83,88,88,88,88],"relic_stats":{"Happy Flower":[18],"counters":[12,73],"Eternal Feather":9,"obtain_stats":[{"Potion Belt":9,"Anchor":12,"Happy Flower":10,"Eternal Feather":14,"Burning Blood":0,"Runic Pyramid":17},{"Potion Belt":4,"Anchor":7,"Happy Flower":5,"Eternal Feather":8,"Burning Blood":0,"Runic Pyramid":9},{"Potion Belt":14,"Anchor":25,"Happy Flower":17,"Eternal Feather":32,"Burning Blood":0,"Runic Pyramid":53}],"Burning Blood":57},"card_choices":[{"not_picked":["Ghostly Armor","Evolve"],"picked":"True Grit","floor":1},{"not_picked":["Rampage","Dropkick"],"picked":"Whirlwind","floor":4},{"not_picked":["Sword Boomerang","Bloodletting","Dual Wield"],"picked":"SKIP","floor":6},{"not_picked":["Rage","Hemokinesis"],"picked":"Evolve","floor":7},{"not_picked":["Warcry","Iron Wave","Clash"],"picked":"SKIP","floor":10},{"not_picked":["Burning Pact","Combust"],"picked":"Pommel Strike","floor":11},{"not_picked":["Reckless Charge","Twin Strike"],"picked":"Disarm","floor":12},{"not_picked":["True Grit","Dual Wield","Thunderclap"],"picked":"SKIP","floor":14},{"not_picked":["Impervious","Barricade"],"picked":"Feed","floor":16},{"not_picked":["Havoc","Ghostly Armor+1"],"picked":"True Grit","floor":18},{"not_picked":["Reckless Charge","Warcry","Ghostly Armor"],"picked":"SKIP","floor":20}],"player_experience":16432,"relics_obtained":[{"floor":9,"key":"Potion Belt"},{"floor":10,"key":"Happy Flower"},{"floor":12,"key":"Anchor"},{"floor":14,"key":"Eternal Feather"}],"event_choices":[{"damage_healed":0,"gold_gain":0,"player_choice":"Ignored","damage_taken":0,"max_hp_gain":0,"max_hp_loss":0,"event_name":"Liars Game","floor":3,"gold_loss":0},{"damage_healed":0,"gold_gain":0,"player_choice":"Bought 2 Potions","damage_taken":0,"max_hp_gain":0,"max_hp_loss":0,"event_name":"The Woman in Blue","floor":5,"gold_loss":0},{"damage_healed":0,"gold_gain":0,"player_choice":"Grow","damage_taken":0,"max_hp_gain":0,"max_hp_loss":0,"event_name":"Living Wall","floor":13,"gold_loss":0,"cards_upgraded":["True Grit"]},{"damage_healed":0,"gold_gain":0,"player_choice":"Shed Blood","damage_taken":21,"max_hp_gain":5,"max_hp_loss":0,"event_name":"Forgotten Altar","floor":19,"gold_loss":0}],"is_beta":false,"boss_relics":[{"not_picked":["SlaversCollar","Philosopher\u0027s Stone"],"picked":"Runic Pyramid"}],"items_purged_floors":[2],"is_endless":false,"potions_floor_spawned":[1,7,10,11,12,20],"killed_by":"Shelled Parasite and Fungi","ascension_level":5}}