{"host":"Qube","time":1610935288,"event":{"mods":["AchievementEnabler","BaseMod","Colored Map","Colored Powertips","Minty Spire (QoL Compilation)","Quick Restart","Random Character Button","StSLib"],"gold_per_floor":[117,117,129,129,142,175,240,240,240],"floor_reached":8,"language":"ENG","playtime":341,"items_purged":[],"score":112,"play_id":"3e489481-1c99-4439-bec5-f4e90ab45ea7","local_time":"20210117180128","is_ascension_mode":true,"campfire_choices":[],"circlet_count":0,"master_deck":["AscendersBane","Strike_R","Strike_R","Strike_R","Strike_R","Strike_R","Defend_R","Defend_R","Defend_R","Defend_R","Bash","Evolve","Shrug It Off","Seeing Red+1","Dark Embrace","Shrug It Off","Spot Weakness"],"relics":["Burning Blood","NeowsBlessing","Mercury Hourglass","Gremlin Horn"],"acts_visited":["Exordium"],"potions_floor_usage":[8],"damage_taken":[{"damage":0.0,"enemies":"Small Slimes","floor":1.0,"turns":1.0},{"damage":0.0,"enemies":"Cultist","floor":3.0,"turns":1.0},{"damage":0.0,"enemies":"Jaw Worm","floor":5.0,"turns":1.0},{"damage":40.0,"enemies":"Gremlin Nob","floor":6.0,"turns":5.0},{"damage":22.0,"enemies":"3 Sentries","floor":7.0,"turns":8.0},{"damage":23,"enemies":"Lagavulin","floor":8,"turns":8}],"seed_played":"-7842447244366810716","potions_obtained":[{"floor":1.0,"key":"Block Potion"},{"floor":3.0,"key":"FearPotion"},{"floor":6.0,"key":"Weak Potion"}],"is_trial":false,"path_per_floor":["M","?","M","?","M","E","?","E"],"character_chosen":"IRONCLAD","items_purchased":[],"campfire_rested":0,"item_purchase_floors":[],"current_hp_per_floor":[74,74,75,75,75,41,25,2,2],"gold":240,"neow_bonus":"THREE_ENEMY_KILL","is_daily":false,"chose_seed":false,"campfire_upgraded":0,"win_rate":0.0,"timestamp":1610935288,"path_taken":["M","?","?","?","M","E","?","E"],"items_purchased_type":[],"build_version":"2020-12-18","purchased_purges":0,"victory":false,"max_hp_per_floor":[75,75,75,75,75,75,75,75,75],"card_choices":[{"not_picked":["Clash","Blood for Blood"],"picked":"Evolve","floor":1.0},{"not_picked":["Wild Strike","Clothesline"],"picked":"Seeing Red","floor":3.0},{"not_picked":["Clothesline","Juggernaut"],"picked":"Dark Embrace","floor":5.0},{"not_picked":["Twin Strike","Intimidate"],"picked":"Shrug It Off","floor":6.0},{"not_picked":["Wild Strike","Clothesline"],"picked":"Spot Weakness","floor":7.0}],"player_experience":918483,"relics_obtained":[{"floor":6.0,"key":"Mercury Hourglass"},{"floor":7.0,"key":"Gremlin Horn"}],"event_choices":[{"damage_healed":0.0,"max_hp_gain":0.0,"max_hp_loss":0.0,"gold_gain":0.0,"event_name":"Match and Keep!","player_choice":"1 cards matched","floor":2.0,"gold_loss":0.0,"damage_taken":0.0,"cards_obtained":["Shrug It Off"]},{"damage_healed":0.0,"max_hp_gain":0.0,"max_hp_loss":0.0,"gold_gain":0.0,"event_name":"Living Wall","player_choice":"Grow","floor":4.0,"gold_loss":0.0,"damage_taken":0.0,"cards_upgraded":["Seeing Red"]},{"damage_healed":0.0,"max_hp_gain":0.0,"max_hp_loss":0.0,"gold_gain":0.0,"event_name":"Dead Adventurer","player_choice":"Searched \u00271\u0027 times","floor":7.0,"gold_loss":0.0,"damage_taken":0.0}],"is_beta":true,"boss_relics":[],"items_purged_floors":[],"is_endless":false,"potions_floor_spawned":[1,3,6],"killed_by":"Lagavulin","ascension_level":20}}