{"host":"slngz8sobihb8iwl","time":1610933592,"event":{"mods":["2.2 Compatiblity","Act Like it!","Astrologer","Bard","BaseMod","Colored Powertips","Elementarium","Gensokyo","GifTheSpireLib","Hallownest","Hermit","Marisa????????","Menagerie","Minty Spire (QoL Compilation)","Permanent Neow","Random Character Button","Rare Cards Sparkle","Relic Filter","Robot Space Explorer","StSLib","SuperFastMode","Td1madao Mod","The Bug Knight","The Cursed","The Disciple","The Gatherer","The Hierophant","The Judge","The Marked","The Runesmith","The Senshi","TheVelvet","Unceasing Turn Reminder"],"gold_per_floor":[114,114,0,0,0,0,100,100,100,100,110,140,352,381,381,478,478,489,220,220,71,71,105,105,116,196,206,206,279,130,149,149,245,245,264,264,43,59,59,93,93,108,108,108,108,124,124,49,49,49,49,49,11,43,43],"floor_reached":56,"language":"ENG","playtime":3935,"items_purged":["WordoMod:FoggyMind"],"score":1266,"play_id":"2eba24a2-0bda-4245-87c3-75a4b713bf86","local_time":"20210117203312","is_ascension_mode":true,"campfire_choices":[{"data":"theSenshi:MoonPrismPowerMakeUp","floor":6.0,"key":"SMITH"},{"data":"theSenshi:MoonKick","floor":8.0,"key":"SMITH"},{"data":"theSenshi:RainbowMoonHeartAche","floor":10.0,"key":"SMITH"},{"data":"theSenshi:MoonPrincessHalation","floor":15.0,"key":"SMITH"},{"data":"theSenshi:MoonCosmicPowerMakeUp","floor":24.0,"key":"SMITH"},{"floor":32.0,"key":"REST"},{"floor":41.0,"key":"RECALL"},{"data":"theSenshi:SilverMoonCrystalPowerKiss","floor":44.0,"key":"SMITH"},{"data":"theSenshi:MoonGorgeousMeditation","floor":45.0,"key":"SMITH"},{"data":"theSenshi:StudyParty","floor":49.0,"key":"SMITH"},{"data":"theSenshi:MoonSpiralHeartAttack","floor":52,"key":"SMITH"}],"circlet_count":0,"master_deck":["theSenshi:SailorKick","theSenshi:SailorKick","theSenshi:SailorKick","theSenshi:SailorBlock","theSenshi:SailorBlock","theSenshi:SailorBlock","theSenshi:SailorBlock","theSenshi:RoseThrow","theSenshi:MoonPrismPowerMakeUp+1","Dark Shackles","theSenshi:RainbowMoonHeartAche+1","theSenshi:MoonKick+1","theSenshi:SailorCosmosAssists","theSenshi:MoonPrincessHalation+1","theSenshi:MoonGorgeousMeditation+1","theSenshi:MoonTiaraMagic+1","theSenshi:MoonCosmicPowerMakeUp+1","theSenshi:WarriorOfTheMoon","theSenshi:MoonSpiralHeartAttack+1","theSenshi:StudyParty+1","theSenshi:MoonPunch+1","theSenshi:InTheNameOfTheMoon","theSenshi:TallSilhouette+1","theSenshi:CrisisMakeUp+1","theSenshi:SilverMoonCrystalPowerKiss+1","Gensokyo:UnhurriedMind+1","Gensokyo:Taser","theSenshi:MoonSpiralHeartAttack","theSenshi:LunaSensingAllies","theSenshi:MoonTiaraMagic+1","theSenshi:MoonCosmicPowerMakeUp","theSenshi:InTheNameOfTheMoon"],"relics":["theSenshi:TransformationBroochRelic","Happy Flower","Mercury Hourglass","WingedGreaves","Torii","Orichalcum","Sozu","HandDrill","Gensokyo:ConquerorOfFear","PreservedInsect","theSenshi:CrescentMoonWandRelic","theSenshi:FeatherClipsRelic","theSenshi:CutieMoonRodRelic","Cursed Key","theSenshi:RedHairPiecesRelic","Runesmith:AutoHammer","TungstenRod"],"acts_visited":["Exordium","Gensokyo:Gensokyo","Gensokyo:Gensokyoer","TheEnding"],"potions_floor_usage":[54,55],"damage_taken":[{"damage":0.0,"enemies":"Gensokyo:3_Fairies","floor":1.0,"turns":5.0},{"damage":2.0,"enemies":"Gensokyo:Gryphon","floor":11.0,"turns":3.0},{"damage":9.0,"enemies":"Gensokyo:Cirno","floor":12.0,"turns":6.0},{"damage":0.0,"enemies":"Gensokyo:Python","floor":13.0,"turns":4.0},{"damage":6.0,"enemies":"Gensokyo:Aya","floor":14.0,"turns":6.0},{"damage":16.0,"enemies":"Gensokyo:Kokoro","floor":16.0,"turns":8.0},{"damage":16.0,"enemies":"Gensokyo:2_Gloops","floor":18.0,"turns":5.0},{"damage":10.0,"enemies":"Gensokyo:Tenshi","floor":23.0,"turns":4.0},{"damage":18.0,"enemies":"Gensokyo:CosmicMonolith","floor":25.0,"turns":4.0},{"damage":7.0,"enemies":"Gensokyo:Wraith","floor":27.0,"turns":4.0},{"damage":1.0,"enemies":"Gensokyo:Monolith_and_Dog","floor":31.0,"turns":4.0},{"damage":15.0,"enemies":"Gensokyo:Kaguya","floor":33.0,"turns":8.0},{"damage":1.0,"enemies":"Gensokyo:3_Bats","floor":35.0,"turns":4.0},{"damage":0.0,"enemies":"Gensokyo:3_Bats","floor":36.0,"turns":5.0},{"damage":18.0,"enemies":"Gensokyo:3_Boulders","floor":38.0,"turns":5.0},{"damage":13.0,"enemies":"Gensokyo:Kasen","floor":40.0,"turns":6.0},{"damage":1.0,"enemies":"Gensokyo:4_Bats","floor":42.0,"turns":4.0},{"damage":0.0,"enemies":"Gensokyo:AtlasGolem","floor":46.0,"turns":3.0},{"damage":0.0,"enemies":"Gensokyo:Shinki","floor":50.0,"turns":6.0},{"damage":10,"enemies":"Shield and Spear","floor":54,"turns":3},{"damage":42,"enemies":"The Heart","floor":55,"turns":10}],"seed_played":"-7598075663518830861","potions_obtained":[{"floor":11.0,"key":"Strength Potion"},{"floor":12.0,"key":"GamblersBrew"},{"floor":14.0,"key":"DuplicationPotion"}],"is_trial":false,"path_per_floor":["M","?","COS","?","$","R","?","R","T","R","M","E","M","E","R","B",null,"M","$","?","$","?","E","R","M","T","M","?","T","$","M","R","B",null,"M","?","COS","M","?","E","R","M","T","R","R","M","T","$","R","B",null,"R","$","E","B",null],"character_chosen":"THE_SENSHI","items_purchased":["theSenshi:MoonCosmicPowerMakeUp","theSenshi:WarriorOfTheMoon","theSenshi:MoonSpiralHeartAttack","HandDrill","theSenshi:CutieMoonRodRelic","theSenshi:MoonCosmicPowerMakeUp"],"campfire_rested":1,"item_purchase_floors":[19,19,19,21,30,53],"current_hp_per_floor":[75,75,75,75,75,75,75,75,75,75,73,64,64,58,58,42,75,59,59,59,59,59,49,49,31,31,24,24,24,24,29,51,42,75,75,75,75,63,63,56,56,61,61,61,61,67,67,67,67,73,75,75,75,71,35],"gold":43,"neow_bonus":"RANDOM_COLORLESS","is_daily":false,"chose_seed":false,"campfire_upgraded":9,"win_rate":0.0,"timestamp":1610933592,"path_taken":["M","?","COS","?","?","R","?","R","T","R","M","E","M","E","R","BOSS","M","$","?","?","?","E","R","?","T","M","?","?","$","?","R","BOSS","M","?","COS","M","?","E","R","?","T","R","R","M","?","?","R","BOSS","R","$","E","BOSS"],"items_purchased_type":["Card","Card","Card","Relic","Relic","Card"],"build_version":"2020-12-22","purchased_purges":1,"victory":true,"max_hp_per_floor":[75,75,75,75,75,75,75,75,75,75,75,75,75,75,75,75,75,75,75,75,75,75,75,75,75,75,75,75,75,75,75,75,75,75,75,75,75,75,75,75,75,75,75,75,75,75,75,75,75,75,75,75,75,75,75],"card_choices":[{"not_picked":["Finesse","Madness"],"picked":"Dark Shackles","floor":0.0},{"not_picked":["theSenshi:MoonsReflection","theSenshi:MoonKick"],"picked":"theSenshi:MoonTiaraMagic","floor":1.0},{"not_picked":["theSenshi:MoonsReflection","theSenshi:Sidestep"],"picked":"theSenshi:RainbowMoonHeartAche","floor":4.0},{"not_picked":["theSenshi:TallSilhouette","theSenshi:SailorV"],"picked":"theSenshi:MoonKick","floor":4.0},{"not_picked":["theSenshi:LunasBite","theSenshi:InTheNickOfTime"],"picked":"theSenshi:MoonsReflection","floor":11.0},{"not_picked":["theSenshi:SchoolBag","theSenshi:SailorMarsAssists","theSenshi:SailorChibiMoonAssists"],"picked":"SKIP","floor":12.0},{"not_picked":["theSenshi:EncouragingSpeech","theSenshi:TuxedoSmokingBomber"],"picked":"theSenshi:SailorCosmosAssists","floor":13.0},{"not_picked":["theSenshi:MoonPower","theSenshi:SchoolBag"],"picked":"theSenshi:MoonPrincessHalation","floor":14.0},{"not_picked":["theSenshi:ChibiMoonsLove","theSenshi:SailorStarHealerAssists"],"picked":"theSenshi:MoonGorgeousMeditation","floor":16.0},{"not_picked":["theSenshi:SailorVenusAssists","theSenshi:SailorChibiMoonAssists+1"],"picked":"theSenshi:MoonTiaraMagic+1","floor":18.0},{"not_picked":["theSenshi:SailorStarMakerAssists+1","theSenshi:MoonPrincessHalation"],"picked":"theSenshi:MoonPunch+1","floor":23.0},{"not_picked":["theSenshi:SailorMarsAssists+1","theSenshi:MoonPower"],"picked":"theSenshi:InTheNameOfTheMoon","floor":25.0},{"not_picked":["theSenshi:KlutzyLuck","theSenshi:SchoolBag"],"picked":"theSenshi:TallSilhouette+1","floor":27.0},{"not_picked":["theSenshi:SupersonicWaves","theSenshi:GatheringStrength"],"picked":"theSenshi:CrisisMakeUp+1","floor":31.0},{"not_picked":["theSenshi:LunaSensingAllies","theSenshi:InTheNameOfTheMoon"],"picked":"theSenshi:SilverMoonCrystalPowerKiss","floor":33.0},{"not_picked":["theSenshi:SailorChibiMoonAssists+1","theSenshi:YouCanTalk","theSenshi:MoonPower"],"picked":"SKIP","floor":35.0},{"not_picked":["Gensokyo:RisingWorld+1","Gensokyo:DreamlikeParadise+1"],"picked":"Gensokyo:UnhurriedMind+1","floor":36.0},{"not_picked":["theSenshi:SaturnsMystery","theSenshi:SailorChibiMoonAssists+1"],"picked":"theSenshi:MoonSpiralHeartAttack","floor":38.0},{"not_picked":["theSenshi:SailorVenusAssists","theSenshi:RainbowMoonHeartAche"],"picked":"theSenshi:LunaSensingAllies","floor":40.0},{"not_picked":["theSenshi:SupersonicWaves+1","theSenshi:LunasBite"],"picked":"theSenshi:MoonTiaraMagic+1","floor":42.0},{"not_picked":["theSenshi:MoonKick","theSenshi:MoonPunch","theSenshi:SailorChibiMoonAssists"],"picked":"SKIP","floor":46.0},{"not_picked":["theSenshi:SailorMercuryAssists","theSenshi:SailorNeptuneAssists+1"],"picked":"theSenshi:InTheNameOfTheMoon","floor":54}],"player_experience":417049,"relics_obtained":[{"floor":9.0,"key":"Mercury Hourglass"},{"floor":12.0,"key":"WingedGreaves"},{"floor":14.0,"key":"Orichalcum"},{"floor":23.0,"key":"Gensokyo:ConquerorOfFear"},{"floor":23.0,"key":"PreservedInsect"},{"floor":26.0,"key":"theSenshi:CrescentMoonWandRelic"},{"floor":29.0,"key":"theSenshi:FeatherClipsRelic"},{"floor":40.0,"key":"Runesmith:AutoHammer"},{"floor":54,"key":"TungstenRod"}],"event_choices":[],"is_beta":false,"boss_relics":[{"not_picked":["Astrolabe","Pandora\u0027s Box"],"picked":"Sozu"},{"not_picked":["Tiny House","Snecko Eye"],"picked":"Cursed Key"}],"items_purged_floors":[48],"is_endless":false,"potions_floor_spawned":[11,12,14,23,31,38,40],"ascension_level":1}}