{"host":"r0vmyty6lrh6xfm3","time":1610945618,"event":{"mods":["BaseMod","Bestiary","Colored Map","Colored Powertips","DeckTracker","Highlight Path","Minty Spire (QoL Compilation)","Quick Restart","Relic Stats","StSLib"],"gold_per_floor":[109,109,119,188,204,204,254,266,266,334,461,303,303,321,321,395,395,412,404,420,483,501,535,43,60,83,114,164,214,264,299,299,370,370,384,511,581,318,379,412,412,440,467,467,598,648,659,64,64,64,64,64,64,9,38,38,38],"floor_reached":56,"language":"ENG","playtime":3498,"items_purged":[],"score":2189,"play_id":"89755241-66db-488f-950c-87517a84784f","local_time":"20210117225338","is_ascension_mode":true,"campfire_choices":[{"data":"Glass Knife","floor":6.0,"key":"SMITH"},{"data":"Footwork","floor":13.0,"key":"SMITH"},{"data":"Accuracy","floor":15.0,"key":"SMITH"},{"data":"A Thousand Cuts","floor":32.0,"key":"SMITH"},{"data":"Footwork","floor":41.0,"key":"SMITH"},{"data":"Outmaneuver","floor":44.0,"key":"SMITH"},{"floor":49.0,"key":"RECALL"},{"data":"Blade Dance","floor":53.0,"key":"SMITH"}],"circlet_count":0,"master_deck":["AscendersBane","Strike_G+1","Strike_G+1","Strike_G+1","Strike_G+1","Defend_G+1","Defend_G+1","Defend_G+1","Defend_G+1","Defend_G+1","Survivor","Neutralize","Glass Knife+1","Blade Dance+1","Footwork+1","Blur","Slice","Blade Dance","Backflip","Accuracy+1","A Thousand Cuts+1","Masterful Stab","Footwork+1","Flying Knee","Dagger Throw","Cloak And Dagger","PiercingWail","Backflip","Writhe","Concentrate+1","Die Die Die","Cloak And Dagger","Accuracy+1","Blade Dance","Terror","Outmaneuver+1","PiercingWail","Wraith Form v2+1","Madness","Madness","Finisher+1","Acrobatics","Cloak And Dagger","Blur"],"relics":["Ring of the Snake","SsserpentHead","Bottled Tornado","PreservedInsect","Coffee Dripper","Vajra","Dead Branch","Lee\u0027s Waffle","Happy Flower","Bronze Scales","Pen Nib","Tiny Chest","Darkstone Periapt","Matryoshka","Frozen Egg 2","Snecko Eye","InkBottle","Ornamental Fan","ClockworkSouvenir","Mercury Hourglass","Molten Egg 2","Centennial Puzzle","Question Card","Calipers","Medical Kit","Bottled Flame"],"acts_visited":["Exordium","TheCity","TheBeyond","TheEnding"],"potions_floor_usage":[],"damage_taken":[{"damage":0.0,"enemies":"2 Louse","floor":1.0,"turns":3.0},{"damage":0.0,"enemies":"Cultist","floor":3.0,"turns":3.0},{"damage":0.0,"enemies":"Small Slimes","floor":4.0,"turns":3.0},{"damage":3.0,"enemies":"Gremlin Gang","floor":5.0,"turns":3.0},{"damage":1.0,"enemies":"Blue Slaver","floor":8.0,"turns":3.0},{"damage":5.0,"enemies":"Exordium Wildlife","floor":10.0,"turns":5.0},{"damage":0.0,"enemies":"Red Slaver","floor":14.0,"turns":3.0},{"damage":35.0,"enemies":"The Guardian","floor":16.0,"turns":13.0},{"damage":6.0,"enemies":"3 Byrds","floor":18.0,"turns":4.0},{"damage":6.0,"enemies":"2 Thieves","floor":20.0,"turns":5.0},{"damage":0.0,"enemies":"Centurion and Healer","floor":21.0,"turns":5.0},{"damage":22.0,"enemies":"Snake Plant","floor":22.0,"turns":6.0},{"damage":0.0,"enemies":"Gremlin Leader","floor":23.0,"turns":5.0},{"damage":0.0,"enemies":"Snecko","floor":25.0,"turns":4.0},{"damage":2.0,"enemies":"Slavers","floor":27.0,"turns":3.0},{"damage":8.0,"enemies":"Book of Stabbing","floor":31.0,"turns":4.0},{"damage":13.0,"enemies":"Collector","floor":33.0,"turns":6.0},{"damage":1.0,"enemies":"Orb Walker","floor":35.0,"turns":3.0},{"damage":0.0,"enemies":"3 Shapes","floor":37.0,"turns":2.0},{"damage":0.0,"enemies":"Jaw Worm Horde","floor":39.0,"turns":3.0},{"damage":0.0,"enemies":"Giant Head","floor":40.0,"turns":5.0},{"damage":0.0,"enemies":"Nemesis","floor":42.0,"turns":5.0},{"damage":2.0,"enemies":"Transient","floor":47.0,"turns":6.0},{"damage":14.0,"enemies":"Awakened One","floor":50.0,"turns":6.0},{"damage":18.0,"enemies":"Time Eater","floor":51.0,"turns":8.0},{"damage":43.0,"enemies":"Shield and Spear","floor":55.0,"turns":5.0},{"damage":89,"enemies":"The Heart","floor":56,"turns":5}],"seed_played":"8407164133316427618","potions_obtained":[{"floor":1.0,"key":"Explosive Potion"},{"floor":8.0,"key":"BlessingOfTheForge"},{"floor":10.0,"key":"Strength Potion"},{"floor":14.0,"key":"LiquidMemories"},{"floor":23.0,"key":"FearPotion"},{"floor":25.0,"key":"EntropicBrew"},{"floor":31.0,"key":"CunningPotion"},{"floor":33.0,"key":"Strength Potion"}],"is_trial":false,"path_per_floor":["M","?","M","M","M","R","?","M","T","M","?","$","R","M","R","B",null,"M","?","M","M","M","E","$","M","T","E","?","?","T","E","R","B",null,"M","T","M","$","M","E","R","E","T","R","T","?","M","$","R","B","B",null,"R","$","E","B"],"character_chosen":"THE_SILENT","items_purchased":["PreservedInsect","Lee\u0027s Waffle","Happy Flower","Bronze Scales","Blade Dance","Terror","ClockworkSouvenir","Calipers","Acrobatics","Cloak And Dagger","Medical Kit","Swift Potion"],"campfire_rested":0,"item_purchase_floors":[12,24,24,24,38,38,38,48,48,48,48,54],"current_hp_per_floor":[59,59,59,59,56,56,56,55,55,50,50,50,50,50,50,15,53,47,47,41,41,19,19,73,73,73,71,71,77,77,69,69,56,73,72,72,72,72,72,72,72,72,72,72,72,58,56,56,56,42,24,65,65,65,22,0,0],"gold":38,"neow_bonus":"ONE_RANDOM_RARE_CARD","is_daily":false,"chose_seed":false,"campfire_upgraded":7,"win_rate":0.0,"timestamp":1610945618,"path_taken":["M","?","M","?","M","R","?","M","T","?","?","$","R","M","R","BOSS","M","?","M","?","M","E","$","M","T","E","?","?","?","E","R","BOSS","M","?","?","?","?","E","R","E","T","R","?","?","M","$","R","BOSS","BOSS","R","$","E","BOSS"],"items_purchased_type":["Relic","Relic","Relic","Relic","Card","Card","Relic","Relic","Card","Card","Relic","Potion"],"build_version":"2020-12-22","purchased_purges":0,"victory":false,"max_hp_per_floor":[66,66,66,66,66,66,66,66,66,66,66,66,66,66,66,66,66,66,66,66,66,66,66,73,73,73,73,73,79,79,79,79,79,79,79,79,79,79,79,79,79,79,79,79,79,79,79,79,79,79,79,79,79,79,79,79,79],"relic_stats":{"Darkstone Periapt":6,"Lee\u0027s Waffle":54,"Happy Flower":[21],"counters":[27,126],"Dead Branch":[203],"PreservedInsect":399,"Pen Nib":[22],"Question Card":2,"Medical Kit":[6],"Mercury Hourglass":[110],"SsserpentHead":750,"Centennial Puzzle":[15],"Ornamental Fan":[172],"Bronze Scales":[255],"Snecko Eye":[106,112,124,112],"Tiny Chest":2,"obtain_stats":[{"Darkstone Periapt":29,"Calipers":48,"Vajra":19,"Bottled Tornado":9,"ClockworkSouvenir":38,"SsserpentHead":2,"Centennial Puzzle":43,"Matryoshka":30,"Tiny Chest":27,"InkBottle":36,"Ring of the Snake":0,"Lee\u0027s Waffle":24,"Happy Flower":24,"Dead Branch":23,"PreservedInsect":12,"Pen Nib":26,"Frozen Egg 2":31,"Question Card":45,"Medical Kit":48,"Mercury Hourglass":40,"Bottled Flame":55,"Ornamental Fan":36,"Bronze Scales":24,"Snecko Eye":34,"Molten Egg 2":42,"Coffee Dripper":17},{"Darkstone Periapt":15,"Calipers":23,"Vajra":9,"Bottled Tornado":5,"ClockworkSouvenir":19,"SsserpentHead":1,"Centennial Puzzle":22,"Matryoshka":15,"Tiny Chest":15,"InkBottle":18,"Ring of the Snake":0,"Lee\u0027s Waffle":13,"Happy Flower":13,"Dead Branch":13,"PreservedInsect":6,"Pen Nib":14,"Frozen Egg 2":16,"Question Card":22,"Medical Kit":23,"Mercury Hourglass":21,"Bottled Flame":26,"Ornamental Fan":18,"Bronze Scales":13,"Snecko Eye":17,"Molten Egg 2":22,"Coffee Dripper":8},{"Darkstone Periapt":68,"Calipers":102,"Vajra":40,"Bottled Tornado":15,"ClockworkSouvenir":83,"SsserpentHead":3,"Centennial Puzzle":96,"Matryoshka":68,"Tiny Chest":68,"InkBottle":81,"Ring of the Snake":0,"Lee\u0027s Waffle":61,"Happy Flower":61,"Dead Branch":61,"PreservedInsect":20,"Pen Nib":65,"Frozen Egg 2":72,"Question Card":96,"Medical Kit":102,"Mercury Hourglass":91,"Bottled Flame":121,"Ornamental Fan":81,"Bronze Scales":61,"Snecko Eye":78,"Molten Egg 2":96,"Coffee Dripper":36}],"InkBottle":[37],"Ring of the Snake":[54]},"card_choices":[{"not_picked":["Dash","Expertise"],"picked":"Blade Dance","floor":1.0},{"not_picked":["Underhanded Strike","Quick Slash"],"picked":"Footwork","floor":3.0},{"not_picked":["Reflex","Bane","Dodge and Roll"],"picked":"SKIP","floor":4.0},{"not_picked":["Bane","Poisoned Stab"],"picked":"Blur","floor":5.0},{"not_picked":["Flechettes","Deflect"],"picked":"Blade Dance","floor":8.0},{"not_picked":["Expertise","Quick Slash"],"picked":"Backflip","floor":10.0},{"not_picked":["Calculated Gamble","Cloak And Dagger"],"picked":"Accuracy","floor":14.0},{"not_picked":["Malaise","Grand Finale"],"picked":"A Thousand Cuts","floor":16.0},{"not_picked":["Flying Knee","Underhanded Strike+1"],"picked":"Masterful Stab","floor":18.0},{"not_picked":["Blur","PiercingWail"],"picked":"Footwork","floor":20.0},{"not_picked":["Flechettes","Prepared"],"picked":"Flying Knee","floor":21.0},{"not_picked":["Prepared","Deadly Poison"],"picked":"Dagger Throw","floor":22.0},{"not_picked":["Poisoned Stab","Prepared"],"picked":"Cloak And Dagger","floor":23.0},{"not_picked":["Flying Knee+1","Dagger Throw+1"],"picked":"PiercingWail","floor":25.0},{"not_picked":["Flying Knee","A Thousand Cuts"],"picked":"Backflip","floor":27.0},{"not_picked":["Outmaneuver","Reflex"],"picked":"Concentrate+1","floor":31.0},{"not_picked":["Glass Knife","Unload"],"picked":"Die Die Die","floor":33.0},{"not_picked":["Backflip","Flying Knee"],"picked":"Cloak And Dagger","floor":35.0},{"not_picked":["Prepared","Dodge and Roll+1"],"picked":"Accuracy+1","floor":37.0},{"not_picked":["All Out Attack","Dagger Spray"],"picked":"Outmaneuver","floor":39.0},{"not_picked":["Dagger Spray+1","Riddle With Holes"],"picked":"PiercingWail","floor":40.0},{"not_picked":["Underhanded Strike+1","Cloak And Dagger"],"picked":"Wraith Form v2+1","floor":42.0},{"not_picked":["Bane+1","Skewer+1","All Out Attack+1"],"picked":"Finisher+1","floor":47.0},{"not_picked":["Poisoned Stab+1","Tools of the Trade+1","Dodge and Roll"],"picked":"Blur","floor":55.0}],"player_experience":996693,"relics_obtained":[{"floor":9.0,"key":"Bottled Tornado"},{"floor":23.0,"key":"Dead Branch"},{"floor":26.0,"key":"Pen Nib"},{"floor":27.0,"key":"Tiny Chest"},{"floor":30.0,"key":"Matryoshka"},{"floor":31.0,"key":"Frozen Egg 2"},{"floor":36.0,"key":"InkBottle"},{"floor":36.0,"key":"Ornamental Fan"},{"floor":40.0,"key":"Mercury Hourglass"},{"floor":42.0,"key":"Molten Egg 2"},{"floor":43.0,"key":"Centennial Puzzle"},{"floor":45.0,"key":"Question Card"},{"floor":55.0,"key":"Bottled Flame"}],"event_choices":[{"damage_healed":0.0,"max_hp_gain":0.0,"max_hp_loss":0.0,"gold_gain":0.0,"event_name":"FaceTrader","player_choice":"Trade","floor":2.0,"gold_loss":0.0,"damage_taken":0.0,"relics_obtained":["SsserpentHead"]},{"damage_healed":0.0,"max_hp_gain":0.0,"max_hp_loss":0.0,"gold_gain":0.0,"cards_transformed":["Strike_G"],"event_name":"Transmorgrifier","player_choice":"Transformed","floor":7.0,"gold_loss":0.0,"damage_taken":0.0,"cards_obtained":["Slice"]},{"damage_healed":0.0,"max_hp_gain":0.0,"max_hp_loss":0.0,"gold_gain":77.0,"event_name":"Golden Wing","player_choice":"Gained Gold","floor":11.0,"gold_loss":0.0,"damage_taken":0.0},{"damage_healed":0.0,"max_hp_gain":0.0,"max_hp_loss":0.0,"gold_gain":0.0,"event_name":"WeMeetAgain","player_choice":"Paid Gold","floor":19.0,"gold_loss":58.0,"damage_taken":0.0,"relics_obtained":["Vajra"]},{"damage_healed":0.0,"max_hp_gain":0.0,"max_hp_loss":0.0,"gold_gain":0.0,"event_name":"Back to Basics","player_choice":"Simplicity","floor":28.0,"gold_loss":0.0,"damage_taken":0.0,"cards_upgraded":["Strike_G","Strike_G","Strike_G","Strike_G","Defend_G","Defend_G","Defend_G","Defend_G","Defend_G"]},{"damage_healed":0.0,"max_hp_gain":0.0,"max_hp_loss":0.0,"gold_gain":0.0,"event_name":"The Mausoleum","player_choice":"Opened","floor":29.0,"gold_loss":0.0,"damage_taken":0.0,"relics_obtained":["Darkstone Periapt"],"cards_obtained":["Writhe"]},{"damage_healed":0.0,"max_hp_gain":0.0,"max_hp_loss":0.0,"gold_gain":0.0,"event_name":"Winding Halls","player_choice":"Embrace Madness","floor":46.0,"gold_loss":0.0,"damage_taken":14.0,"cards_obtained":["Madness","Madness"]}],"is_beta":false,"boss_relics":[{"not_picked":["HoveringKite","Velvet Choker"],"picked":"Coffee Dripper"},{"not_picked":["Tiny House","SlaversCollar"],"picked":"Snecko Eye"}],"items_purged_floors":[],"is_endless":false,"potions_floor_spawned":[1,8,10,14,23,25,31,33,37,42,47],"killed_by":"The Heart","ascension_level":20}}