{"host":"08t08ld674si40tv","time":1610965360,"event":{"mods":["AchievementEnabler","BaseMod","Colored Map","Minty Spire (QoL Compilation)","StSLib","SuperFastMode"],"gold_per_floor":[109,34,47,47,66,93,93,93,93,124,124,140,174,174,174,247,247,263,263,263,263,3,3,20,354,423,298,325,73,73,100,100,177,177,187,199,216,66,86,86,119,119,142,154,154,181,206,206,206,206,206,206,206,52,77,77],"floor_reached":57,"language":"KOR","playtime":1009,"items_purged":["Strike_R","Bite","Defend_R","Bite","Defend_R"],"score":3114,"play_id":"a6824bfc-71a7-476f-a233-65d1bc90ed90","local_time":"20210118192240","is_ascension_mode":true,"campfire_choices":[{"data":"Pommel Strike","floor":8.0,"key":"SMITH"},{"data":"Whirlwind","floor":11.0,"key":"SMITH"},{"data":"Disarm","floor":15.0,"key":"SMITH"},{"data":"Offering","floor":23,"key":"SMITH"},{"data":"Evolve","floor":32,"key":"SMITH"},{"data":"Demon Form","floor":40,"key":"SMITH"},{"data":"Shrug It Off","floor":42,"key":"SMITH"},{"floor":49,"key":"RECALL"},{"data":"Second Wind","floor":53,"key":"SMITH"}],"circlet_count":0,"master_deck":["AscendersBane","Defend_R","Bash+1","Pommel Strike+1","Intimidate","Flame Barrier","Whirlwind+1","Disarm+1","Offering+1","Bite","Bite","Necronomicurse","Evolve+1","Shrug It Off+1","Demon Form+1","Second Wind+1"],"relics":["Burning Blood","Nunchaku","WingedGreaves","Meat on the Bone","Pocketwatch","Whetstone","Bronze Scales","Mark of Pain","Necronomicon","Chemical X","Old Coin","Mercury Hourglass","Thread and Needle","Bag of Preparation","MutagenicStrength","TungstenRod","Sozu","Champion Belt","Akabeko","CaptainsWheel","The Courier","Centennial Puzzle","Blue Candle","Bottled Lightning","Du-Vu Doll","Toy Ornithopter","Art of War"],"acts_visited":["Exordium","TheCity","TheBeyond","TheEnding"],"potions_floor_usage":[24,33,56,56],"damage_taken":[{"damage":0.0,"enemies":"2 Louse","floor":1.0,"turns":1.0},{"damage":0.0,"enemies":"Jaw Worm","floor":3.0,"turns":1.0},{"damage":0.0,"enemies":"Small Slimes","floor":5.0,"turns":1.0},{"damage":0.0,"enemies":"3 Sentries","floor":6.0,"turns":2.0},{"damage":32.0,"enemies":"Gremlin Nob","floor":10.0,"turns":4.0},{"damage":7.0,"enemies":"Blue Slaver","floor":12.0,"turns":3.0},{"damage":18.0,"enemies":"3 Sentries","floor":13.0,"turns":5.0},{"damage":1.0,"enemies":"The Guardian","floor":16.0,"turns":13.0},{"damage":17.0,"enemies":"2 Thieves","floor":18.0,"turns":2.0},{"damage":6,"enemies":"3 Byrds","floor":24,"turns":1},{"damage":0,"enemies":"Slavers","floor":25,"turns":1},{"damage":12,"enemies":"Book of Stabbing","floor":28,"turns":3},{"damage":6,"enemies":"Slavers","floor":31,"turns":1},{"damage":15,"enemies":"Automaton","floor":33,"turns":4},{"damage":0,"enemies":"3 Darklings","floor":35,"turns":1},{"damage":0,"enemies":"3 Shapes","floor":36,"turns":1},{"damage":5,"enemies":"Jaw Worm Horde","floor":37,"turns":1},{"damage":15,"enemies":"Writhing Mass","floor":39,"turns":3},{"damage":5,"enemies":"Reptomancer","floor":41,"turns":2},{"damage":20,"enemies":"4 Shapes","floor":44,"turns":1},{"damage":7,"enemies":"Giant Head","floor":46,"turns":4},{"damage":0,"enemies":"Mind Bloom Boss Battle","floor":47,"turns":3},{"damage":29,"enemies":"Donu and Deca","floor":50,"turns":4},{"damage":25,"enemies":"Awakened One","floor":51,"turns":6},{"damage":0,"enemies":"Shield and Spear","floor":55,"turns":1},{"damage":34,"enemies":"The Heart","floor":56,"turns":5}],"seed_played":"7925779840463820161","potions_obtained":[{"floor":1.0,"key":"Swift Potion"},{"floor":3.0,"key":"SkillPotion"},{"floor":16.0,"key":"Regen Potion"},{"floor":18.0,"key":"EntropicBrew"},{"floor":24,"key":"Fruit Juice"},{"floor":33,"key":"DuplicationPotion"}],"is_trial":false,"path_per_floor":["M","$","M","$","M","E","?","R","T","E","R","M","E","?","R","B",null,"M","?","?","?","$","R","M","E","T","$","E","$","?","E","R","B",null,"M","M","M","$","M","R","E","R","T","M","?","E","?","?","R","B","B",null,"R","$","E","B",null],"character_chosen":"IRONCLAD","items_purchased":["Chemical X","Evolve","Bag of Preparation","Centennial Puzzle","Blue Candle","Bottled Lightning","Du-Vu Doll","Toy Ornithopter"],"campfire_rested":0,"item_purchase_floors":[22,29,29,54,54,54,54,54],"current_hp_per_floor":[74,74,75,75,75,75,57,57,57,43,43,54,54,54,54,59,71,60,52,31,31,31,31,48,54,54,54,51,51,51,51,51,44,54,57,57,57,57,48,48,49,49,49,35,35,40,46,46,46,43,42,51,51,51,54,36],"gold":77,"neow_bonus":"RANDOM_COMMON_RELIC","is_daily":false,"chose_seed":false,"campfire_upgraded":8,"win_rate":0.0,"timestamp":1610965360,"path_taken":["M","$","M","$","M","E","?","R","T","E","R","M","E","?","R","BOSS","M","?","?","?","?","R","M","E","T","$","E","$","?","E","R","BOSS","M","M","M","$","M","R","E","R","T","M","?","E","?","?","R","BOSS","BOSS","R","$","E","BOSS"],"items_purchased_type":["Relic","Card","Relic","Relic","Relic","Relic","Relic","Relic"],"build_version":"2020-12-22","purchased_purges":5,"victory":true,"max_hp_per_floor":[75,75,75,75,75,75,75,75,75,75,75,75,75,75,75,75,75,75,52,52,52,52,52,57,57,57,57,57,57,57,57,57,57,57,57,57,57,57,57,57,57,57,57,57,54,54,54,54,54,54,54,54,54,54,54,54],"card_choices":[{"not_picked":["Feel No Pain","Fire Breathing"],"picked":"Pommel Strike","floor":1.0},{"not_picked":["Cleave","Metallicize"],"picked":"Intimidate","floor":3.0},{"not_picked":["Armaments","Cleave"],"picked":"Flame Barrier","floor":5.0},{"not_picked":["Combust","Warcry"],"picked":"Whirlwind","floor":6.0},{"not_picked":["Rage","Clash"],"picked":"Disarm","floor":10.0},{"not_picked":["Flame Barrier","Spot Weakness","Havoc"],"picked":"SKIP","floor":12.0},{"not_picked":["Havoc","Rampage","Clothesline"],"picked":"SKIP","floor":13.0},{"not_picked":["Bludgeon","Feed"],"picked":"Offering","floor":16.0},{"not_picked":["Heavy Blade","Wild Strike","Headbutt"],"picked":"SKIP","floor":18.0},{"not_picked":["Ghostly Armor","Twin Strike","True Grit"],"picked":"SKIP","floor":24},{"not_picked":["Seeing Red","Perfected Strike","Rampage"],"picked":"SKIP","floor":25},{"not_picked":["Twin Strike","Combust","Thunderclap"],"picked":"SKIP","floor":28},{"not_picked":["Barricade","Flex","Cleave"],"picked":"SKIP","floor":31},{"not_picked":["Sever Soul+1","Warcry","Intimidate"],"picked":"SKIP","floor":35},{"not_picked":["Armaments+1","Dark Embrace"],"picked":"Shrug It Off","floor":36},{"not_picked":["Anger+1","True Grit"],"picked":"Demon Form","floor":37},{"not_picked":["Anger","Cleave","Sword Boomerang+1"],"picked":"SKIP","floor":39},{"not_picked":["Fire Breathing","Dropkick","Spot Weakness+1"],"picked":"SKIP","floor":41},{"not_picked":["Perfected Strike+1","True Grit","Wild Strike+1"],"picked":"SKIP","floor":44},{"not_picked":["Havoc","Intimidate+1"],"picked":"Second Wind","floor":46},{"not_picked":["Clothesline","Brutality","Warcry"],"picked":"SKIP","floor":55}],"player_experience":246127,"relics_obtained":[{"floor":6.0,"key":"WingedGreaves"},{"floor":9.0,"key":"Pocketwatch"},{"floor":10.0,"key":"Whetstone"},{"floor":13.0,"key":"Bronze Scales"},{"floor":20.0,"key":"Necronomicon"},{"floor":25,"key":"Old Coin"},{"floor":26,"key":"Mercury Hourglass"},{"floor":28,"key":"Thread and Needle"},{"floor":31,"key":"TungstenRod"},{"floor":41,"key":"Champion Belt"},{"floor":46,"key":"Akabeko"},{"floor":47,"key":"CaptainsWheel"},{"floor":55,"key":"Art of War"}],"event_choices":[{"damage_healed":0.0,"max_hp_gain":0.0,"max_hp_loss":0.0,"gold_gain":0.0,"event_name":"Scrap Ooze","player_choice":"Success","floor":7.0,"gold_loss":0.0,"damage_taken":18.0,"relics_obtained":["Meat on the Bone"]},{"damage_healed":0.0,"max_hp_gain":0.0,"max_hp_loss":0.0,"gold_gain":0.0,"event_name":"Dead Adventurer","player_choice":"Searched \u00271\u0027 times","floor":14.0,"gold_loss":0.0,"damage_taken":0.0},{"damage_healed":0.0,"max_hp_gain":0.0,"max_hp_loss":23.0,"gold_gain":0.0,"event_name":"Vampires","player_choice":"Became a vampire","floor":19.0,"gold_loss":0.0,"damage_taken":0.0,"cards_obtained":["Bite","Bite","Bite","Bite","Bite"]},{"damage_healed":0.0,"max_hp_gain":0.0,"max_hp_loss":0.0,"gold_gain":0.0,"event_name":"Cursed Tome","player_choice":"Obtained Book","floor":20.0,"gold_loss":0.0,"damage_taken":21.0},{"cards_removed":["Bite"],"damage_healed":0,"gold_gain":0,"player_choice":"Elegance","damage_taken":0,"max_hp_gain":0,"max_hp_loss":0,"event_name":"Back to Basics","floor":21,"gold_loss":0},{"damage_healed":0,"gold_gain":0,"player_choice":"Inject Mutagens","damage_taken":0,"relics_obtained":["MutagenicStrength"],"max_hp_gain":0,"max_hp_loss":0,"event_name":"Drug Dealer","floor":30,"gold_loss":0},{"damage_healed":0,"gold_gain":0,"player_choice":"Max HP","damage_taken":0,"max_hp_gain":0,"max_hp_loss":3,"event_name":"Winding Halls","floor":45,"gold_loss":0},{"damage_healed":0,"gold_gain":0,"player_choice":"Fight","damage_taken":0,"max_hp_gain":0,"max_hp_loss":0,"event_name":"MindBloom","floor":47,"gold_loss":0},{"cards_removed":["Defend_R"],"damage_healed":0,"gold_gain":0,"player_choice":"Removed Skill","damage_taken":0,"max_hp_gain":0,"max_hp_loss":0,"event_name":"Falling","floor":48,"gold_loss":0}],"is_beta":false,"boss_relics":[{"not_picked":["Tiny House","Fusion Hammer"],"picked":"Mark of Pain"},{"not_picked":["Pandora\u0027s Box","Snecko Eye"],"picked":"Sozu"}],"items_purged_floors":[2,22,27,38,54],"is_endless":false,"potions_floor_spawned":[1,3,5,16,18,24,33,36,37,39,41],"ascension_level":20}}