{"host":"80x1ozqd5wpd4nvo","time":1610939769,"event":{"mods":["2.2 Compatiblity","Aspiration","BaseMod","Better Altar","Better Match","Better Note","Better Sensory Stone","Better Skull","Better Third Choice","BetterRewards","Card Forge","Custom Start","DNKmod","Defuse TimeMaze Blight","Dota2Spire","Energized Spire","Friendly Minions","GifTheSpireLib","Hubris","Infinite Spire","Minty Spire (QoL Compilation)","Permanent Neow","Poor People Problems","Shop Mod","Spicy Shops","StSLib","The Blue Laboratory","The Senshi","??????REMEMod"],"gold_per_floor":[1217,1217,146,158,177,210,275,308,333,352,386,397,397,431,431,534,534,544,544,555,555,565,595,595,630,630,630,630,661,677,677,677,775,775,790,812,824,824,874,901,901,702,770,770,770,670,703,703,703,703,703,703,72,115,117],"floor_reached":56,"language":"ENG","playtime":2752,"items_purged":[],"score":1701,"play_id":"dcb6816f-62bf-48f7-85c7-c023e10ffc13","local_time":"20210118041609","is_ascension_mode":true,"campfire_choices":[{"data":"Apotheosis","floor":15.0,"key":"SMITH"},{"data":"theSenshi:LunaSensingAllies","floor":24.0,"key":"SMITH"},{"floor":27.0,"key":"RECALL"},{"floor":32.0,"key":"REST"},{"floor":41.0,"key":"REST"},{"data":"theSenshi:MoonCrisisMakeUp","floor":44,"key":"SMITH"},{"floor":49,"key":"REST"},{"floor":52,"key":"REST"}],"circlet_count":0,"master_deck":["theSenshi:SailorKick","theSenshi:SailorKick","theSenshi:SailorKick","theSenshi:SailorKick","theSenshi:SailorBlock","theSenshi:SailorBlock","theSenshi:SailorBlock","theSenshi:SailorBlock","theSenshi:RoseThrow","theSenshi:MoonPrismPowerMakeUp","theSenshi:GlimpseOfThePast","theSenshi:SailorMarsAssists","theSenshi:MoonCrisisMakeUp+1","Apotheosis+1","theSenshi:SaturnsMystery","theSenshi:MoonTwilightFlash","theSenshi:SailorChibiMoonAssists","theSenshi:YouCanTalk","theSenshi:SailorPlanetPower+1","theSenshi:SailorUranusAssists","theSenshi:TallSilhouette","theSenshi:SailorVenusAssists","theSenshi:NeptunesGrace","theSenshi:SailorPlanetAttack","theSenshi:LunaSensingAllies+1","theSenshi:SailorMercuryAssists+1","theSenshi:SailorStarMakerAssists","infinitespire:Starlight","theSenshi:SailorJupiterAssists","theSenshi:IWillPunishYou","theSenshi:SailorNeptuneAssists","theSenshi:StudyParty","theSenshi:TuxedoMaskAssists","theSenshi:CrisisMakeUp","theSenshi:MoonPrincessHalation+1","Sadistic Nature","REME_PuzzleBox","theSenshi:MoonCrisisMakeUp","theSenshi:MoonCrisisMakeUp","theSenshi:SailorPlutoAssists"],"relics":["theSenshi:TransformationBroochRelic","Hammer of Thor","Seething Fire","Anvil of the Gods","REME_ComplimentaryCards","theSenshi:CosmicHeartCompactRelic","Gremlin Horn","theSenshi:RedHairPiecesRelic","hubris:OldNail","hubris:Spice","Meat on the Bone","Pen Nib","Juzu Bracelet","Dota2Spire:PowerTreads","hubris:Backtick","Dota2Spire:EyeOfSkadi","Whetstone","aspiration:PoetsPen_weak","infinitespire:Midas Blood","hubris:SlimyHat","Dream Catcher","theSenshi:CutieMoonRodRelic","hubris:Potato","ClockworkSouvenir","hubris:SphereOfDissonance","Torii","infinitespire:ShieldingShard"],"acts_visited":["Exordium","TheCity","TheBeyond","TheEnding"],"potions_floor_usage":[50,50,55],"damage_taken":[{"damage":0.0,"enemies":"Cultist","floor":1.0,"turns":3.0},{"damage":0.0,"enemies":"2 Louse","floor":4.0,"turns":2.0},{"damage":8.0,"enemies":"Jaw Worm","floor":5.0,"turns":2.0},{"damage":0.0,"enemies":"Lagavulin","floor":6.0,"turns":4.0},{"damage":2.0,"enemies":"Lagavulin Event","floor":7.0,"turns":4.0},{"damage":15.0,"enemies":"Gremlin Nob","floor":8.0,"turns":4.0},{"damage":0.0,"enemies":"Gremlin Gang","floor":10.0,"turns":2.0},{"damage":0.0,"enemies":"Lagavulin","floor":11.0,"turns":3.0},{"damage":9.0,"enemies":"Blue Slaver","floor":12.0,"turns":4.0},{"damage":22.0,"enemies":"3 Sentries","floor":14.0,"turns":4.0},{"damage":55.0,"enemies":"Hexaghost","floor":16.0,"turns":5.0},{"damage":0.0,"enemies":"Spheric Guardian","floor":18.0,"turns":2.0},{"damage":0.0,"enemies":"Shell Parasite","floor":20.0,"turns":2.0},{"damage":0.0,"enemies":"Snecko","floor":22.0,"turns":3.0},{"damage":8.0,"enemies":"Book of Stabbing","floor":23.0,"turns":2.0},{"damage":0.0,"enemies":"REME_1_Revenger","floor":25.0,"turns":3.0},{"damage":0.0,"enemies":"Gremlin Leader","floor":29.0,"turns":3.0},{"damage":0.0,"enemies":"Centurion and Healer","floor":30.0,"turns":2.0},{"damage":0.0,"enemies":"Automaton","floor":33.0,"turns":4.0},{"damage":0.0,"enemies":"3 Darklings","floor":35.0,"turns":3.0},{"damage":10.0,"enemies":"3 Shapes","floor":36.0,"turns":1.0},{"damage":3.0,"enemies":"Jaw Worm Horde","floor":37.0,"turns":2.0},{"damage":0.0,"enemies":"Mind Bloom Boss Battle","floor":39.0,"turns":4.0},{"damage":0.0,"enemies":"Nemesis","floor":40.0,"turns":1.0},{"damage":4,"enemies":"Giant Head","floor":47,"turns":3},{"damage":0,"enemies":"Awakened One","floor":50,"turns":4},{"damage":24,"enemies":"Shield and Spear","floor":54,"turns":4},{"damage":1,"enemies":"The Heart","floor":55,"turns":5}],"seed_played":"9065867286474549440","potions_obtained":[{"floor":1.0,"key":"blueLaboratory:NullPotion"},{"floor":8.0,"key":"Swift Potion"},{"floor":11.0,"key":"blueLaboratory:Moonshine"},{"floor":12.0,"key":"blueLaboratory:CorrosionFlask"},{"floor":14.0,"key":"blueLaboratory:TrueEctoplasm"},{"floor":16.0,"key":"SkillPotion"},{"floor":20.0,"key":"blueLaboratory:BottleOfVodka"},{"floor":40.0,"key":"SkillPotion"}],"is_trial":false,"path_per_floor":["M","?","$","M","M","E","?","E","T","M","E","M","?","E","R","B",null,"M","?","M","AVR","M","E","R","E","T","R","?","E","M","?","R","B",null,"M","M","M","?","?","E","R","$","T","R","AVR","NS","E","?","R","B",null,"R","$","E","B",null],"character_chosen":"THE_SENSHI","items_purchased":["theSenshi:CosmicHeartCompactRelic","Gremlin Horn","theSenshi:RedHairPiecesRelic","theSenshi:MoonCrisisMakeUp","Apotheosis","theSenshi:SaturnsMystery","theSenshi:MoonTwilightFlash","theSenshi:CutieMoonRodRelic","blueLaboratory:FrostheartPotion","ClockworkSouvenir","hubris:SphereOfDissonance","Torii","theSenshi:MoonCrisisMakeUp"],"campfire_rested":4,"item_purchase_floors":[3,3,3,3,3,3,3,42,42,53,53,53,53],"current_hp_per_floor":[100,100,100,100,92,92,106,105,105,105,108,107,115,94,94,61,121,121,121,121,121,121,113,113,113,113,113,121,121,121,131,131,131,131,131,121,118,118,131,131,131,131,131,131,131,131,127,127,131,131,131,131,131,122,130],"gold":117,"neow_bonus":"ONE_RANDOM_RARE_CARD","is_daily":false,"chose_seed":false,"campfire_upgraded":3,"win_rate":0.0,"timestamp":1610939769,"path_taken":["M","?","$","M","M","E","?","E","T","M","E","M","?","E","R","BOSS","M","?","M","AVR","M","E","R","E","T","R","?","E","M","?","R","BOSS","M","M","M","?","?","E","R","$","T","R","AVR","NS","E","?","R","BOSS","R","$","E","BOSS"],"items_purchased_type":["Relic","Relic","Relic","Card","Card","Card","Card","Relic","Potion","Relic","Relic","Relic","Card"],"build_version":"2020-12-22","purchased_purges":0,"victory":true,"max_hp_per_floor":[100,100,100,100,100,100,108,108,108,108,108,108,116,116,116,116,121,121,121,121,121,121,121,121,121,121,121,121,121,121,131,131,131,131,131,131,131,131,131,131,131,131,131,131,131,131,131,131,131,131,131,131,131,131,131],"card_choices":[{"not_picked":["theSenshi:VenusGlamour","theSenshi:SteeledNerves"],"picked":"theSenshi:SailorMarsAssists","floor":1.0},{"not_picked":["theSenshi:SailorVenusAssists","theSenshi:SailorMarsAssists"],"picked":"theSenshi:SailorChibiMoonAssists","floor":4.0},{"not_picked":["theSenshi:TallSilhouette","theSenshi:SailorChibiMoonAssists"],"picked":"theSenshi:YouCanTalk","floor":5.0},{"not_picked":["theSenshi:JupitersPower","theSenshi:SailorMercuryAssists"],"picked":"theSenshi:SailorPlanetPower","floor":6.0},{"not_picked":["theSenshi:TallSilhouette","theSenshi:Sidestep"],"picked":"theSenshi:SailorUranusAssists","floor":7.0},{"not_picked":["theSenshi:LateForSchool","theSenshi:SailorMarsAssists","theSenshi:MoonPower"],"picked":"SKIP","floor":8.0},{"not_picked":["theSenshi:TuxedoSmokingBomber","theSenshi:EncouragingSpeech"],"picked":"theSenshi:TallSilhouette","floor":10.0},{"not_picked":["theSenshi:KlutzyLuck","theSenshi:SailorPlanetPower"],"picked":"theSenshi:SailorVenusAssists","floor":11.0},{"not_picked":["theSenshi:TuxedoSmokingBomber","theSenshi:MoonCrisisMakeUp"],"picked":"theSenshi:NeptunesGrace","floor":12.0},{"not_picked":["theSenshi:MoonSpiralHeartAttack","hubris:SpiceAddiction"],"picked":"theSenshi:SailorPlanetAttack","floor":14.0},{"not_picked":["theSenshi:GlimpseOfThePast","theSenshi:InTheNameOfTheMoon"],"picked":"theSenshi:LunaSensingAllies","floor":16.0},{"not_picked":["hubris:SpiceAddiction","theSenshi:MoonTiaraMagic"],"picked":"theSenshi:SailorMercuryAssists+1","floor":18.0},{"not_picked":["theSenshi:Sidestep+1","theSenshi:HesSoDreamy+1","theSenshi:MoonTiaraMagic"],"picked":"SKIP","floor":20.0},{"not_picked":["theSenshi:OdangoHead+1","theSenshi:SailorChibiMoonAssists"],"picked":"theSenshi:SailorJupiterAssists","floor":22.0},{"not_picked":["theSenshi:MoonsReflection+1","theSenshi:TuxedoSmokingBomber"],"picked":"theSenshi:LunaSensingAllies","floor":23.0},{"not_picked":["theSenshi:SailorStarMakerAssists+1","theSenshi:MoonCosmicPowerMakeUp"],"picked":"theSenshi:SchoolBag+1","floor":25.0},{"not_picked":["hubris:SpiceAddiction","theSenshi:Sidestep+1"],"picked":"theSenshi:IWillPunishYou","floor":29.0},{"not_picked":["theSenshi:SailorMarsAssists+1","theSenshi:LateForSchool","theSenshi:LunasBite+1"],"picked":"SKIP","floor":30.0},{"not_picked":["theSenshi:SailorMercuryAssists+1","theSenshi:TuxedoSmokingBomber"],"picked":"theSenshi:SailorNeptuneAssists","floor":32.0},{"not_picked":["theSenshi:InTheNameOfTheMoon","theSenshi:SailorPlutoAssists"],"picked":"theSenshi:StudyParty","floor":33.0},{"not_picked":["theSenshi:SailorVenusAssists+1","theSenshi:MoonPower+1","theSenshi:TuxedoSmokingBomber"],"picked":"SKIP","floor":35.0},{"not_picked":["theSenshi:MoonKick","theSenshi:OdangoHead"],"picked":"theSenshi:TuxedoMaskAssists","floor":36.0},{"not_picked":["theSenshi:SailorMarsAssists","theSenshi:TuxedoSmokingBomber","theSenshi:SailorChibiMoonAssists"],"picked":"SKIP","floor":37.0},{"not_picked":["theSenshi:SaturnsMystery+1","theSenshi:MoonTwilightFlash","theSenshi:SailorMarsAssists+1"],"picked":"SKIP","floor":40.0},{"not_picked":["theSenshi:YouCanTalk+1","theSenshi:TuxedoMaskAssists+1"],"picked":"theSenshi:CrisisMakeUp","floor":41.0},{"not_picked":["theSenshi:SaturnsMystery","theSenshi:SupersonicWaves"],"picked":"theSenshi:MoonPrincessHalation+1","floor":47},{"not_picked":["Enlightenment","REME_WheelOfFate"],"picked":"Sadistic Nature","floor":48},{"not_picked":["Enlightenment","REME_MagicPocketWatch"],"picked":"REME_PuzzleBox","floor":48},{"not_picked":["theSenshi:MoonKick","theSenshi:MoonPower"],"picked":"theSenshi:MoonCrisisMakeUp","floor":49},{"not_picked":["theSenshi:MoonPunch+1","theSenshi:SailorJupiterAssists+1"],"picked":"theSenshi:SailorPlutoAssists","floor":54}],"player_experience":243837,"relics_obtained":[{"floor":6.0,"key":"hubris:OldNail"},{"floor":7.0,"key":"hubris:Spice"},{"floor":8.0,"key":"Meat on the Bone"},{"floor":9.0,"key":"Pen Nib"},{"floor":11.0,"key":"Juzu Bracelet"},{"floor":14.0,"key":"Dota2Spire:PowerTreads"},{"floor":23.0,"key":"infinitespire:Midas Blood"},{"floor":25.0,"key":"hubris:SlimyHat"},{"floor":29.0,"key":"Dream Catcher"},{"floor":54,"key":"infinitespire:ShieldingShard"}],"event_choices":[{"damage_healed":0.0,"max_hp_gain":0.0,"max_hp_loss":0.0,"gold_gain":30.0,"event_name":"Dead Adventurer","player_choice":"Searched \u00273\u0027 times","floor":7.0,"gold_loss":0.0,"damage_taken":0.0},{"damage_healed":0.0,"max_hp_gain":0.0,"max_hp_loss":0.0,"gold_gain":0.0,"event_name":"WeMeetAgain","player_choice":"Gave Potion","floor":13.0,"gold_loss":0.0,"damage_taken":0.0,"relics_obtained":["hubris:Spice"]},{"cards_removed":["theSenshi:LunaSensingAllies"],"damage_healed":0.0,"max_hp_gain":10.0,"max_hp_loss":0.0,"gold_gain":0.0,"event_name":"Bonfire Elementals","player_choice":"Offered Rare","floor":31.0,"gold_loss":0.0,"damage_taken":0.0},{"damage_healed":0.0,"max_hp_gain":0.0,"max_hp_loss":0.0,"gold_gain":0.0,"event_name":"MindBloom","player_choice":"Fight","floor":39.0,"gold_loss":0.0,"damage_taken":0.0},{"damage_healed":0,"gold_gain":3,"player_choice":"1","damage_taken":0,"max_hp_gain":0,"max_hp_loss":0,"event_name":"betterStone:BetterStone","floor":48,"gold_loss":0}],"is_beta":false,"boss_relics":[{"not_picked":["aspiration:FutureDiary","hubris:TerracottaHorce"],"picked":"hubris:Backtick"},{"not_picked":["hubris:Spice","energizedSpire:StickyHand","hubris:Spice"]}],"items_purged_floors":[],"is_endless":false,"potions_floor_spawned":[1,8,11,12,14,16,20,25,33,40,47],"ascension_level":1}}