{"host":"cbu6enf2xtq4r7r3","time":1610976473,"event":{"mods":["2.2 Compatiblity","AlwaysNeverKeys","BaseMod","Better Match","Better Note","Better Sensory Stone","Better Skull","Better Third Choice","Colored Map","Colored Powertips","Defuse TimeMaze Blight","Emptier Cage","Minty Spire (QoL Compilation)","Permanent Neow","Quick Restart","Random Character Button","Relic Sorter","Reorder Act Four","Shop Mod","StSLib"],"gold_per_floor":[114,114,129,141,141,141,176,176,257,257,30,40,40,53,53,149,149,169,169,79,99,118,145,145,175,200,200,200,230,230,154,154,254,254,269,68,83,83,93,93,120,140,189,242,242,269,269,296,296,296],"floor_reached":51,"language":"ENG","playtime":1728,"items_purged":["Strike_R","Strike_R","Strike_R"],"score":1022,"play_id":"af907b70-a13d-47e4-b701-e4e380f3f27c","local_time":"20210118142753","is_ascension_mode":true,"campfire_choices":[{"data":"Heavy Blade","floor":6,"key":"SMITH"},{"data":"Uppercut","floor":8,"key":"SMITH"},{"data":"Ghostly Armor","floor":10,"key":"SMITH"},{"data":"Inflame","floor":13,"key":"SMITH"},{"data":"Shockwave","floor":15,"key":"SMITH"},{"data":"1","floor":24,"key":"LIFT"},{"data":"2","floor":27,"key":"LIFT"},{"data":"3","floor":30,"key":"LIFT"},{"data":"Shrug It Off","floor":32,"key":"SMITH"},{"data":"Limit Break","floor":40,"key":"SMITH"},{"data":"Shrug It Off","floor":45,"key":"SMITH"},{"floor":47,"key":"REST"},{"floor":49,"key":"REST"}],"circlet_count":0,"master_deck":["Strike_R","Defend_R","Defend_R","Defend_R+1","Defend_R","Bash","Heavy Blade+1","Uppercut+1","Ghostly Armor+1","Shrug It Off+1","Inflame+1","Shockwave+1","Twin Strike","White Noise+1","True Grit+1","Flame Barrier","Intimidate","Offering","Twin Strike","Limit Break+1","Good Instincts","Shrug It Off+1","Disarm","Pommel Strike+1"],"relics":["Black Blood","Vajra","Peace Pipe","Mercury Hourglass","Sling","Velvet Choker","Girya","Smiling Mask","Juzu Bracelet","Nunchaku","Unceasing Top","Omamori","Bag of Preparation","Dream Catcher","Lizard Tail","Darkstone Periapt","Question Card"],"acts_visited":["Exordium","TheCity","TheBeyond"],"potions_floor_usage":[14,18,22,23,25,29,33,50,50,50],"damage_taken":[{"damage":6,"enemies":"2 Louse","floor":1,"turns":3},{"damage":0,"enemies":"Small Slimes","floor":3,"turns":3},{"damage":7,"enemies":"Jaw Worm","floor":4,"turns":3},{"damage":20,"enemies":"Gremlin Nob","floor":7,"turns":4},{"damage":0,"enemies":"Large Slime","floor":12,"turns":6},{"damage":0,"enemies":"Lots of Slimes","floor":14,"turns":3},{"damage":32,"enemies":"Hexaghost","floor":16,"turns":8},{"damage":3,"enemies":"2 Thieves","floor":18,"turns":3},{"damage":7,"enemies":"Shell Parasite","floor":21,"turns":4},{"damage":27,"enemies":"Snake Plant","floor":22,"turns":4},{"damage":12,"enemies":"Gremlin Leader","floor":23,"turns":7},{"damage":8,"enemies":"Book of Stabbing","floor":25,"turns":4},{"damage":20,"enemies":"Slavers","floor":29,"turns":5},{"damage":50,"enemies":"Champ","floor":33,"turns":7},{"damage":11,"enemies":"3 Shapes","floor":35,"turns":5},{"damage":20,"enemies":"Orb Walker","floor":37,"turns":3},{"damage":6,"enemies":"Spire Growth","floor":39,"turns":2},{"damage":6,"enemies":"Giant Head","floor":41,"turns":4},{"damage":9,"enemies":"Jaw Worm Horde","floor":42,"turns":3},{"damage":57,"enemies":"2 Orb Walkers","floor":44,"turns":7},{"damage":41,"enemies":"Nemesis","floor":46,"turns":5},{"damage":30,"enemies":"Reptomancer","floor":48,"turns":6},{"damage":53,"enemies":"Awakened One","floor":50,"turns":9}],"seed_played":"-6692238396810569257","potions_obtained":[{"floor":3,"key":"LiquidBronze"},{"floor":7,"key":"GamblersBrew"},{"floor":12,"key":"SkillPotion"},{"floor":16,"key":"SkillPotion"},{"floor":21,"key":"Explosive Potion"},{"floor":22,"key":"EssenceOfSteel"},{"floor":25,"key":"Dexterity Potion"},{"floor":29,"key":"Block Potion"},{"floor":35,"key":"BloodPotion"},{"floor":42,"key":"SteroidPotion"},{"floor":44,"key":"CultistPotion"}],"is_trial":false,"path_per_floor":["M","?","M","M","?","R","E","R","T","R","$","M","R","M","R","B",null,"M","?","?","M","M","E","R","E","T","R","?","E","R","$","R","B",null,"M","$","M","?","M","R","E","M","T","?","R","E","R","E","R","B",null],"character_chosen":"IRONCLAD","items_purchased":["Sling","Twin Strike","Omamori"],"campfire_rested":2,"item_purchase_floors":[11,31,36],"current_hp_per_floor":[72,72,78,77,44,44,30,30,30,30,30,36,36,42,42,16,96,96,96,96,95,74,85,85,95,95,95,95,81,81,81,81,37,96,96,96,88,88,94,94,96,96,96,51,51,22,50,32,60,38],"gold":296,"neow_bonus":"TWENTY_PERCENT_HP_BONUS","is_daily":false,"chose_seed":false,"campfire_upgraded":8,"win_rate":0.0,"timestamp":1610976473,"path_taken":["M","?","M","M","?","R","E","R","T","R","$","M","R","M","R","BOSS","M","?","?","?","M","E","R","E","T","R","?","E","R","$","R","BOSS","M","?","M","?","M","R","E","M","T","?","R","E","R","E","R","BOSS"],"items_purchased_type":["Relic","Card","Relic"],"build_version":"2020-12-22","purchased_purges":3,"victory":true,"max_hp_per_floor":[96,96,96,96,96,96,96,96,96,96,96,96,96,96,96,96,96,96,96,96,96,96,96,96,96,96,96,96,96,96,96,96,96,96,96,96,96,96,96,96,96,96,96,96,96,96,96,96,96,96],"card_choices":[{"not_picked":["Warcry","Thunderclap"],"picked":"Heavy Blade","floor":1},{"not_picked":["Evolve","Perfected Strike"],"picked":"Uppercut","floor":3},{"not_picked":["Flex","Clothesline"],"picked":"Ghostly Armor","floor":4},{"not_picked":["Burning Pact","Heavy Blade"],"picked":"Shrug It Off","floor":7},{"not_picked":["Havoc","Bloodletting"],"picked":"Inflame","floor":12},{"not_picked":["Body Slam","Wild Strike"],"picked":"Shockwave","floor":14},{"not_picked":["Immolate","Juggernaut"],"picked":"Reaper","floor":16},{"not_picked":["Perfected Strike","Iron Wave"],"picked":"Twin Strike","floor":18},{"not_picked":["Clash","Fire Breathing"],"picked":"True Grit+1","floor":21},{"not_picked":["Dropkick","Body Slam"],"picked":"Flame Barrier","floor":22},{"not_picked":["Rage","Feel No Pain","Twin Strike"],"picked":"SKIP","floor":23},{"not_picked":["Armaments","Warcry"],"picked":"Intimidate","floor":25},{"not_picked":["Shrug It Off","True Grit"],"picked":"Offering","floor":29},{"not_picked":["Fiend Fire","Corruption"],"picked":"Limit Break","floor":33},{"not_picked":["Twin Strike","Perfected Strike+1","Flex"],"picked":"SKIP","floor":35},{"not_picked":["Body Slam+1","Hemokinesis","Wild Strike"],"picked":"SKIP","floor":37},{"not_picked":["Enlightenment","Trip"],"picked":"Good Instincts","floor":38},{"not_picked":["Twin Strike","Pommel Strike"],"picked":"Shrug It Off","floor":39},{"not_picked":["Cleave+1","Clothesline+1","Wild Strike"],"picked":"SKIP","floor":41},{"not_picked":["Carnage","Flex+1","Thunderclap+1"],"picked":"SKIP","floor":42},{"not_picked":["Double Tap","Dropkick+1"],"picked":"Disarm","floor":46},{"not_picked":["Feel No Pain","Cleave+1"],"picked":"Pommel Strike+1","floor":47},{"not_picked":["Headbutt","Flex+1","Barricade"],"picked":"SKIP","floor":48}],"player_experience":98648,"relics_obtained":[{"floor":7,"key":"Peace Pipe"},{"floor":9,"key":"Mercury Hourglass"},{"floor":23,"key":"Girya"},{"floor":25,"key":"Smiling Mask"},{"floor":26,"key":"Juzu Bracelet"},{"floor":29,"key":"Unceasing Top"},{"floor":41,"key":"Bag of Preparation"},{"floor":43,"key":"Dream Catcher"},{"floor":44,"key":"Lizard Tail"},{"floor":46,"key":"Darkstone Periapt"},{"floor":48,"key":"Question Card"}],"event_choices":[{"damage_healed":0,"gold_gain":0,"player_choice":"Ignored","damage_taken":114,"max_hp_gain":0,"max_hp_loss":0,"event_name":"betterThird:BetterSerpent","floor":2,"gold_loss":0},{"damage_healed":0,"gold_gain":1,"player_choice":"Relic ","damage_taken":33,"max_hp_gain":0,"max_hp_loss":0,"event_name":"betterThird:BetterScrap","floor":5,"gold_loss":0,"cards_obtained":["Predator"]},{"cards_removed":["Shockwave"],"damage_healed":0,"gold_gain":0,"player_choice":"Take \u0026 Give","damage_taken":0,"max_hp_gain":0,"max_hp_loss":0,"event_name":"betterNote:BetterNote","floor":19,"gold_loss":0,"cards_obtained":["White Noise"]},{"cards_removed":["Strike_R"],"damage_healed":0,"gold_gain":0,"player_choice":"Upgrade and Remove","damage_taken":0,"max_hp_gain":0,"max_hp_loss":0,"event_name":"Designer","floor":20,"gold_loss":90,"cards_upgraded":["Defend_R"]},{"cards_removed":["Reaper"],"damage_healed":0,"gold_gain":0,"player_choice":"Gave Card","damage_taken":0,"relics_obtained":["Nunchaku"],"max_hp_gain":0,"max_hp_loss":0,"event_name":"WeMeetAgain","floor":28,"gold_loss":0},{"damage_healed":0,"gold_gain":3,"player_choice":"1","damage_taken":0,"max_hp_gain":0,"max_hp_loss":0,"event_name":"betterStone:BetterStone","floor":38,"gold_loss":0},{"damage_healed":0,"gold_gain":0,"player_choice":"Fight","damage_taken":0,"max_hp_gain":0,"max_hp_loss":0,"event_name":"Mysterious Sphere","floor":44,"gold_loss":0}],"is_beta":false,"boss_relics":[{"not_picked":["SlaversCollar","Empty Cage"],"picked":"Velvet Choker"},{"not_picked":["Pandora\u0027s Box","Calling Bell"],"picked":"Black Blood"}],"items_purged_floors":[11,31,36],"is_endless":false,"potions_floor_spawned":[3,7,12,16,21,22,25,29,35,42,44],"ascension_level":4}}