{"host":"6azrrw3tf7wb0f4b","time":1610956216,"event":{"mods":["BaseMod","DeckTracker","Minty Spire (QoL Compilation)","SuperFastMode"],"gold_per_floor":[118,141,158,174,144,144,158,4,30,30,49,49,77,77,77,172,172,188,41,55,69,84,84,84],"floor_reached":23,"language":"KOR","playtime":588,"items_purged":[],"score":309,"play_id":"a664a7a0-e197-4917-b711-5fab2986c903","local_time":"20210118165016","is_ascension_mode":true,"campfire_choices":[{"data":"Storm of Steel","floor":6,"key":"SMITH"},{"floor":15,"key":"REST"}],"circlet_count":0,"master_deck":["AscendersBane","Strike_G","Strike_G","Defend_G","Defend_G","Defend_G","Defend_G","Survivor","Neutralize","Quick Slash","Acrobatics","Storm of Steel+1","Prepared","PiercingWail","Sucker Punch","Deadly Poison","Malaise","Blade Dance","Cloak And Dagger+1","Burst","Reflex","Escape Plan"],"relics":["Ring of the Snake","Juzu Bracelet","Vajra","Dream Catcher","Blue Candle","SacredBark","Orrery"],"acts_visited":["Exordium","TheCity"],"potions_floor_usage":[7,11,18,21,21],"damage_taken":[{"damage":3,"enemies":"Cultist","floor":1,"turns":5},{"damage":5,"enemies":"Jaw Worm","floor":3,"turns":4},{"damage":0,"enemies":"Small Slimes","floor":4,"turns":3},{"damage":12,"enemies":"Exordium Thugs","floor":7,"turns":3},{"damage":9,"enemies":"Exordium Wildlife","floor":11,"turns":4},{"damage":19,"enemies":"3 Sentries","floor":13,"turns":9},{"damage":25,"enemies":"The Guardian","floor":16,"turns":11},{"damage":0,"enemies":"3 Byrds","floor":18,"turns":3},{"damage":8,"enemies":"Chosen","floor":20,"turns":6},{"damage":8,"enemies":"Shelled Parasite and Fungi","floor":21,"turns":4},{"damage":36,"enemies":"Snecko","floor":22,"turns":6},{"damage":0,"enemies":"Gremlin Leader","floor":23,"turns":1}],"seed_played":"-4905636984528670099","potions_obtained":[{"floor":3,"key":"SpeedPotion"},{"floor":5,"key":"Explosive Potion"},{"floor":5,"key":"ColorlessPotion"},{"floor":7,"key":"AttackPotion"},{"floor":16,"key":"CunningPotion"},{"floor":20,"key":"CunningPotion"}],"is_trial":false,"path_per_floor":["M","T","M","M","?","R","M","$","T","?","M","?","E","?","R","B",null,"M","$","M","M","M","E"],"character_chosen":"THE_SILENT","items_purchased":["Vajra","Orrery"],"campfire_rested":1,"item_purchase_floors":[8,19],"current_hp_per_floor":[60,60,55,55,55,55,43,43,43,43,34,34,15,8,29,4,54,54,54,46,38,2,2,2],"gold":84,"neow_bonus":"REMOVE_CARD","is_daily":false,"chose_seed":false,"campfire_upgraded":1,"win_rate":0.0,"timestamp":1610956216,"path_taken":["M","?","M","M","?","R","M","$","T","?","M","?","E","?","R","BOSS","M","$","M","M","M","E"],"items_purchased_type":["Relic","Relic"],"build_version":"2020-12-22","purchased_purges":0,"victory":false,"max_hp_per_floor":[70,70,70,70,70,70,70,70,70,70,70,70,70,70,70,70,70,70,70,70,70,70,70,70],"card_choices":[{"not_picked":["Deadly Poison","Heel Hook"],"picked":"Quick Slash","floor":1},{"not_picked":["Expertise","Quick Slash"],"picked":"Acrobatics","floor":3},{"not_picked":["Slice","Deadly Poison"],"picked":"Storm of Steel","floor":4},{"not_picked":["Acrobatics","Unload"],"picked":"Prepared","floor":7},{"not_picked":["Quick Slash","Slice"],"picked":"PiercingWail","floor":11},{"not_picked":["Infinite Blades","Flying Knee","Slice"],"picked":"SKIP","floor":13},{"not_picked":["Poisoned Stab","Acrobatics"],"picked":"Deadly Poison","floor":15},{"not_picked":["Glass Knife","Wraith Form v2"],"picked":"Malaise","floor":16},{"not_picked":["Dagger Throw","Riddle With Holes"],"picked":"Blade Dance","floor":18},{"not_picked":["Deadly Poison+1","Catalyst"],"picked":"Cloak And Dagger+1","floor":19},{"not_picked":["Footwork","Concentrate+1"],"picked":"Burst","floor":19},{"not_picked":["Dagger Spray","Dagger Throw"],"picked":"Reflex","floor":19},{"not_picked":["Dagger Spray","Expertise","Skewer"],"picked":"SKIP","floor":20},{"not_picked":["Prepared","Predator"],"picked":"Escape Plan","floor":21},{"not_picked":["Sucker Punch","Dash","Outmaneuver"],"picked":"SKIP","floor":22}],"player_experience":728118,"relics_obtained":[{"floor":2,"key":"Juzu Bracelet"},{"floor":9,"key":"Dream Catcher"},{"floor":13,"key":"Blue Candle"}],"event_choices":[{"damage_healed":0,"gold_gain":0,"player_choice":"Bought 2 Potions","damage_taken":0,"max_hp_gain":0,"max_hp_loss":0,"event_name":"The Woman in Blue","floor":5,"gold_loss":0},{"cards_removed":["Strike_G"],"damage_healed":0,"gold_gain":0,"player_choice":"Offered Basic","damage_taken":0,"max_hp_gain":0,"max_hp_loss":0,"event_name":"Bonfire Elementals","floor":10,"gold_loss":0},{"damage_healed":0,"gold_gain":0,"cards_transformed":["Defend_G"],"player_choice":"Transformed","damage_taken":0,"max_hp_gain":0,"max_hp_loss":0,"event_name":"Transmorgrifier","floor":12,"gold_loss":0,"cards_obtained":["Sucker Punch"]},{"cards_removed":["Strike_G"],"damage_healed":0,"gold_gain":0,"player_choice":"Card Removal","damage_taken":7,"max_hp_gain":0,"max_hp_loss":0,"event_name":"Golden Wing","floor":14,"gold_loss":0}],"is_beta":false,"boss_relics":[{"not_picked":["Velvet Choker","Calling Bell"],"picked":"SacredBark"}],"items_purged_floors":[],"is_endless":false,"potions_floor_spawned":[3,7,16,20],"killed_by":"Gremlin Leader","ascension_level":12}}