{"host":"bplbr8uekuotory4","time":1610966707,"event":{"mods":["Act Like it!","BaseMod","Custom Start","Gensokyo","GungeonMod","Hermit","KinomotoSakuraMod(ƒæ÷Æ±æ”£)","Marisa£®ÏF”Í°°ƒß¿Ì…≥£©","Minty Spire (QoL Compilation)","Prisma Mod","Quick Restart","Reimu£®≤©¿ˆ¡È√Œ£©","Replay The Spire","SOS£®Àπ∞Õ¥Ô÷Æ◊”£©","Spicy Shops","StSLib","TestMod","The Blackbeard","The Cursed","The Marked","The Mystic","The Poker Player","The Runesmith","The Saiyan","The Senshi","The Servant 0.9.4","Yuri Mod","[IsaacMod]“‘»ˆº‚À˛"],"gold_per_floor":[362,32,45,64,78,107,119,131,143,155,187,229,267,304,359,466,478,490,490],"floor_reached":18,"language":"ZHS","playtime":565,"items_purged":["Defend_R","Strike_R"],"score":270,"play_id":"48bca45f-8e57-4b5e-bbaa-d43cec371d6e","local_time":"20210118184507","is_ascension_mode":true,"campfire_choices":[{"data":"testmod-PerfectCombo","floor":10,"key":"SMITH"},{"data":"testmod-PerfectCombo+1","floor":10,"key":"SMITH"}],"circlet_count":0,"master_deck":["AscendersBane","Strike_R","Strike_R","Strike_R","Strike_R","Defend_R","Defend_R","Defend_R","Bash","ReplayTheSpireMod:Stacked","Injury","testmod-PerfectCombo+2","Fire Breathing","Immolate","Hemogenesis","Brutality"],"relics":["Burning Blood","testmod-TestBox","HushsDoor","GuppysPaw","testmod-ConstraintPeriapt","King of Hearts","MawBank","Replay:Arrowhead","DemoMod:ClearGuonStone","Pen Nib","testmod-Temperance"],"acts_visited":["Exordium","TheCity"],"potions_floor_usage":[6],"damage_taken":[{"damage":4,"enemies":"Jaw Worm","floor":1,"turns":2},{"damage":2,"enemies":"Small Slimes","floor":3,"turns":3},{"damage":0,"enemies":"Cultist","floor":4,"turns":2},{"damage":14,"enemies":"Exordium Thugs","floor":5,"turns":3},{"damage":14,"enemies":"Gremlin Nob","floor":6,"turns":3},{"damage":0,"enemies":"2 Fungi Beasts","floor":11,"turns":2},{"damage":22,"enemies":"Lagavulin","floor":12,"turns":5},{"damage":5,"enemies":"3 Sentries","floor":14,"turns":3},{"damage":22,"enemies":"Fading Forest","floor":16,"turns":11},{"damage":0,"enemies":"Shell Parasite","floor":18,"turns":1}],"seed_played":"1671774440086548606","potions_obtained":[{"floor":4,"key":"Adrenaline Potion"},{"floor":5,"key":"ColorlessPotion"},{"floor":11,"key":"SpeedPotion"},{"floor":12,"key":"LiquidMemories"}],"is_trial":false,"path_per_floor":["M","$","M","M","M","E","?","$","T","R","M","E","T","E","R","B",null,"M"],"character_chosen":"IRONCLAD","items_purchased":["King of Hearts","testmod-PerfectCombo"],"campfire_rested":0,"item_purchase_floors":[2,2],"current_hp_per_floor":[72,72,72,72,66,61,36,36,36,36,43,31,31,39,24,36,63,63,63],"gold":490,"neow_bonus":"TWO_FIFTY_GOLD","is_daily":false,"chose_seed":false,"campfire_upgraded":2,"win_rate":0.0,"timestamp":1610966707,"path_taken":["M","$","M","M","M","E","?","$","T","R","?","E","?","E","R","BOSS","M"],"items_purchased_type":["Relic","Card"],"build_version":"2020-12-22","purchased_purges":2,"victory":false,"max_hp_per_floor":[72,72,72,72,72,72,72,72,72,72,72,72,72,72,72,72,72,72,72],"card_choices":[{"not_picked":["DemoMod:BlackBlade","True Grit"],"picked":"ReplayTheSpireMod:Stacked","floor":1},{"not_picked":["ReplayTheSpireMod:Muscle Training","Iron Wave","Bloodletting"],"picked":"SKIP","floor":3},{"not_picked":["Whirlwind","Twin Strike","Body Slam"],"picked":"SKIP","floor":4},{"not_picked":["Run Through","ReplayTheSpireMod:Strike From Hell"],"picked":"Fire Breathing","floor":5},{"not_picked":["Dropkick","Heavy Blade"],"picked":"Immolate","floor":6},{"not_picked":["Sword Boomerang","ReplayTheSpireMod:Stacked","Shockwave"],"picked":"SKIP","floor":11},{"not_picked":["Run Through","Metallicize"],"picked":"Hemogenesis","floor":12},{"not_picked":["Iron Wave","Flex","Dual Wield"],"picked":"SKIP","floor":14},{"not_picked":["Corruption","Bludgeon"],"picked":"Brutality","floor":16}],"player_experience":1178304,"relics_obtained":[{"floor":6,"key":"MawBank"},{"floor":12,"key":"DemoMod:ClearGuonStone"},{"floor":13,"key":"Pen Nib"}],"event_choices":[{"damage_healed":0,"gold_gain":0,"player_choice":"Success","damage_taken":25,"relics_obtained":["Replay:Arrowhead"],"max_hp_gain":0,"max_hp_loss":0,"event_name":"Scrap Ooze","floor":7,"gold_loss":0}],"is_beta":false,"boss_relics":[{"not_picked":["testmod-StringDisintegrator","Replay:Drink Me"],"picked":"testmod-Temperance"},{"not_picked":[]}],"items_purged_floors":[2,2],"is_endless":false,"potions_floor_spawned":[4,5,11,12,16],"killed_by":"Shell Parasite","ascension_level":10}}