{"host":"at8674jmuidj9jgx","time":1610990930,"event":{"mods":["BaseMod","Colored Map","Colored Powertips","Lobotomy","Minty Spire (QoL Compilation)","SuperFastMode"],"gold_per_floor":[112,125,145,145,70,70,111,111,111,190,190,229,229,129,129,129,129],"floor_reached":16,"language":"ENG","playtime":650,"items_purged":["Injury","DreamingCurrent"],"score":106,"play_id":"1f6c59b2-69bb-47fe-84cc-d8861e8b4a12","local_time":"20210118202850","is_ascension_mode":false,"campfire_choices":[{"data":"Endless Agony","floor":6,"key":"SMITH"},{"floor":11,"key":"REST"},{"data":"Dagger Throw","floor":13,"key":"SMITH"},{"data":"Backstab","floor":15,"key":"SMITH"}],"circlet_count":0,"master_deck":["Strike_G","Strike_G","Strike_G","Strike_G","Strike_G","Defend_G","Defend_G","Defend_G","Defend_G+1","Defend_G+1","Survivor","Neutralize","CrumblingArmor","GreedKing","Heel Hook","BodiesMountain","Endless Agony+1","HappyTeddy","Dagger Throw+1","Backstab+1"],"relics":["Ring of the Snake","CogitoBucket","Golden Idol","Torii","Mango","Dead Branch","Gambling Chip"],"acts_visited":["Exordium"],"potions_floor_usage":[],"damage_taken":[{"damage":5,"enemies":"2 Louse","floor":1,"turns":3},{"damage":2,"enemies":"Small Slimes","floor":2,"turns":4},{"damage":6,"enemies":"Cultist","floor":3,"turns":3},{"damage":28,"enemies":"3 Sentries","floor":7,"turns":7},{"damage":6,"enemies":"Gremlin Nob","floor":10,"turns":3},{"damage":26,"enemies":"Gremlin Nob","floor":12,"turns":3},{"damage":86,"enemies":"Hexaghost","floor":16,"turns":3}],"seed_played":"1271498068069169933","potions_obtained":[{"floor":7,"key":"EssenceOfSteel"},{"floor":12,"key":"Dexterity Potion"}],"is_trial":false,"path_per_floor":["M","M","M","?","$","R","E","?","T","?","R","E","R","$","R","B"],"character_chosen":"THE_SILENT","items_purchased":[],"campfire_rested":1,"item_purchase_floors":[],"current_hp_per_floor":[65,63,57,57,57,57,39,25,39,41,66,65,65,65,65,0,0],"gold":129,"neow_bonus":"","is_daily":false,"chose_seed":false,"campfire_upgraded":3,"win_rate":0.0,"timestamp":1610990930,"path_taken":["M","M","M","?","$","R","E","?","T","?","R","E","R","?","R","BOSS"],"items_purchased_type":[],"build_version":"2020-12-22","purchased_purges":2,"victory":false,"max_hp_per_floor":[70,70,70,70,70,70,70,70,84,84,84,84,84,84,84,84,84],"card_choices":[{"not_picked":["OldLady","FieryBird","GreedKing"],"picked":"Singing Bowl","floor":1},{"not_picked":["ShyLook","Laetitia"],"picked":"CrumblingArmor","floor":1},{"not_picked":["Crippling Poison","Outmaneuver","Footwork"],"picked":"SKIP","floor":1},{"not_picked":["UniverseFragment","CherryBlossoms"],"picked":"GreedKing","floor":2},{"not_picked":["Blade Dance","Deflect"],"picked":"Heel Hook","floor":2},{"not_picked":["Wellcheers","BeautyBeast"],"picked":"BodiesMountain","floor":3},{"not_picked":["Outmaneuver","Deadly Poison"],"picked":"Endless Agony","floor":3},{"not_picked":["Wellcheers","SnowQueen","FairyFestival"],"picked":"Singing Bowl","floor":7},{"not_picked":["CherryBlossoms","BeautyBeast"],"picked":"HappyTeddy","floor":7},{"not_picked":["Acrobatics","Backflip"],"picked":"Dagger Throw","floor":7},{"not_picked":["Murderer","VoidDream","OSAHOGD"],"picked":"Singing Bowl","floor":10},{"not_picked":["DespairKnight","UniverseFragment"],"picked":"DreamingCurrent","floor":10},{"not_picked":["FairyFestival","MeatLantern","OldLady"],"picked":"Singing Bowl","floor":12},{"not_picked":["Prepared","Choke"],"picked":"Backstab","floor":12}],"player_experience":109136,"relics_obtained":[{"floor":7,"key":"Torii"},{"floor":9,"key":"Mango"},{"floor":10,"key":"Dead Branch"},{"floor":12,"key":"Gambling Chip"}],"event_choices":[{"damage_healed":0,"gold_gain":0,"player_choice":"Take Wound","damage_taken":0,"relics_obtained":["Golden Idol"],"max_hp_gain":0,"max_hp_loss":0,"event_name":"Golden Idol","floor":4,"gold_loss":0,"cards_obtained":["Injury"]},{"damage_healed":0,"gold_gain":0,"player_choice":"Entered Light","damage_taken":14,"max_hp_gain":0,"max_hp_loss":0,"event_name":"Shining Light","floor":8,"gold_loss":0,"cards_upgraded":["Defend_G","Defend_G"]},{"damage_healed":0,"gold_gain":0,"player_choice":"Searched \u00271\u0027 times","damage_taken":0,"max_hp_gain":0,"max_hp_loss":0,"event_name":"Dead Adventurer","floor":10,"gold_loss":0}],"is_beta":false,"boss_relics":[],"items_purged_floors":[5,14],"is_endless":false,"potions_floor_spawned":[7,12],"killed_by":"Hexaghost","ascension_level":0}}