{"host":"4kbqeuw4a1wt9r2z","time":1610978528,"event":{"mods":["Act Like it!","Aspiration","Astrologer","Bard","BaseMod","Chen","Conspire","Downfall","Duelist Mod","Gensokyo","GifTheSpireLib","Googly Eyes","Hallownest","Hermit","Hubris","Koishi","Marisa????????","Minty Spire (QoL Compilation)","Reimu??????","SOS???????","StSLib","The Administrix","The Bug Knight","The Construct","The Cursed","The Disciple","The Forsaken","The Gatherer","The Hierophant","The Necromancer","The Runesmith","The Senshi","The Servant 0.9.4","The Wild Card"],"gold_per_floor":[99,109,128,138,152,170,170,170,204,304,204,221,247,247,257,353,353,253,266,100,117,136,86,86,104,104,104,134,151,151,170,188,286,286,286,304,322,334,348,348,375,401,401,425,47,47,81,92,105,105],"floor_reached":51,"language":"ENG","playtime":4716,"items_purged":[],"score":744,"play_id":"c2eab540-b3c7-44f4-aab9-c63db0e15251","local_time":"20210118170208","is_ascension_mode":false,"campfire_choices":[{"data":"hexamod:Sear","floor":1,"key":"SMITH"},{"data":"hexamod:FlamesFromBeyond","floor":8,"key":"SMITH"},{"floor":11,"key":"RECALL"},{"data":"hexamod:HeatShield","floor":18,"key":"SMITH"},{"data":"hubris:DuctTapeCard","floor":26,"key":"SMITH"},{"floor":30,"key":"REST"},{"data":"hexamod:RainOfEmbers","floor":35,"key":"SMITH"},{"floor":46,"key":"REST"}],"circlet_count":0,"master_deck":["hexamod:Strike","hexamod:Strike","hexamod:Strike+1","hexamod:Defend","hexamod:Defend","hexamod:Defend","hexamod:Defend","hexamod:Sear+1","hexamod:Float","hexamod:ParanormalForm","hexamod:StepThrough+1","hexamod:FlamesFromBeyond+1","hexamod:PowerFromBeyond","hexamod:ThermalTransfer","hexamod:SoulSteal","hexamod:BurningTouch","hexamod:HeatShield+1","hexamod:ChargedBarrage+1","hexamod:Haunt+1","hexamod:ShieldOfDarkness+1","hexamod:RecurringNightmare+1","hubris:DuctTapeCard+2","hexamod:RainOfEmbers+1","hexamod:ExtraCrispy+1","hexamod:GhostflameBarrier+1","hexamod:GhostOfSpireFuture+1","hexamod:EtherealExpedition","hexamod:Hexaguard","hexamod:FlamesFromBeyond+1","hexamod:NightmareGuise+1","hexamod:ExtraCrispy+1","hexamod:PhantomCloak+1","hexamod:TimeOfNeed","hexamod:GiftsFromTheDead","hexamod:RadiantFlame","hexamod:GhostLash+1"],"relics":["hexamod:SpiritBrand","hubris:TenFootPole","Blue Candle","downfall:HeartBlessingGreen","Juzu Bracelet","Mummified Hand","conspire:SeveredTorchhead","downfall:HeartBlessingRed","Regal Pillow","hubris:DuctTape","hexamod:TheBrokenSeal","construct:FoamFinger","hubris:ScarierMask","Sling","hexamod:TheBrokenSeal","Molten Egg 2"],"acts_visited":["Exordium","TheCity","TheBeyond"],"potions_floor_usage":[9,16,25,25,25,33,42,42,47,50],"damage_taken":[{"damage":0,"enemies":"Cultist","floor":2,"turns":3},{"damage":0,"enemies":"Small Slimes","floor":3,"turns":3},{"damage":1,"enemies":"Jaw Worm","floor":4,"turns":3},{"damage":13,"enemies":"3 Louse","floor":5,"turns":3},{"damage":3,"enemies":"Gremlin Gang","floor":6,"turns":4},{"damage":3,"enemies":"3 Sentries","floor":9,"turns":5},{"damage":4,"enemies":"Exordium Wildlife","floor":12,"turns":3},{"damage":6,"enemies":"Gremlin Nob","floor":13,"turns":4},{"damage":0,"enemies":"Blue Slaver","floor":15,"turns":3},{"damage":35,"enemies":"SI_SHIV_ARCHETYPE","floor":16,"turns":9},{"damage":7,"enemies":"Shell Parasite","floor":19,"turns":6},{"damage":0,"enemies":"downfall:FleeingMerchant","floor":20,"turns":4},{"damage":15,"enemies":"Centurion and Healer","floor":21,"turns":7},{"damage":39,"enemies":"Snecko","floor":22,"turns":6},{"damage":22,"enemies":"Cultist and Chosen","floor":25,"turns":8},{"damage":7,"enemies":"Book of Stabbing","floor":28,"turns":3},{"damage":8,"enemies":"3 Cultists","floor":29,"turns":4},{"damage":0,"enemies":"Snake Plant","floor":31,"turns":3},{"damage":0,"enemies":"Snecko","floor":32,"turns":3},{"damage":42,"enemies":"IC_MUSHROOM_ARCHETYPE","floor":33,"turns":9},{"damage":5,"enemies":"3 Shapes","floor":36,"turns":3},{"damage":0,"enemies":"Orb Walker","floor":37,"turns":3},{"damage":0,"enemies":"4 Shapes","floor":38,"turns":5},{"damage":0,"enemies":"Sphere and 2 Shapes","floor":39,"turns":6},{"damage":50,"enemies":"Transient","floor":42,"turns":5},{"damage":0,"enemies":"Writhing Mass","floor":44,"turns":6},{"damage":0,"enemies":"downfall:FleeingMerchant","floor":45,"turns":4},{"damage":27,"enemies":"Reptomancer","floor":47,"turns":8},{"damage":0,"enemies":"Sphere and 2 Shapes","floor":48,"turns":3},{"damage":0,"enemies":"Maw","floor":49,"turns":6},{"damage":9,"enemies":"WA_ARCHETYPE_DIVINITY","floor":50,"turns":9}],"seed_played":"-8386389186768944782","potions_obtained":[{"floor":2,"key":"BlessingOfTheForge"},{"floor":6,"key":"hexamod:EctoCoolerPotion"},{"floor":9,"key":"Guardian:BlockOnCardUsePotion"},{"floor":12,"key":"FairyPotion"},{"floor":15,"key":"champ:CounterPotion"},{"floor":21,"key":"Regen Potion"},{"floor":22,"key":"Regen Potion"},{"floor":22,"key":"GamblersBrew"},{"floor":28,"key":"PowerPotion"},{"floor":32,"key":"Swift Potion"},{"floor":33,"key":"SpeedPotion"},{"floor":37,"key":"ZuzhouPotion:ReiMu"},{"floor":38,"key":"hexamod:InfernoChargePotion"},{"floor":39,"key":"hexamod:InfernoChargePotion"},{"floor":39,"key":"Fire Potion"},{"floor":42,"key":"Fire Potion"},{"floor":44,"key":"ColorlessPotion"},{"floor":49,"key":"construct:ShiftPotion"}],"is_trial":false,"path_per_floor":["R","M","M","M","M","M","T","R","E","?","R","M","E","$","M","B",null,"R","M","$","M","M","?","T","M","R","?","E","M","R","M","M","B",null,"R","M","M","M","M","?","T","M","?","M","$","R","E","M","M","B",null],"character_chosen":"THE_SPIRIT","items_purchased":["Mummified Hand","Regal Pillow","hexamod:TimeOfNeed","hexamod:GiftsFromTheDead","Sling"],"campfire_rested":2,"item_purchase_floors":[14,20,45,45,45],"current_hp_per_floor":[70,70,70,69,56,53,53,53,50,50,50,46,40,24,24,14,70,70,63,63,55,23,51,51,72,72,72,65,57,80,80,80,38,80,80,75,75,75,75,72,72,22,30,37,44,80,90,90,90,81],"gold":105,"neow_bonus":"ONE_RANDOM_RARE_CARD","is_daily":false,"chose_seed":false,"campfire_upgraded":5,"win_rate":0.0,"timestamp":1610978528,"path_taken":["R","M","M","M","M","M","T","R","E","?","R","M","E","?","M","BOSS","R","M","$","M","M","?","T","M","R","?","E","M","R","M","M","BOSS","R","M","M","M","M","?","T","M","?","M","$","R","E","M","M","BOSS"],"items_purchased_type":["Relic","Relic","Card","Card","Relic"],"build_version":"2020-12-22","purchased_purges":0,"victory":true,"max_hp_per_floor":[70,70,70,70,70,70,70,70,70,70,70,70,70,70,70,70,70,70,70,70,70,70,70,70,80,80,80,80,80,80,80,80,80,80,80,80,80,80,80,80,80,80,80,80,80,80,90,90,90,90],"card_choices":[{"not_picked":["hexamod:PhantomFireball","hexamod:AdvancingGuard"],"picked":"hexamod:StepThrough","floor":2},{"not_picked":["hexamod:InspiringFlames","hexamod:RadiantFlame"],"picked":"hexamod:FlamesFromBeyond","floor":3},{"not_picked":["hexamod:ShieldOfDarkness","hexamod:BurningTouch"],"picked":"hexamod:PowerFromBeyond","floor":4},{"not_picked":["hexamod:InspiringFlames","hexamod:Haunt"],"picked":"hexamod:ThermalTransfer","floor":5},{"not_picked":["hexamod:CatchUp","hexamod:PhantomFireball"],"picked":"hexamod:SoulSteal","floor":6},{"not_picked":["hexamod:ThermalTransfer","hexamod:HauntingEcho"],"picked":"hexamod:BurningTouch","floor":9},{"not_picked":["hexamod:TurnItUp","hexamod:GhostLash"],"picked":"hexamod:HeatShield","floor":12},{"not_picked":["hexamod:NightmareStrike","hexamod:ShieldOfDarkness"],"picked":"hexamod:ChargedBarrage","floor":13},{"not_picked":["hexamod:HeatMetal","hexamod:PhantomFireball","hexamod:BacktrackSmack"],"picked":"SKIP","floor":15},{"not_picked":["hexamod:GhostOfSpirePresent","hexamod:UnleashSpirits"],"picked":"hexamod:FifthSeal","floor":16},{"not_picked":["hexamod:SecondSeal","hexamod:ThirdSeal"],"picked":"hexamod:SixthSeal","floor":19},{"not_picked":["hexamod:NecessarySacrifice","hexamod:InspiringFlames"],"picked":"hexamod:Haunt","floor":19},{"not_picked":["hexamod:SecondSeal","hexamod:SixthSeal"],"picked":"hexamod:FirstSeal","floor":20},{"not_picked":["hexamod:FirstSeal","hexamod:PowerFromBeyond"],"picked":"hexamod:ThirdSeal","floor":20},{"not_picked":["hexamod:SpectersWail","hexamod:FlamesFromBeyond"],"picked":"hexamod:ShieldOfDarkness","floor":21},{"not_picked":["hexamod:SpectersWail","hexamod:HauntingEcho"],"picked":"hexamod:WildfireWeapon","floor":21},{"not_picked":["hexamod:SixthSeal","hexamod:FirstSeal"],"picked":"hexamod:FourthSeal","floor":21},{"not_picked":["hexamod:FirstSeal","hexamod:SixthSeal"],"picked":"hexamod:SecondSeal","floor":22},{"not_picked":["hexamod:DynamicBlow","hexamod:Rewind"],"picked":"hexamod:RadiantFlame","floor":22},{"not_picked":["hexamod:Haunt+1","hexamod:Firestarter"],"picked":"hexamod:RecurringNightmare+1","floor":22},{"not_picked":["hexamod:SwordOfDarkness","hexamod:SecondSeal"],"picked":"hexamod:RainOfEmbers","floor":25},{"not_picked":["hexamod:SpectersWail+1","hexamod:FlamesFromBeyond"],"picked":"hexamod:ExtraCrispy+1","floor":25},{"not_picked":["hexamod:GhostOfSpirePresent","hexamod:FastForward"],"picked":"hexamod:GhostflameBarrier+1","floor":28},{"not_picked":["hexamod:BacktrackSmack+1","hexamod:HeatMetal+1"],"picked":"hexamod:GhostOfSpireFuture+1","floor":29},{"not_picked":["hexamod:InspiringFlames","hexamod:Hexaguard"],"picked":"hexamod:EtherealExpedition","floor":31},{"not_picked":["hexamod:PowerFromBeyond","hexamod:FlameSwitch"],"picked":"hexamod:Hexaguard","floor":32},{"not_picked":["hexamod:FlameSwitch","hexamod:GiftsFromTheDead"],"picked":"hexamod:FifthSeal","floor":33},{"not_picked":["hexamod:NightmareStrike+1","hexamod:GhostflameBarrier"],"picked":"hexamod:FlamesFromBeyond+1","floor":36},{"not_picked":["hexamod:SecondSeal","hexamod:FourthSeal"],"picked":"hexamod:SixthSeal","floor":36},{"not_picked":["hexamod:ThirdSeal","hexamod:SecondSeal"],"picked":"hexamod:FourthSeal","floor":37},{"not_picked":["hexamod:InspiringFlames","hexamod:PhantomFireball+1","hexamod:RetreatToShadows"],"picked":"SKIP","floor":37},{"not_picked":["hexamod:BurningTouch+1","hexamod:Again+1"],"picked":"hexamod:NightmareGuise+1","floor":38},{"not_picked":["hexamod:FourthSeal","hexamod:SixthSeal"],"picked":"hexamod:ThirdSeal","floor":38},{"not_picked":["hexamod:BurningTouch+1","hexamod:TurnItUp"],"picked":"hexamod:ExtraCrispy+1","floor":39},{"not_picked":["hexamod:ThirdSeal","hexamod:FourthSeal"],"picked":"hexamod:SecondSeal","floor":39},{"not_picked":["hexamod:FlamesFromBeyond+1","hexamod:GhostflameBarrier+1","hexamod:AdvancingGuard"],"picked":"SKIP","floor":39},{"not_picked":["hexamod:SpectersWail","hexamod:EtherealExpedition","hexamod:NightmareStrike+1"],"picked":"SKIP","floor":42},{"not_picked":["hexamod:FourthSeal","hexamod:ThirdSeal","hexamod:SecondSeal"],"picked":"SKIP","floor":42},{"not_picked":["hexamod:RetreatToShadows+1","hexamod:SwordOfDarkness+1","hexamod:ThirdSeal"],"picked":"SKIP","floor":42},{"not_picked":["hexamod:PowerFromBeyond+1","hexamod:NightmareGuise"],"picked":"hexamod:PhantomCloak+1","floor":44},{"not_picked":["hexamod:ThirdSeal","hexamod:SixthSeal","hexamod:FourthSeal"],"picked":"SKIP","floor":44},{"not_picked":["hexamod:FirstSeal","hexamod:ChargedBarrage","hexamod:HeatMetal+1"],"picked":"SKIP","floor":44},{"not_picked":["hexamod:FourthSeal","hexamod:SixthSeal","hexamod:FirstSeal"],"picked":"SKIP","floor":45},{"not_picked":["hexamod:PhantomFireball","hexamod:NightmareGuise","hexamod:GhostOfSpireFuture+1"],"picked":"SKIP","floor":45},{"not_picked":["hexamod:FastForward+1","hexamod:NightmareGuise","hexamod:ThermalTransfer+1"],"picked":"SKIP","floor":45},{"not_picked":["hexamod:FourthSeal","hexamod:PowerFromBeyond+1"],"picked":"hexamod:RadiantFlame","floor":47},{"not_picked":["hexamod:ThirdSeal","hexamod:FirstSeal","hexamod:FourthSeal"],"picked":"SKIP","floor":47},{"not_picked":["hexamod:Rewind+1","hexamod:SoulSteal"],"picked":"hexamod:GhostLash+1","floor":48},{"not_picked":["hexamod:PhantomCloak","hexamod:ShieldOfDarkness","hexamod:FastForward"],"picked":"SKIP","floor":49}],"player_experience":555246,"relics_obtained":[{"floor":7,"key":"hubris:TenFootPole"},{"floor":9,"key":"Blue Candle"},{"floor":13,"key":"Juzu Bracelet"},{"floor":24,"key":"hubris:DuctTape"},{"floor":28,"key":"construct:FoamFinger"},{"floor":47,"key":"Molten Egg 2"}],"event_choices":[],"is_beta":false,"boss_relics":[{"not_picked":["Runic Dome","aspiration:SilentSkillbook"],"picked":"conspire:SeveredTorchhead"},{"not_picked":["hubris:CrackedHourglass","Tiny House"],"picked":"hubris:ScarierMask"}],"items_purged_floors":[],"is_endless":false,"potions_floor_spawned":[2,6,9,12,15,21,22,28,32,33,37,39,42,44,49],"ascension_level":0}}