{"host":"baymyijz6sxaqj5s","time":1610994506,"event":{"mods":["AchievementEnabler","BaseMod","Colored Map","Colored Powertips","DeckTracker","Highlight Path","KOR Keyword Fix","Keyboard Shortcuts","Minty Spire (QoL Compilation)","StSLib","SuperFastMode","everything is the same but u backflip on backflip"],"gold_per_floor":[114,189,189,189,189,189,205,219,246,246,246,263,363,376,376,473,473,490,490,490,509,509,509],"floor_reached":22,"language":"KOR","playtime":556,"items_purged":[],"score":200,"play_id":"ffe78a6a-3301-4d51-a4b2-e5c6835f51a9","local_time":"20210119032826","is_ascension_mode":true,"campfire_choices":[{"data":"Survivor","floor":6,"key":"SMITH"},{"data":"Tactician","floor":10,"key":"SMITH"},{"floor":15,"key":"REST"}],"circlet_count":0,"master_deck":["Strike_G","Strike_G","Strike_G","Strike_G","Defend_G+1","Defend_G","Defend_G","Defend_G","Defend_G","Survivor+1","Neutralize","Deflect","Deadly Poison+1","Tactician+1","Escape Plan","Burst","Backflip","Venomology"],"relics":["Ring of the Snake","War Paint","Sozu","Sundial"],"acts_visited":["Exordium","TheCity"],"potions_floor_usage":[12,16],"damage_taken":[{"damage":0,"enemies":"Jaw Worm","floor":1,"turns":5},{"damage":0,"enemies":"Small Slimes","floor":7,"turns":5},{"damage":0,"enemies":"Cultist","floor":8,"turns":4},{"damage":11,"enemies":"Exordium Wildlife","floor":12,"turns":5},{"damage":5,"enemies":"2 Fungi Beasts","floor":14,"turns":3},{"damage":58,"enemies":"The Guardian","floor":16,"turns":15},{"damage":30,"enemies":"3 Byrds","floor":18,"turns":6},{"damage":29,"enemies":"Spheric Guardian","floor":21,"turns":9},{"damage":30,"enemies":"Cultist and Chosen","floor":22,"turns":4}],"seed_played":"7682201421048832955","potions_obtained":[{"floor":1,"key":"Dexterity Potion"},{"floor":8,"key":"Fire Potion"},{"floor":16,"key":"FearPotion"}],"is_trial":false,"path_per_floor":["M","?","$","?","$","R","M","M","T","R","?","M","?","M","R","B",null,"M","T","?","M","M"],"character_chosen":"THE_SILENT","items_purchased":[],"campfire_rested":1,"item_purchase_floors":[],"current_hp_per_floor":[77,66,66,71,71,71,71,71,71,71,71,60,60,55,79,21,82,52,52,52,23,0,0],"gold":509,"neow_bonus":"TEN_PERCENT_HP_BONUS","is_daily":false,"chose_seed":false,"campfire_upgraded":2,"win_rate":0.0,"timestamp":1610994506,"path_taken":["M","?","$","?","?","R","?","M","T","R","?","M","?","M","R","BOSS","M","?","?","M","?"],"items_purchased_type":[],"build_version":"2020-12-22","purchased_purges":0,"victory":false,"max_hp_per_floor":[77,77,77,82,82,82,82,82,82,82,82,82,82,82,82,82,82,82,82,82,82,82,82],"card_choices":[{"not_picked":["Accuracy","Flechettes"],"picked":"Deflect","floor":1},{"not_picked":["Concentrate","Choke"],"picked":"Deadly Poison","floor":7},{"not_picked":["Dash","PiercingWail"],"picked":"Tactician","floor":8},{"not_picked":["Backstab","Outmaneuver","Flying Knee"],"picked":"SKIP","floor":12},{"not_picked":["Infinite Blades","Flying Knee"],"picked":"Escape Plan","floor":14},{"not_picked":["Doppelganger","Glass Knife"],"picked":"Burst","floor":16},{"not_picked":["Flying Knee","Choke"],"picked":"Backflip","floor":18},{"not_picked":["Dagger Throw","Underhanded Strike+1","Well Laid Plans"],"picked":"SKIP","floor":21}],"player_experience":58226,"relics_obtained":[{"floor":9,"key":"War Paint"},{"floor":19,"key":"Sundial"}],"event_choices":[{"damage_healed":0,"gold_gain":75,"player_choice":"Gather Gold","damage_taken":11,"max_hp_gain":0,"max_hp_loss":0,"event_name":"World of Goop","floor":2,"gold_loss":0},{"damage_healed":0,"gold_gain":0,"player_choice":"Donut","damage_taken":0,"max_hp_gain":5,"max_hp_loss":0,"event_name":"Big Fish","floor":4,"gold_loss":0},{"damage_healed":0,"gold_gain":0,"player_choice":"Ignored","damage_taken":0,"max_hp_gain":0,"max_hp_loss":0,"event_name":"Liars Game","floor":11,"gold_loss":0},{"damage_healed":0,"gold_gain":100,"player_choice":"Pray","damage_taken":0,"max_hp_gain":0,"max_hp_loss":0,"event_name":"Golden Shrine","floor":13,"gold_loss":0},{"damage_healed":0,"gold_gain":0,"cards_transformed":["Strike_G"],"player_choice":"Transformed","damage_taken":0,"max_hp_gain":0,"max_hp_loss":0,"event_name":"Transmorgrifier","floor":20,"gold_loss":0,"cards_obtained":["Venomology"]}],"is_beta":false,"boss_relics":[{"not_picked":["SacredBark","Velvet Choker"],"picked":"Sozu"}],"items_purged_floors":[],"is_endless":false,"potions_floor_spawned":[1,8,16,18,21],"killed_by":"Cultist and Chosen","ascension_level":3}}