{"host":"dt8tt9y5uobrbn6j","time":1610961868,"event":{"mods":["Act Like it!","Aspiration","BaseMod","Better Third Choice","BetterRewards","Card Forge","Colored Powertips","Conspire","Hubris","Infinite Spire","Minty Spire (QoL Compilation)","Quick Restart","Relic Stats","Replay The Spire","Retaliation","Shop Mod","StSLib","vexMod","óô»ðÖ¸ÄÏ"],"gold_per_floor":[113,123,159,98,108,134,151,251,251,263,291,308,334,334,334,411,411,425,425,350,350,363,389,389,419,444,444,444,455,487,503,165,243,243,254,254,264,264,279,279,305,317,342,377,393,393,409,421,421,421,421,421,421,421,449,449],"floor_reached":57,"language":"ZHS","playtime":3079,"items_purged":["Strike_R","Strike_R","Bash"],"score":4338,"play_id":"75a42ff8-ec26-484e-ad05-59efe49c30c4","local_time":"20210118172428","is_ascension_mode":true,"campfire_choices":[{"data":"Apotheosis","floor":15.0,"key":"SMITH"},{"data":"Decay","floor":27.0,"key":"PURGE"},{"floor":40.0,"key":"RECALL"},{"data":"Secret Technique","floor":46.0,"key":"SMITH"}],"circlet_count":0,"master_deck":["AscendersBane","Strike_R+1","Defend_R","Defend_R","Defend_R+1","Defend_R","Berserk","Second Wind","Battle Trance","Body Slam","Apotheosis+1","Power Through","ReplayTheSpireMod:Limb From Limb+1","Eclipse","Seeing Red","Shockwave","Entrench","DDmod:AllInSkill","Feel No Pain","Burning Pact","Barricade","Secret Technique+1","hubris:Fate","Evolve+1","Dark Embrace","Corruption"],"relics":["Burning Blood","Hammer of Thor","Seething Fire","Anvil of the Gods","hubris:DeckOfHolding","FossilizedHelix","hubris:EmptyBottle","hubris:SlimyHat","Replay:Wax Seal","vexMod:GhostlyGear","Peace Pipe","Gambling Chip","conspire:TreasureMap","ReplayTheSpireMod:CursedCoin","hubris:MedicalManual","vexMod:MemoryStick","Pantograph","Chemical X","infinitespire:EmpoweringShard","Simple Rune","Replay:Wanted Poster","White Beast Statue","hubris:DisguiseKit","Philosopher\u0027s Stone","hubris:Icosahedron","hubris:CuriousFeather","ReplayTheSpireMod:DimensionalGlitch","vexMod:InvisibilityCloak","Red Skull","hubris:Zylophone","Empty Cage","Replay:Baseball","Vajra","Ice Cream","conspire:DecoderRing"],"acts_visited":["Exordium","TheCity","TheBeyond","TheEnding"],"potions_floor_usage":[56,56],"damage_taken":[{"damage":0.0,"enemies":"2 Louse","floor":1.0,"turns":2.0},{"damage":0.0,"enemies":"Small Slimes","floor":2.0,"turns":3.0},{"damage":0.0,"enemies":"conspire:MimicChest","floor":3.0,"turns":4.0},{"damage":0.0,"enemies":"Jaw Worm","floor":5.0,"turns":2.0},{"damage":0.0,"enemies":"Gremlin Nob","floor":6.0,"turns":3.0},{"damage":0.0,"enemies":"2 Fungi Beasts","floor":7.0,"turns":3.0},{"damage":0.0,"enemies":"Looter","floor":10.0,"turns":2.0},{"damage":0.0,"enemies":"Lagavulin","floor":11.0,"turns":4.0},{"damage":0.0,"enemies":"Blue Slaver","floor":12.0,"turns":2.0},{"damage":0.0,"enemies":"Replay:BlueRogue","floor":13.0,"turns":2.0},{"damage":0.0,"enemies":"Slime Boss","floor":16.0,"turns":5.0},{"damage":0.0,"enemies":"Spheric Guardian","floor":18.0,"turns":3.0},{"damage":0.0,"enemies":"2 Thieves","floor":22.0,"turns":4.0},{"damage":0.0,"enemies":"Gremlin Leader","floor":23.0,"turns":4.0},{"damage":8.0,"enemies":"Book of Stabbing","floor":25.0,"turns":3.0},{"damage":0.0,"enemies":"Centurion and Healer","floor":29.0,"turns":4.0},{"damage":0.0,"enemies":"Gremlin Leader","floor":30.0,"turns":4.0},{"damage":0.0,"enemies":"Snake Plant","floor":31.0,"turns":2.0},{"damage":0.0,"enemies":"LordOfAnnihilation","floor":33.0,"turns":9.0},{"damage":2.0,"enemies":"3 Darklings","floor":35.0,"turns":4.0},{"damage":0.0,"enemies":"Orb Walker","floor":37.0,"turns":4.0},{"damage":0.0,"enemies":"3 Darklings","floor":39.0,"turns":2.0},{"damage":0.0,"enemies":"Giant Head","floor":41.0,"turns":1.0},{"damage":0.0,"enemies":"Jaw Worm Horde","floor":42.0,"turns":1.0},{"damage":0.0,"enemies":"R_Hoarder","floor":44.0,"turns":5.0},{"damage":20.0,"enemies":"4 Shapes","floor":45.0,"turns":3.0},{"damage":0.0,"enemies":"Maw","floor":47.0,"turns":3.0},{"damage":0.0,"enemies":"Writhing Mass","floor":48.0,"turns":3.0},{"damage":0.0,"enemies":"LordOfAnnihilation","floor":50.0,"turns":5.0},{"damage":0.0,"enemies":"hubris:GrandSnecko","floor":51.0,"turns":2.0},{"damage":30.0,"enemies":"Shield and Spear","floor":55.0,"turns":3.0},{"damage":16,"enemies":"The Heart","floor":56,"turns":6}],"seed_played":"-4789311315680261712","potions_obtained":[{"floor":5.0,"key":"Dexterity Potion"},{"floor":6.0,"key":"Doom Potion"},{"floor":10.0,"key":"ColorlessPotion"},{"floor":12.0,"key":"conspire:TimeTravelPotion"},{"floor":16.0,"key":"Regen Potion"},{"floor":18.0,"key":"DistilledChaos"},{"floor":22.0,"key":"AttackPotion"},{"floor":25.0,"key":"Swift Potion"},{"floor":33.0,"key":"Flashbang"},{"floor":39.0,"key":"Swift Potion"},{"floor":55.0,"key":"SteroidPotion"}],"is_trial":false,"path_per_floor":["M","M","?","$","M","E","M","AVR","T","M","E","M","E","?","R","B",null,"M","?","?","?","M","E","AVR","E","T","R","?","M","E","M","R","B",null,"M","AVR","M","?","M","R","E","M","T","E","M","R","M","M","R","B","B",null,"R","$","E","B",null],"character_chosen":"IRONCLAD","items_purchased":["hubris:DeckOfHolding","FossilizedHelix","hubris:EmptyBottle","hubris:SlimyHat","Berserk","Thunderclap+1","Replay:Wax Seal","vexMod:GhostlyGear","Second Wind","Peace Pipe","Gambling Chip","conspire:TreasureMap","Battle Trance","ReplayTheSpireMod:CursedCoin","hubris:MedicalManual","vexMod:MemoryStick","Body Slam","Pantograph","Chemical X","Apotheosis","ReplayTheSpireMod:Limb From Limb+1","Secret Technique"],"campfire_rested":0,"item_purchase_floors":[0,0,0,0,0,0,0,0,0,0,0,0,0,0,0,0,0,0,0,0,4,32],"current_hp_per_floor":[27,33,39,39,45,51,57,57,57,63,69,75,75,71,71,75,75,75,75,75,75,75,75,75,70,70,70,70,73,75,75,75,75,75,75,75,75,69,72,72,75,75,75,75,58,58,61,64,64,75,75,75,75,75,48,48],"gold":449,"neow_bonus":"","is_daily":false,"chose_seed":false,"campfire_upgraded":2,"win_rate":0.0,"timestamp":1610961868,"path_taken":["M","M","?","$","M","E","M","AVR","T","M","E","M","E","?","R","BOSS","M","?","?","?","M","E","AVR","E","T","R","?","M","E","M","R","BOSS","M","AVR","M","?","M","R","E","M","T","E","?","R","M","M","R","BOSS","BOSS","R","$","E","BOSS"],"items_purchased_type":["Relic","Relic","Relic","Relic","Card","Card","Relic","Relic","Card","Relic","Relic","Relic","Card","Relic","Relic","Relic","Card","Relic","Relic","Card","Card","Card"],"build_version":"2020-12-22","purchased_purges":3,"victory":true,"max_hp_per_floor":[75,75,75,75,75,75,75,75,75,75,75,75,75,75,75,75,75,75,75,75,75,75,75,75,75,75,75,75,75,75,75,75,75,75,75,75,75,75,75,75,75,75,75,75,75,75,75,75,75,75,75,75,75,75,75,75],"relic_stats":{"Peace Pipe":1,"counters":[67,221],"Gambling Chip":[85],"Pantograph":28,"Chemical X":[15],"obtain_stats":[{"Ice Cream":44,"vexMod:MemoryStick":0,"hubris:CrystalStatue":25,"Vajra":43,"Hammer of Thor":0,"Replay:Wanted Poster":8,"vexMod:InvisibilityCloak":25,"conspire:GlowingRock":0,"conspire:DecoderRing":55,"hubris:DeckOfHolding":0,"Philosopher\u0027s Stone":17,"Iron Hammer":13,"Replay:Wax Seal":0,"conspire:Dentures":42,"MerchantsRug":0,"conspire:TreasureMap":0,"vexMod:ScavengeHelm":23,"ReplayTheSpireMod:CursedCoin":0,"ReplayTheSpireMod:Ring of Addiction":37,"Counterbalance":49,"vexMod:MysteryBossChallenge":34,"infinitespire:Beetle Shell":7,"War Paint":54,"aspiration:HiddenCompartment":48,"aspiration:FrozenJewel":42,"vexMod:GhostlyGear":0,"hubris:Zylophone":30,"Replay:Baseball":41,"Anvil of the Gods":0,"infinitespire:Broken Mirror":43,"Simple Rune":6,"hubris:TenFootPole":10,"ReplayTheSpireMod:TigerMarble":31,"Black Star":34,"infinitespire:EmpoweringShard":3,"ReplayTheSpireMod:DimensionalGlitch":24,"hubris:Reverence":0,"ReplayTheSpireMod:Ring of Exchange":37,"Regal Pillow":0,"aspiration:Lifesprig":40,"SacredBark":37,"aspiration:TomeofQuesting":0,"King of Hearts":14,"hubris:SlimyHat":0,"hubris:EmptyBottle":0,"Empty Cage":34,"Burning Blood":0,"aspiration:StickyExplosives_weak":0,"Replay:Bandana":55,"hubris:Icosahedron":19,"Gambling Chip":0,"Pantograph":0,"hubris:CuriousFeather":23,"Chemical X":0,"InkBottle":9,"Red Skull":26,"Potion Belt":37,"Gremlin Food":40,"hubris:DisguiseKit":13,"BargainBundle":0,"aspiration:FetidBarrel":29,"hubris:MedicalManual":0,"Seething Fire":0,"Orichalcum":55,"Medical Kit":0,"White Beast Statue":11,"Peace Pipe":0,"ChewingGum":17,"Another Sword":0,"Membership Card":20,"ReplayTheSpireMod:Lightbulb":48,"FossilizedHelix":0,"hubris:BottledRain":0},{"Ice Cream":60,"vexMod:MemoryStick":35,"hubris:CrystalStatue":16,"Vajra":59,"Hammer of Thor":0,"Replay:Wanted Poster":41,"vexMod:InvisibilityCloak":50,"conspire:GlowingRock":0,"conspire:DecoderRing":66,"hubris:DeckOfHolding":35,"Philosopher\u0027s Stone":46,"Iron Hammer":9,"Replay:Wax Seal":35,"conspire:Dentures":26,"MerchantsRug":0,"conspire:TreasureMap":35,"vexMod:ScavengeHelm":15,"ReplayTheSpireMod:CursedCoin":35,"ReplayTheSpireMod:Ring of Addiction":23,"Counterbalance":31,"vexMod:MysteryBossChallenge":21,"infinitespire:Beetle Shell":5,"War Paint":33,"aspiration:HiddenCompartment":30,"aspiration:FrozenJewel":26,"vexMod:GhostlyGear":35,"hubris:Zylophone":52,"Replay:Baseball":58,"Anvil of the Gods":0,"infinitespire:Broken Mirror":26,"Simple Rune":40,"hubris:TenFootPole":7,"ReplayTheSpireMod:TigerMarble":20,"Black Star":21,"infinitespire:EmpoweringShard":38,"ReplayTheSpireMod:DimensionalGlitch":49,"hubris:Reverence":0,"ReplayTheSpireMod:Ring of Exchange":23,"Regal Pillow":0,"aspiration:Lifesprig":25,"SacredBark":23,"aspiration:TomeofQuesting":0,"King of Hearts":10,"hubris:SlimyHat":35,"hubris:EmptyBottle":35,"Empty Cage":54,"Burning Blood":0,"aspiration:StickyExplosives_weak":0,"Replay:Bandana":34,"hubris:Icosahedron":47,"Gambling Chip":35,"Pantograph":35,"hubris:CuriousFeather":49,"Chemical X":35,"InkBottle":6,"Red Skull":50,"Potion Belt":23,"Gremlin Food":25,"hubris:DisguiseKit":45,"BargainBundle":0,"aspiration:FetidBarrel":19,"hubris:MedicalManual":35,"Seething Fire":0,"Orichalcum":34,"Medical Kit":0,"White Beast Statue":43,"Peace Pipe":35,"ChewingGum":11,"Another Sword":0,"Membership Card":12,"ReplayTheSpireMod:Lightbulb":30,"FossilizedHelix":35,"hubris:BottledRain":0},{"Ice Cream":196,"vexMod:MemoryStick":114,"hubris:CrystalStatue":55,"Vajra":191,"Hammer of Thor":0,"Replay:Wanted Poster":131,"vexMod:InvisibilityCloak":160,"conspire:GlowingRock":0,"conspire:DecoderRing":215,"hubris:DeckOfHolding":114,"Philosopher\u0027s Stone":146,"Iron Hammer":27,"Replay:Wax Seal":114,"conspire:Dentures":84,"MerchantsRug":0,"conspire:TreasureMap":114,"vexMod:ScavengeHelm":50,"ReplayTheSpireMod:CursedCoin":114,"ReplayTheSpireMod:Ring of Addiction":76,"Counterbalance":99,"vexMod:MysteryBossChallenge":74,"infinitespire:Beetle Shell":15,"War Paint":108,"aspiration:HiddenCompartment":95,"aspiration:FrozenJewel":84,"vexMod:GhostlyGear":114,"hubris:Zylophone":168,"Replay:Baseball":190,"Anvil of the Gods":0,"infinitespire:Broken Mirror":84,"Simple Rune":128,"hubris:TenFootPole":23,"ReplayTheSpireMod:TigerMarble":71,"Black Star":74,"infinitespire:EmpoweringShard":123,"ReplayTheSpireMod:DimensionalGlitch":157,"hubris:Reverence":0,"ReplayTheSpireMod:Ring of Exchange":76,"Regal Pillow":0,"aspiration:Lifesprig":80,"SacredBark":76,"aspiration:TomeofQuesting":0,"King of Hearts":30,"hubris:SlimyHat":114,"hubris:EmptyBottle":114,"Empty Cage":179,"Burning Blood":0,"aspiration:StickyExplosives_weak":0,"Replay:Bandana":109,"hubris:Icosahedron":149,"Gambling Chip":114,"Pantograph":114,"hubris:CuriousFeather":157,"Chemical X":114,"InkBottle":18,"Red Skull":160,"Potion Belt":76,"Gremlin Food":80,"hubris:DisguiseKit":141,"BargainBundle":0,"aspiration:FetidBarrel":66,"hubris:MedicalManual":114,"Seething Fire":0,"Orichalcum":109,"Medical Kit":0,"White Beast Statue":137,"Peace Pipe":114,"ChewingGum":34,"Another Sword":0,"Membership Card":37,"ReplayTheSpireMod:Lightbulb":95,"FossilizedHelix":114,"hubris:BottledRain":0}],"Burning Blood":212},"card_choices":[{"not_picked":["Replay:Undeath\u0027s Touch","DDmod:UnstoppableAttack"],"picked":"Power Through","floor":1.0},{"not_picked":["Body Slam","DDmod:SpikedSkill","Sword Boomerang"],"picked":"SKIP","floor":2.0},{"not_picked":["Anger","Wild Strike","Sword Boomerang"],"picked":"SKIP","floor":5.0},{"not_picked":["Rupture","Wild Strike"],"picked":"Eclipse","floor":6.0},{"not_picked":["Iron Wave","Run Through"],"picked":"Seeing Red","floor":7.0},{"not_picked":["Replay:Undeath\u0027s Touch","ReplayTheSpireMod:Strike From Hell","Seeing Red"],"picked":"SKIP","floor":10.0},{"not_picked":["Warcry","Abandon"],"picked":"Shockwave","floor":11.0},{"not_picked":["Headbutt","Infernal Blade","Carnage"],"picked":"SKIP","floor":12.0},{"not_picked":["Feed","Replay:Undeath\u0027s Touch"],"picked":"Entrench","floor":13.0},{"not_picked":["Eclipse","Immolate","LessonLearned"],"picked":"DDmod:AllInSkill","floor":16.0},{"not_picked":["Second Wind+1","True Grit","hubris:SharpeningStone","CrushJoints"],"picked":"SKIP","floor":18.0},{"not_picked":["Iron Wave","Headbutt","Body Slam","Replay:Anticipation"],"picked":"SKIP","floor":22.0},{"not_picked":["Defy Death+1","DDmod:ScaleUpSkill","CrushJoints"],"picked":"Burning Pact","floor":23.0},{"not_picked":["Burning Pact","DDmod:SpikedSkill","Tantrum"],"picked":"Barricade","floor":25.0},{"not_picked":["ReplayTheSpireMod:Strike From Hell","Body Slam","Run Through","Pray"],"picked":"SKIP","floor":29.0},{"not_picked":["ReplayTheSpireMod:Strike From Hell","Body Slam","Run Through","Pray"],"picked":"SKIP","floor":29.0},{"not_picked":["Sentinel","ReplayTheSpireMod:Muscle Training","Flex","Meditate"],"picked":"SKIP","floor":30.0},{"not_picked":["Rage","Ghostly Armor","Rampage+1","Tantrum"],"picked":"SKIP","floor":31.0},{"not_picked":["ReplayTheSpireMod:Haul","infinitespire:SevenWalls"],"picked":"hubris:Fate","floor":33.0},{"not_picked":["Anger","Replay:Undeath\u0027s Touch+1","Warcry","Halt"],"picked":"SKIP","floor":35.0},{"not_picked":["hubris:SharpeningStone","Body Slam+1","Alpha"],"picked":"Evolve+1","floor":37.0},{"not_picked":["DDmod:BurningFumesPowerCard","Infernal Blade","DDmod:SpikedSkill","ForeignInfluence"],"picked":"SKIP","floor":39.0},{"not_picked":["infinitespire:OneForAll+1","ReplayTheSpireMod:Corrosion Curse+1","Ragnarok"],"picked":"Dark Embrace","floor":41.0},{"not_picked":["hubris:ReadiedAction","True Grit+1","Disarm","FlyingSleeves"],"picked":"SKIP","floor":42.0},{"not_picked":["Flame Barrier","Eclipse","PathToVictory"],"picked":"Corruption","floor":44.0},{"not_picked":["DDmod:ScaleUpSkill","Rupture","Thunderclap","SashWhip"],"picked":"SKIP","floor":45.0},{"not_picked":["Power Through","Headbutt+1","Heavy Blade","Meditate"],"picked":"SKIP","floor":47.0},{"not_picked":["Dual Wield","Shrug It Off+1","ReplayTheSpireMod:Strike From Hell","JustLucky"],"picked":"SKIP","floor":48.0},{"not_picked":["Perfected Strike","Sword Boomerang","hubris:ReadiedAction","CrushJoints"],"picked":"SKIP","floor":55.0}],"player_experience":838425,"relics_obtained":[{"floor":3.0,"key":"infinitespire:EmpoweringShard"},{"floor":6.0,"key":"Simple Rune"},{"floor":11.0,"key":"White Beast Statue"},{"floor":13.0,"key":"hubris:DisguiseKit"},{"floor":23.0,"key":"hubris:CuriousFeather"},{"floor":25.0,"key":"vexMod:InvisibilityCloak"},{"floor":26.0,"key":"Red Skull"},{"floor":30.0,"key":"hubris:Zylophone"},{"floor":41.0,"key":"Replay:Baseball"},{"floor":43.0,"key":"Vajra"},{"floor":44.0,"key":"Ice Cream"},{"floor":55.0,"key":"conspire:DecoderRing"}],"event_choices":[{"damage_healed":0.0,"max_hp_gain":0.0,"max_hp_loss":0.0,"gold_gain":0.0,"event_name":"conspire:Investor","player_choice":"Leave","floor":14.0,"gold_loss":0.0,"damage_taken":0.0},{"cards_removed":["Strike_R"],"damage_healed":0.0,"max_hp_gain":0.0,"max_hp_loss":0.0,"gold_gain":0.0,"event_name":"Beggar","player_choice":"Gave Gold","floor":20.0,"gold_loss":75.0,"damage_taken":0.0},{"damage_healed":0.0,"max_hp_gain":0.0,"max_hp_loss":0.0,"gold_gain":0.0,"event_name":"The Library","player_choice":"Read","floor":21.0,"gold_loss":0.0,"damage_taken":0.0,"cards_obtained":["Feel No Pain"]},{"damage_healed":0.0,"max_hp_gain":0.0,"max_hp_loss":0.0,"gold_gain":0.0,"event_name":"The Woman in Blue","player_choice":"Bought 0 Potions","floor":38.0,"gold_loss":0.0,"damage_taken":0.0}],"is_beta":false,"boss_relics":[{"not_picked":["Ectoplasm","ReplayTheSpireMod:SealedPack"],"picked":"Philosopher\u0027s Stone"},{"not_picked":["hubris:ScarierMask","aspiration:FutureDiary"],"picked":"Empty Cage"}],"items_purged_floors":[0,0,32],"is_endless":false,"potions_floor_spawned":[5,6,10,12,13,16,18,22,23,25,29,30,31,33,35,37,39,41,42,44,45,47,48,55],"ascension_level":20}}