{"host":"uladu1awj2c5h73h","time":1610969520,"event":{"mods":["2.2 Compatiblity","BaseMod","Card Filter","Highlight Path","Minty Spire (QoL Compilation)","StSLib"],"gold_per_floor":[110,122,122,140,186,186,220,233,301,316,330,330,341,299,299,401,401,411,421,441,441,441],"floor_reached":21,"language":"ZHS","playtime":1547,"items_purged":[],"score":204,"play_id":"87540d17-e646-4960-b2c3-295ef00fb5bb","local_time":"20210118123200","is_ascension_mode":true,"campfire_choices":[{"floor":6.0,"key":"RECALL"},{"floor":12.0,"key":"REST"},{"floor":15.0,"key":"REST"}],"circlet_count":0,"master_deck":["Strike_B","Strike_B","Strike_B","Strike_B","Defend_B","Defend_B","Defend_B","Defend_B","Zap","Dualcast","Reprogram","Steam","Gash","Seek","Gash","Scrape","Beam Cell","Beam Cell","All For One","Streamline","Reprogram+1","Steam Power+1"],"relics":["Cracked Core","NeowsBlessing","Unceasing Top","Bottled Lightning","Black Star"],"acts_visited":["Exordium","TheCity"],"potions_floor_usage":[21,21],"damage_taken":[{"damage":0.0,"enemies":"Jaw Worm","floor":1.0,"turns":1.0},{"damage":0.0,"enemies":"Cultist","floor":2.0,"turns":1.0},{"damage":0.0,"enemies":"2 Louse","floor":4.0,"turns":1.0},{"damage":16.0,"enemies":"Lagavulin","floor":7.0,"turns":7.0},{"damage":7.0,"enemies":"Blue Slaver","floor":8.0,"turns":3.0},{"damage":6.0,"enemies":"Lots of Slimes","floor":10.0,"turns":4.0},{"damage":25.0,"enemies":"Exordium Wildlife","floor":11.0,"turns":4.0},{"damage":18.0,"enemies":"Large Slime","floor":13.0,"turns":4.0},{"damage":1.0,"enemies":"Slime Boss","floor":16.0,"turns":7.0},{"damage":6.0,"enemies":"Chosen","floor":18.0,"turns":4.0},{"damage":9.0,"enemies":"3 Byrds","floor":19.0,"turns":4.0},{"damage":20.0,"enemies":"Snecko","floor":20.0,"turns":4.0},{"damage":0,"enemies":"Snake Plant","floor":21,"turns":1}],"seed_played":"1383269120608195183","potions_obtained":[{"floor":2.0,"key":"BlessingOfTheForge"},{"floor":4.0,"key":"PotionOfCapacity"},{"floor":7.0,"key":"SneckoOil"},{"floor":10.0,"key":"FocusPotion"},{"floor":13.0,"key":"SteroidPotion"},{"floor":18.0,"key":"Fruit Juice"},{"floor":20.0,"key":"Ancient Potion"}],"is_trial":false,"path_per_floor":["M","M","?","M","T","R","E","M","T","M","M","R","M","?","R","B",null,"M","M","M","M"],"character_chosen":"DEFECT","items_purchased":[],"campfire_rested":2,"item_purchase_floors":[],"current_hp_per_floor":[75,75,80,80,80,80,64,57,57,51,26,50,32,32,56,55,80,74,65,45,50,50],"gold":441,"neow_bonus":"THREE_ENEMY_KILL","is_daily":false,"chose_seed":false,"campfire_upgraded":0,"win_rate":0.0,"timestamp":1610969520,"path_taken":["M","M","?","M","?","R","E","M","T","?","M","R","M","?","R","BOSS","M","M","M","M"],"items_purchased_type":[],"build_version":"2020-12-22","purchased_purges":0,"victory":false,"max_hp_per_floor":[75,75,80,80,80,80,80,80,80,80,80,80,80,80,80,80,80,80,80,80,85,85],"card_choices":[{"not_picked":["Gash","Scrape"],"picked":"Reprogram","floor":1.0},{"not_picked":["Reinforced Body","Turbo"],"picked":"Steam","floor":2.0},{"not_picked":["Beam Cell","Streamline"],"picked":"Gash","floor":4.0},{"not_picked":["Steam Power","Beam Cell"],"picked":"Seek","floor":7.0},{"not_picked":["Beam Cell","Turbo"],"picked":"Gash","floor":8.0},{"not_picked":["Reinforced Body","Beam Cell"],"picked":"Scrape","floor":10.0},{"not_picked":["Steam Power","Turbo"],"picked":"Beam Cell","floor":11.0},{"not_picked":["Reinforced Body","Turbo"],"picked":"Beam Cell","floor":13.0},{"not_picked":["Reboot","Seek"],"picked":"All For One","floor":16.0},{"not_picked":["Steam Power","Steam"],"picked":"Streamline","floor":18.0},{"not_picked":["Steam","Streamline"],"picked":"Reprogram+1","floor":19.0},{"not_picked":["Steam","Turbo+1"],"picked":"Steam Power+1","floor":20.0}],"player_experience":130991,"relics_obtained":[{"floor":7.0,"key":"Unceasing Top"},{"floor":9.0,"key":"Bottled Lightning"}],"event_choices":[{"damage_healed":0.0,"max_hp_gain":5.0,"max_hp_loss":0.0,"gold_gain":0.0,"event_name":"Big Fish","player_choice":"Donut","floor":3.0,"gold_loss":0.0,"damage_taken":0.0},{"damage_healed":0.0,"max_hp_gain":0.0,"max_hp_loss":0.0,"gold_gain":0.0,"event_name":"World of Goop","player_choice":"Left Gold","floor":14.0,"gold_loss":42.0,"damage_taken":0.0}],"is_beta":false,"boss_relics":[{"not_picked":["FrozenCore","Empty Cage"],"picked":"Black Star"}],"items_purged_floors":[],"is_endless":false,"potions_floor_spawned":[2,4,7,10,13,18,20],"killed_by":"Snake Plant","ascension_level":2}}