{"host":"ydg0vn0pu4pubmdt","time":1610962721,"event":{"mods":["AchievementEnabler","BaseMod","Colored Map","Gold Saver","Minty Spire (QoL Compilation)","Quick Restart","SuperFastMode"],"gold_per_floor":[11,29,49,62,62,62,97,22,22,41,66,66,85,123,123,243,243,268,268,29,48,69,69,90,123,123,136,159,159,159,202,172,172,292,292,306,327,343,74,74,114,114,137,137,188,200,252,285,332,344,356],"floor_reached":52,"language":"KOR","playtime":3295,"items_purged":["Strike_G","Strike_G","Strike_G"],"score":1440,"play_id":"15d32de9-c0c0-478a-9ee4-4d4b6f57d84a","local_time":"20210118183841","is_ascension_mode":true,"campfire_choices":[{"data":"Dagger Spray","floor":6.0,"key":"SMITH"},{"floor":15.0,"key":"REST"},{"data":"Tactician","floor":23.0,"key":"SMITH"},{"data":"Calculated Gamble","floor":33.0,"key":"SMITH"},{"data":"Neutralize","floor":42.0,"key":"SMITH"},{"data":"Eviscerate","floor":46,"key":"SMITH"},{"data":"PiercingWail","floor":50,"key":"SMITH"}],"circlet_count":0,"master_deck":["Defend_G","Defend_G","Defend_G","Defend_G","Survivor","Neutralize+1","Grand Finale","Tactician+1","Dagger Spray+1","Calculated Gamble+1","PiercingWail+1","Eviscerate+1","Escape Plan","Adrenaline+1","Glass Knife+1","After Image+1","Prepared+1","Prepared+1","Finesse+1","Blur+1","Dagger Throw","Acrobatics+1","Well Laid Plans+1","Calculated Gamble+1","A Thousand Cuts+1"],"relics":["Ring of the Serpent","Golden Idol","Akabeko","Paper Crane","Gambling Chip","Astrolabe","Toxic Egg 2","Frozen Egg 2","Letter Opener","Ornamental Fan","Thread and Needle","War Paint","Mummified Hand","MawBank","Tough Bandages","Happy Flower","Bottled Lightning"],"acts_visited":["Exordium","TheCity","TheBeyond"],"potions_floor_usage":[51,51,51],"damage_taken":[{"damage":2.0,"enemies":"2 Louse","floor":1.0,"turns":3.0},{"damage":1.0,"enemies":"Cultist","floor":2.0,"turns":5.0},{"damage":5.0,"enemies":"Jaw Worm","floor":3.0,"turns":7.0},{"damage":6.0,"enemies":"2 Fungi Beasts","floor":4.0,"turns":3.0},{"damage":0.0,"enemies":"3 Sentries","floor":7.0,"turns":2.0},{"damage":7.0,"enemies":"Gremlin Gang","floor":10.0,"turns":2.0},{"damage":8.0,"enemies":"Exordium Wildlife","floor":11.0,"turns":6.0},{"damage":0.0,"enemies":"Large Slime","floor":13.0,"turns":1.0},{"damage":24.0,"enemies":"Lagavulin","floor":14.0,"turns":6.0},{"damage":20.0,"enemies":"The Guardian","floor":16.0,"turns":14.0},{"damage":0.0,"enemies":"Shell Parasite","floor":18.0,"turns":1.0},{"damage":0.0,"enemies":"3 Byrds","floor":21.0,"turns":4.0},{"damage":1.0,"enemies":"Snecko","floor":22.0,"turns":4.0},{"damage":0.0,"enemies":"3 Cultists","floor":24.0,"turns":4.0},{"damage":5.0,"enemies":"Book of Stabbing","floor":25.0,"turns":5.0},{"damage":3.0,"enemies":"Cultist and Chosen","floor":27.0,"turns":9.0},{"damage":0.0,"enemies":"Snake Plant","floor":28.0,"turns":3.0},{"damage":0.0,"enemies":"Gremlin Leader","floor":31.0,"turns":5.0},{"damage":33.0,"enemies":"Champ","floor":34.0,"turns":15.0},{"damage":0.0,"enemies":"3 Darklings","floor":36.0,"turns":3.0},{"damage":0.0,"enemies":"Orb Walker","floor":37.0,"turns":2.0},{"damage":0.0,"enemies":"Sphere and 2 Shapes","floor":38.0,"turns":2.0},{"damage":0.0,"enemies":"Nemesis","floor":41.0,"turns":7.0},{"damage":0,"enemies":"Jaw Worm Horde","floor":43,"turns":2},{"damage":0,"enemies":"Giant Head","floor":45,"turns":7},{"damage":0,"enemies":"Nemesis","floor":47,"turns":7},{"damage":0,"enemies":"Writhing Mass","floor":48,"turns":5},{"damage":0,"enemies":"Reptomancer","floor":49,"turns":3},{"damage":0,"enemies":"Donu and Deca","floor":51,"turns":6}],"seed_played":"8287805595529551282","potions_obtained":[{"floor":3.0,"key":"DistilledChaos"},{"floor":7.0,"key":"Energy Potion"},{"floor":11.0,"key":"FearPotion"},{"floor":14.0,"key":"PowerPotion"},{"floor":16.0,"key":"Swift Potion"},{"floor":24.0,"key":"GhostInAJar"},{"floor":28.0,"key":"Poison Potion"},{"floor":32.0,"key":"DuplicationPotion"},{"floor":32.0,"key":"LiquidBronze"},{"floor":38.0,"key":"Energy Potion"}],"is_trial":false,"path_per_floor":["M","M","M","M","?","R","E","$","T","M","M","?","M","E","R","B",null,"M","?","$","M","M","R","M","E","T","M","M","M","?","E","?","R","B",null,"M","M","M","$","?","E","R","M","T","E","R","E","M","E","R","B",null],"character_chosen":"THE_SILENT","items_purchased":["Prepared+1","Finesse+1","War Paint"],"campfire_rested":1,"item_purchase_floors":[20,20,39],"current_hp_per_floor":[61,60,55,49,49,49,49,49,49,42,34,34,34,10,29,9,51,51,51,51,51,50,50,50,45,45,42,42,42,42,42,42,42,9,51,51,51,51,51,51,51,51,51,51,51,51,51,51,51,51,51],"gold":368,"neow_bonus":"THREE_RARE_CARDS","is_daily":false,"chose_seed":false,"campfire_upgraded":6,"win_rate":0.0,"timestamp":1610962721,"path_taken":["M","M","M","M","?","R","E","$","T","M","M","?","M","E","R","BOSS","M","?","$","M","?","R","M","E","T","M","M","M","?","E","?","R","BOSS","M","M","?","$","?","E","R","M","T","E","R","E","M","E","R","BOSS"],"items_purchased_type":["Card","Card","Relic"],"build_version":"2020-12-22","purchased_purges":3,"victory":true,"max_hp_per_floor":[70,70,70,70,65,65,65,65,65,65,65,65,65,65,65,65,65,65,65,65,65,65,65,65,65,65,65,65,65,65,65,65,65,65,65,65,65,65,65,65,65,65,65,65,65,65,65,65,65,65,65],"card_choices":[{"not_picked":["Die Die Die","After Image"],"picked":"Grand Finale","floor":0.0},{"not_picked":["Cloak And Dagger","Slice"],"picked":"Tactician","floor":1.0},{"not_picked":["Cloak And Dagger","Deadly Poison","Noxious Fumes"],"picked":"SKIP","floor":2.0},{"not_picked":["Distraction","Outmaneuver"],"picked":"Dagger Spray","floor":3.0},{"not_picked":["Slice","Noxious Fumes","Skewer"],"picked":"SKIP","floor":4.0},{"not_picked":["Deadly Poison","Concentrate","Dodge and Roll"],"picked":"SKIP","floor":7.0},{"not_picked":["Grand Finale","PiercingWail"],"picked":"Calculated Gamble","floor":10.0},{"not_picked":["Sucker Punch","Dodge and Roll"],"picked":"PiercingWail","floor":11.0},{"not_picked":["Slice","Backflip"],"picked":"Eviscerate","floor":13.0},{"not_picked":["Choke","Sucker Punch"],"picked":"Escape Plan","floor":14.0},{"not_picked":["After Image","Grand Finale"],"picked":"Adrenaline","floor":16.0},{"not_picked":["Blade Dance","Cloak And Dagger+1"],"picked":"Prepared","floor":18.0},{"not_picked":["Infinite Blades","Dagger Spray+1"],"picked":"Blur+1","floor":21.0},{"not_picked":["Bane","Flying Knee"],"picked":"Dagger Throw","floor":22.0},{"not_picked":["Bane","Corpse Explosion+1","Prepared+1"],"picked":"SKIP","floor":24.0},{"not_picked":["Doppelganger+1","Underhanded Strike","Expertise+1"],"picked":"SKIP","floor":25.0},{"not_picked":["Outmaneuver+1","PiercingWail+1","Predator+1"],"picked":"SKIP","floor":27.0},{"not_picked":["Dagger Throw","Dash","Blade Dance+1"],"picked":"SKIP","floor":28.0},{"not_picked":["Caltrops+1","Prepared+1","Bullet Time+1"],"picked":"SKIP","floor":31.0},{"not_picked":["Footwork+1","Quick Slash+1"],"picked":"Acrobatics+1","floor":36.0},{"not_picked":["Setup+1","Predator"],"picked":"Well Laid Plans+1","floor":37.0},{"not_picked":["Dagger Spray","Footwork+1","Dash"],"picked":"SKIP","floor":38.0},{"not_picked":["Outmaneuver+1","Predator+1","Underhanded Strike"],"picked":"SKIP","floor":41.0},{"not_picked":["Outmaneuver+1","Predator+1","Underhanded Strike"],"picked":"SKIP","floor":41.0},{"not_picked":["Heel Hook","Prepared+1","Bane"],"picked":"SKIP","floor":43},{"not_picked":["Dash+1","Footwork+1","Well Laid Plans+1"],"picked":"SKIP","floor":45},{"not_picked":["Dash+1","Footwork+1","Well Laid Plans+1"],"picked":"SKIP","floor":45},{"not_picked":["Prepared+1","Terror+1"],"picked":"Calculated Gamble+1","floor":47},{"not_picked":["Outmaneuver+1","Poisoned Stab","Heel Hook"],"picked":"SKIP","floor":48},{"not_picked":["Dodge and Roll+1","Night Terror+1"],"picked":"A Thousand Cuts+1","floor":49}],"player_experience":472599,"relics_obtained":[{"floor":7.0,"key":"Akabeko"},{"floor":9.0,"key":"Paper Crane"},{"floor":14.0,"key":"Gambling Chip"},{"floor":25.0,"key":"Frozen Egg 2"},{"floor":26.0,"key":"Letter Opener"},{"floor":31.0,"key":"Thread and Needle"},{"floor":41.0,"key":"Mummified Hand"},{"floor":44,"key":"MawBank"},{"floor":45,"key":"Tough Bandages"},{"floor":47,"key":"Happy Flower"},{"floor":49,"key":"Bottled Lightning"}],"event_choices":[{"damage_healed":0.0,"max_hp_gain":0.0,"max_hp_loss":5.0,"gold_gain":0.0,"event_name":"Golden Idol","player_choice":"Lose Max HP","floor":5.0,"gold_loss":0.0,"damage_taken":0.0,"relics_obtained":["Golden Idol"]},{"damage_healed":0.0,"max_hp_gain":0.0,"max_hp_loss":0.0,"gold_gain":0.0,"event_name":"Liars Game","player_choice":"Ignored","floor":12.0,"gold_loss":0.0,"damage_taken":0.0},{"damage_healed":0.0,"max_hp_gain":0.0,"max_hp_loss":0.0,"gold_gain":0.0,"event_name":"WeMeetAgain","player_choice":"Gave Potion","floor":19.0,"gold_loss":0.0,"damage_taken":0.0,"relics_obtained":["Toxic Egg 2"]},{"damage_healed":0.0,"max_hp_gain":0.0,"max_hp_loss":0.0,"gold_gain":0.0,"event_name":"The Mausoleum","player_choice":"Opened","floor":30.0,"gold_loss":0.0,"damage_taken":0.0,"relics_obtained":["Ornamental Fan"]},{"damage_healed":0.0,"max_hp_gain":0.0,"max_hp_loss":0.0,"gold_gain":0.0,"event_name":"The Woman in Blue","player_choice":"Bought 2 Potions","floor":32.0,"gold_loss":0.0,"damage_taken":0.0},{"cards_removed":["Cloak And Dagger"],"damage_healed":0.0,"max_hp_gain":0.0,"max_hp_loss":0.0,"gold_gain":0.0,"event_name":"Falling","player_choice":"Removed Skill","floor":40.0,"gold_loss":0.0,"damage_taken":0.0}],"is_beta":false,"boss_relics":[{"not_picked":["WristBlade","Calling Bell"],"picked":"Astrolabe"},{"not_picked":["Velvet Choker","Philosopher\u0027s Stone"],"picked":"Ring of the Serpent"}],"items_purged_floors":[8,20,39],"is_endless":false,"potions_floor_spawned":[3,7,11,14,16,24,28,38,45,47],"ascension_level":9}}