{"host":"knduvrfsmt572yyo","time":1610990958,"event":{"mods":["AchievementEnabler","BaseMod","Bestiary","Better Match","Better Note","Better Skull","Better Third Choice","Colored Powertips","Minty Spire (QoL Compilation)","Permanent Neow","Quick Restart","Spicy Shops","StSLib","Thieving Mod","Waifu the Spire","everything is the same but u backflip on backflip"],"gold_per_floor":[118,137,0,0,12,24,60,72,165,177,203,215,215],"floor_reached":12,"language":"ENG","playtime":951,"items_purged":[],"score":85,"play_id":"2cd21b7f-0e64-4fe0-b7de-d728c5fe5d04","local_time":"20210118202918","is_ascension_mode":true,"campfire_choices":[{"data":"Enlightenment","floor":6,"key":"SMITH"},{"data":"Perfected Strike","floor":8,"key":"SMITH"},{"data":"Juggernaut","floor":10,"key":"SMITH"}],"circlet_count":0,"master_deck":["Strike_R","Strike_R","Strike_R","Strike_R","Strike_R","Defend_R","Defend_R","Defend_R","Defend_R","Bash","Juggernaut+1","Perfected Strike+1","Enlightenment+1","Bouncing Flask","Injury","Twin Strike","Metallicize"],"relics":["Burning Blood","MawBank","Golden Idol","Paper Frog"],"acts_visited":["Exordium"],"potions_floor_usage":[],"damage_taken":[{"damage":4,"enemies":"2 Louse","floor":1,"turns":3},{"damage":7,"enemies":"Jaw Worm","floor":2,"turns":3},{"damage":25,"enemies":"Small Slimes","floor":7,"turns":4},{"damage":25,"enemies":"Exordium Thugs","floor":11,"turns":4},{"damage":48,"enemies":"Gremlin Nob","floor":12,"turns":4}],"seed_played":"4048091482421843387","potions_obtained":[{"floor":7,"key":"SmokeBomb"},{"floor":11,"key":"SteroidPotion"}],"is_trial":false,"path_per_floor":["M","M","?","?","?","R","M","R","T","R","M","E"],"character_chosen":"IRONCLAD","items_purchased":[],"campfire_rested":0,"item_purchase_floors":[],"current_hp_per_floor":[80,79,85,73,73,73,54,54,54,54,35,0,0],"gold":215,"neow_bonus":"ONE_RANDOM_RARE_CARD","is_daily":false,"chose_seed":false,"campfire_upgraded":3,"win_rate":0.0,"timestamp":1610990958,"path_taken":["M","M","?","?","?","R","?","R","T","R","M","E"],"items_purchased_type":[],"build_version":"2020-12-22","purchased_purges":0,"victory":false,"max_hp_per_floor":[80,80,86,86,86,86,86,86,86,86,86,86,86],"card_choices":[{"not_picked":["Headbutt","Heavy Blade"],"picked":"Perfected Strike","floor":1},{"not_picked":["Dark Embrace","Sentinel","Anger"],"picked":"SKIP","floor":2},{"not_picked":["Dual Wield","Heavy Blade"],"picked":"Twin Strike","floor":7},{"not_picked":["Armaments","Wild Strike"],"picked":"Metallicize","floor":11}],"player_experience":309234,"relics_obtained":[{"floor":9,"key":"Paper Frog"}],"event_choices":[{"damage_healed":0,"gold_gain":0,"player_choice":"RENOUNCE","damage_taken":137,"max_hp_gain":0,"max_hp_loss":0,"event_name":"betterThird:BetterSerpent","floor":3,"gold_loss":137,"cards_obtained":["Enlightenment"]},{"damage_healed":0,"gold_gain":0,"player_choice":"Take Wound","damage_taken":0,"relics_obtained":["Golden Idol"],"max_hp_gain":0,"max_hp_loss":0,"event_name":"Golden Idol","floor":5,"gold_loss":0,"cards_obtained":["Injury"]}],"is_beta":false,"boss_relics":[],"items_purged_floors":[],"is_endless":false,"potions_floor_spawned":[7,11],"killed_by":"Gremlin Nob","ascension_level":5}}