{"host":"5dk97cf2ubw2v967","time":1610952980,"event":{"mods":["AlwaysNeverKeys","BaseMod","Better Altar","Better Vampires","Block Reminder","Colored Powertips","Downfall","Googly Eyes","Highlight Path","Minty Spire (QoL Compilation)","Permanent Neow","Potion Indicator Mod","Quick Restart","Relic Filter","Relic Stats","Say the Spire","Spicy Shops","StSLib","Waifu the Spire","everything is the same but u backflip on backflip"],"gold_per_floor":[99,115,61,74,249,269,319,351,370,270,24,35,35,45,63,158,158,58,78,78,78,178,212,212,227,243,143,28,55,55,106,163,304,304,304,354,0,90,142,142,165,236,236,26,50,50,50,50,110,150,150,221,19,19,19,19],"floor_reached":57,"language":"ENG","playtime":5228,"items_purged":["Doubt","Guardian:Strike_Guardian","Guardian:Defend_Guardian","Guardian:Strike_Guardian"],"score":1506,"play_id":"6f5e342f-4cf5-4efa-b1c6-ecc3caad0f12","local_time":"20210118065620","is_ascension_mode":true,"campfire_choices":[{"data":"Guardian:GemFinder","floor":1.0,"key":"SMITH"},{"floor":10.0,"key":"REST"},{"floor":13.0,"key":"RECALL"},{"data":"Guardian:PrismaticBeam","floor":18.0,"key":"SMITH"},{"data":"Guardian:PrismaticBarrier","floor":27.0,"key":"SMITH"},{"data":"Guardian:StasisEngine","floor":35.0,"key":"SMITH"},{"data":"expansioncontent:DashGenerateEvil","floor":40.0,"key":"SMITH"},{"data":"Guardian:DecasProtection","floor":43,"key":"SMITH"},{"data":"Guardian:DecasProtection","floor":46,"key":"SMITH"},{"data":"Guardian:CompilePackage","floor":54,"key":"SMITH"}],"circlet_count":0,"master_deck":["Guardian:Strike_Guardian","Guardian:Strike_Guardian","Guardian:Defend_Guardian","Guardian:Defend_Guardian","Guardian:CurlUp","Guardian:TwinSlam","Guardian:GemFinder+1","Guardian:ShieldCharger","Guardian:PrismaticBeam+1","Guardian:TimeBomb+1","Guardian:ArmoredProtocol","Guardian:PolyBeam","Guardian:ChargeCore","Guardian:ArmoredProtocol","Guardian:DonusPower","Guardian:ShieldCharger","Guardian:StasisField","Guardian:DecasProtection+1","Guardian:Gem_Red","RitualDagger","Guardian:TemporalShield+1","Guardian:PrismaticBarrier+1","Guardian:ChargeUp+1","Guardian:RevengeProtocol","Guardian:DecasProtection+1","Guardian:GatlingBeam","Guardian:CrystalBeam+1","Guardian:StasisEngine+1","Guardian:ShieldCharger+1","Guardian:VentSteam+1","expansioncontent:DashGenerateEvil+1","Guardian:BronzeOrb+1","Guardian:Emergency","Guardian:ChargeUp","Guardian:Gem_White","Guardian:Repulse","Guardian:CompilePackage+1"],"relics":["Guardian:ModeShifterPlus","Tiny House","Dream Catcher","downfall:HeartBlessingGreen","Guardian:BottledStasis","downfall:HeartBlessingRed","Gambling Chip","Pear","Lizard Tail","downfall:HeartBlessingBlue","Red Mask","downfall:KnowingSkull","Runic Pyramid","Cauldron","Mango","Strawberry","Toy Ornithopter","Shuriken","Oddly Smooth Stone","StoneCalendar"],"acts_visited":["Exordium","TheCity","TheBeyond","TheEnding"],"potions_floor_usage":[44,50,55,56,56],"damage_taken":[{"damage":8.0,"enemies":"Small Slimes","floor":2.0,"turns":4.0},{"damage":5.0,"enemies":"downfall:FleeingMerchant","floor":3.0,"turns":4.0},{"damage":4.0,"enemies":"Jaw Worm","floor":4.0,"turns":5.0},{"damage":3.0,"enemies":"2 Louse","floor":6.0,"turns":2.0},{"damage":18.0,"enemies":"Gremlin Nob","floor":8.0,"turns":3.0},{"damage":17.0,"enemies":"Exordium Thugs","floor":9.0,"turns":4.0},{"damage":9.0,"enemies":"downfall:FleeingMerchant","floor":11.0,"turns":4.0},{"damage":0.0,"enemies":"Exordium Wildlife","floor":12.0,"turns":4.0},{"damage":1.0,"enemies":"Large Slime","floor":14.0,"turns":5.0},{"damage":0.0,"enemies":"Blue Slaver","floor":15.0,"turns":4.0},{"damage":7.0,"enemies":"WA_ARCHETYPE_RETAIN","floor":16.0,"turns":10.0},{"damage":0.0,"enemies":"3 Byrds","floor":19.0,"turns":4.0},{"damage":0.0,"enemies":"Colosseum Nobs","floor":22.0,"turns":5.0},{"damage":2.0,"enemies":"Gremlin Leader","floor":23.0,"turns":7.0},{"damage":0.0,"enemies":"Spheric Guardian","floor":25.0,"turns":5.0},{"damage":0.0,"enemies":"Snake Plant","floor":26.0,"turns":6.0},{"damage":0.0,"enemies":"downfall:FleeingMerchant","floor":28.0,"turns":4.0},{"damage":4.0,"enemies":"Masked Bandits","floor":29.0,"turns":4.0},{"damage":3.0,"enemies":"Snecko","floor":31.0,"turns":6.0},{"damage":3.0,"enemies":"Shelled Parasite and Fungi","floor":32.0,"turns":4.0},{"damage":4.0,"enemies":"DF_ARCHETYPE_CLAW","floor":33.0,"turns":13.0},{"damage":3.0,"enemies":"3 Darklings","floor":36.0,"turns":7.0},{"damage":3.0,"enemies":"downfall:FleeingMerchant","floor":37.0,"turns":4.0},{"damage":3.0,"enemies":"downfall:FleeingMerchant","floor":38.0,"turns":8.0},{"damage":3.0,"enemies":"3 Shapes","floor":39.0,"turns":4.0},{"damage":3,"enemies":"Reptomancer","floor":42,"turns":8},{"damage":0,"enemies":"downfall:FleeingMerchant","floor":44,"turns":4},{"damage":3,"enemies":"Writhing Mass","floor":49,"turns":5},{"damage":7,"enemies":"SI_POISON_ARCHETYPE","floor":50,"turns":7},{"damage":42,"enemies":"downfall:CharBossMerchant","floor":52,"turns":11},{"damage":5,"enemies":"downfall:NeowBoss","floor":55,"turns":6},{"damage":67,"enemies":"downfall:NeowBossFinal","floor":56,"turns":11}],"seed_played":"5015434311121461512","potions_obtained":[{"floor":4.0,"key":"hexamod:SoulburnPotion"},{"floor":8.0,"key":"champ:CounterPotion"},{"floor":14.0,"key":"Dexterity Potion"},{"floor":15.0,"key":"DistilledChaos"},{"floor":16.0,"key":"Weak Potion"},{"floor":25.0,"key":"FairyPotion"},{"floor":26.0,"key":"Fire Potion"},{"floor":31.0,"key":"Dexterity Potion"},{"floor":33.0,"key":"AttackPotion"},{"floor":36.0,"key":"DuplicationPotion"},{"floor":37.0,"key":"Fruit Juice"},{"floor":37.0,"key":"DistilledChaos"},{"floor":37.0,"key":"SteroidPotion"},{"floor":52,"key":"SkillPotion"}],"is_trial":false,"path_per_floor":["R","M","$","M","?","M","T","E","M","R","$","M","R","M","M","B",null,"R","M","?","?","?","E","T","M","M","R","$","?","?","M","M","B",null,"R","M","$","?","M","R","T","E","R","$","?","R","?","$","M","B",null,"E","$","R","B","B",null],"character_chosen":"GUARDIAN","items_purchased":["Guardian:Gem_Fragmented","Guardian:BottledStasis","expansioncontent:DashGenerateEvil","Cauldron","Shuriken","Guardian:ChargeUp","CultistPotion","Guardian:Repulse","Guardian:CompilePackage"],"campfire_rested":1,"item_purchase_floors":[3,11,37,37,44,44,44,53,53],"current_hp_per_floor":[72,64,59,55,55,52,57,39,22,45,36,36,36,35,35,28,65,65,65,65,59,69,67,67,67,67,77,77,73,65,62,59,55,87,87,84,86,97,94,94,101,98,98,103,103,103,103,103,100,98,117,75,75,75,75,18],"gold":19,"neow_bonus":"THREE_RARE_CARDS","is_daily":false,"chose_seed":false,"campfire_upgraded":8,"win_rate":0.0,"timestamp":1610952980,"path_taken":["R","M","$","M","?","M","T","E","M","R","$","M","R","M","M","BOSS","R","M","?","?","?","E","T","M","M","R","$","?","?","M","M","BOSS","R","M","$","?","M","R","T","E","R","$","?","R","?","?","M","BOSS","E","$","R","BOSS","BOSS"],"items_purchased_type":["Card","Relic","Card","Relic","Relic","Card","Potion","Card","Card"],"build_version":"2020-12-22","purchased_purges":4,"victory":true,"max_hp_per_floor":[72,72,72,72,72,72,77,77,77,77,77,77,77,77,77,77,77,77,77,77,77,87,87,87,87,87,97,97,97,97,97,97,97,97,97,97,102,116,116,116,123,123,123,123,123,123,123,123,123,123,123,123,123,123,123,123],"relic_stats":{"Dream Catcher":1,"Lizard Tail":0,"counters":[32,177],"Shuriken":[11],"Gambling Chip":[39],"StoneCalendar":[52],"obtain_stats":[{"Guardian:BottledStasis":11,"Tiny House":7,"Pear":22,"Guardian:ModeShifterPlus":17,"downfall:HeartBlessingRed":18,"Guardian:ModeShifter":0,"Oddly Smooth Stone":45,"downfall:HeartBlessingGreen":10,"Mango":38,"StoneCalendar":52,"Cauldron":37,"Dream Catcher":8,"Lizard Tail":23,"downfall:HeartBlessingBlue":27,"Shuriken":44,"Gambling Chip":22,"Strawberry":41,"downfall:KnowingSkull":30,"Red Mask":29,"Toy Ornithopter":42,"Runic Pyramid":34},{"Guardian:BottledStasis":7,"Tiny House":4,"Pear":13,"Guardian:ModeShifterPlus":11,"downfall:HeartBlessingRed":11,"Guardian:ModeShifter":0,"Oddly Smooth Stone":27,"downfall:HeartBlessingGreen":6,"Mango":24,"StoneCalendar":30,"Cauldron":23,"Dream Catcher":5,"Lizard Tail":14,"downfall:HeartBlessingBlue":16,"Shuriken":27,"Gambling Chip":13,"Strawberry":25,"downfall:KnowingSkull":18,"Red Mask":18,"Toy Ornithopter":26,"Runic Pyramid":21},{"Guardian:BottledStasis":25,"Tiny House":15,"Pear":56,"Guardian:ModeShifterPlus":47,"downfall:HeartBlessingRed":47,"Guardian:ModeShifter":0,"Oddly Smooth Stone":137,"downfall:HeartBlessingGreen":21,"Mango":121,"StoneCalendar":160,"Cauldron":113,"Dream Catcher":18,"Lizard Tail":63,"downfall:HeartBlessingBlue":72,"Shuriken":137,"Gambling Chip":56,"Strawberry":125,"downfall:KnowingSkull":80,"Red Mask":80,"Toy Ornithopter":133,"Runic Pyramid":102}],"Toy Ornithopter":25},"card_choices":[{"not_picked":["Guardian:AncientConstruct","Guardian:FastForward"],"picked":"Guardian:GemFinder","floor":0.0},{"not_picked":["Guardian:Gem_Yellow","Guardian:VentSteam","Guardian:ShieldCharger"],"picked":"SKIP","floor":2.0},{"not_picked":["Guardian:Gem_Yellow","Guardian:VentSteam"],"picked":"Guardian:ShieldCharger","floor":2.0},{"not_picked":["Guardian:Gem_Red","Guardian:DonusPower"],"picked":"Guardian:PrismaticBeam","floor":3.0},{"not_picked":["Guardian:Gem_Green","Guardian:Gem_Lightblue"],"picked":"Guardian:Gem_Cyan","floor":4.0},{"not_picked":["Guardian:RollAttack","Guardian:Planning"],"picked":"Guardian:TimeBomb","floor":4.0},{"not_picked":["Guardian:Gem_Red","Guardian:Gem_Yellow"],"picked":"Guardian:Gem_Synthetic","floor":6.0},{"not_picked":["Guardian:Gem_Lightblue","Guardian:Gem_Green"],"picked":"Guardian:Gem_Cyan","floor":8.0},{"not_picked":["Guardian:BodySlam","Guardian:Gem_White"],"picked":"Guardian:Gem_Red","floor":8.0},{"not_picked":["Guardian:Gem_Red","Guardian:Gem_Lightblue"],"picked":"Guardian:Gem_Cyan","floor":9.0},{"not_picked":["Guardian:Incinerate","Guardian:RevengeProtocol"],"picked":"Guardian:ArmoredProtocol","floor":9.0},{"not_picked":["Guardian:Gem_Cyan","Guardian:Incinerate"],"picked":"Guardian:PolyBeam","floor":10.0},{"not_picked":["Guardian:VentSteam","Guardian:Gem_Green"],"picked":"Guardian:ChargeCore","floor":11.0},{"not_picked":["Guardian:Gem_Lightblue","Guardian:PiercingHide"],"picked":"Guardian:ArmoredProtocol","floor":12.0},{"not_picked":["Guardian:Gem_Green","Guardian:Gem_Lightblue"],"picked":"Guardian:Gem_Cyan","floor":14.0},{"not_picked":["Guardian:Gem_White","Guardian:Recover"],"picked":"Guardian:DonusPower","floor":14.0},{"not_picked":["Guardian:Gem_Lightblue","Guardian:Gem_Red"],"picked":"Guardian:Gem_Cyan","floor":15.0},{"not_picked":["Guardian:Gem_Blue","Guardian:Gem_Green"],"picked":"Guardian:ShieldCharger","floor":15.0},{"not_picked":["Guardian:Gem_Green","Guardian:Gem_Lightblue"],"picked":"Guardian:Gem_Cyan","floor":16.0},{"not_picked":["Guardian:RevengeProtocol","Guardian:SphericShield"],"picked":"Guardian:StasisField","floor":16.0},{"not_picked":["Guardian:Gem_Red","Guardian:Gem_Lightblue"],"picked":"Guardian:Gem_Cyan","floor":19.0},{"not_picked":["Guardian:PrimingBeam","Guardian:TemporalShield+1"],"picked":"Guardian:DecasProtection","floor":19.0},{"not_picked":["Guardian:Gem_Green","Guardian:VentSteam"],"picked":"Guardian:TemporalShield+1","floor":22.0},{"not_picked":["Guardian:Gem_Green","Guardian:Gem_Lightblue"],"picked":"Guardian:Gem_Cyan","floor":23.0},{"not_picked":["Guardian:Gem_Lightblue","Guardian:Gem_Green"],"picked":"Guardian:PrismaticBarrier","floor":23.0},{"not_picked":["Guardian:Gem_Red","Guardian:Gem_Cyan","Guardian:Reroute"],"picked":"SKIP","floor":25.0},{"not_picked":["Guardian:VentSteam+1","Guardian:Incinerate"],"picked":"Guardian:ChargeUp+1","floor":26.0},{"not_picked":["Guardian:ChargeCore","Guardian:Gem_Lightblue"],"picked":"Guardian:RevengeProtocol","floor":28.0},{"not_picked":["Guardian:TemporalStrike","Guardian:PiercingHide"],"picked":"Guardian:DecasProtection","floor":29.0},{"not_picked":["Guardian:Reroute","Guardian:TemporalShield+1"],"picked":"Guardian:GatlingBeam","floor":31.0},{"not_picked":["Guardian:TimeBomb","Guardian:Gem_Blue"],"picked":"Guardian:CrystalBeam+1","floor":32.0},{"not_picked":["Guardian:ExploitGems","Guardian:RevengeProtocol"],"picked":"Guardian:StasisEngine","floor":33.0},{"not_picked":["Guardian:CrystalBeam","Guardian:Gem_Red"],"picked":"Guardian:ShieldCharger+1","floor":36.0},{"not_picked":["Guardian:WalkerClaw","Guardian:BodySlam"],"picked":"Guardian:VentSteam+1","floor":37.0},{"not_picked":["Guardian:WalkerClaw","Guardian:PiercingHide+1","Guardian:VentSteam"],"picked":"SKIP","floor":39.0},{"not_picked":["Guardian:ChargeCore","Guardian:PrimingBeam+1"],"picked":"Guardian:BronzeOrb+1","floor":42},{"not_picked":["Guardian:TemporalStrike+1","Guardian:StasisField"],"picked":"Guardian:Emergency","floor":44},{"not_picked":["Guardian:VentSteam+1","Guardian:Gem_Blue","Guardian:ChargeCore+1"],"picked":"SKIP","floor":49},{"not_picked":["Guardian:ShieldSpikes","Guardian:Reroute"],"picked":"Guardian:Gem_White","floor":52}],"player_experience":1204665,"relics_obtained":[{"floor":7.0,"key":"Tiny House"},{"floor":8.0,"key":"Dream Catcher"},{"floor":22.0,"key":"Gambling Chip"},{"floor":22.0,"key":"Pear"},{"floor":23.0,"key":"Lizard Tail"},{"floor":29.0,"key":"Red Mask"},{"floor":38.0,"key":"Mango"},{"floor":41.0,"key":"Strawberry"},{"floor":42,"key":"Toy Ornithopter"},{"floor":45,"key":"Oddly Smooth Stone"},{"floor":52,"key":"StoneCalendar"}],"event_choices":[{"damage_healed":0.0,"max_hp_gain":0.0,"max_hp_loss":0.0,"gold_gain":0.0,"event_name":"Masked Bandits","player_choice":"Fought Bandits","floor":29.0,"gold_loss":0.0,"damage_taken":0.0}],"is_beta":false,"boss_relics":[{"not_picked":["bronze:MakeshiftBattery","Black Star"],"picked":"Guardian:ModeShifterPlus"},{"not_picked":["Sozu","Cursed Key"],"picked":"Runic Pyramid"}],"items_purged_floors":[11,28,37,44],"is_endless":false,"potions_floor_spawned":[4,8,14,15,16,25,26,31,32,33,36,39,42,52],"ascension_level":5}}