{"host":"og6lam4kt3nibbw0","time":1610991927,"event":{"mods":["AchievementEnabler","BaseMod","Colored Map","DeckTracker","Highlight Path","Keyboard Shortcuts","Minty Spire (QoL Compilation)","Permanent Neow","Quick Restart","StSLib","SuperFastMode"],"gold_per_floor":[117,135,210,82,7,7,22,22,22,32,43,74,74,85,85,160,160,110,122,122,122],"floor_reached":20,"language":"KOR","playtime":1580,"items_purged":["Injury"],"score":352,"play_id":"2540ca9f-605e-4e0e-a891-ae67aeb18b98","local_time":"20210119024527","is_ascension_mode":true,"campfire_choices":[{"data":"Body Slam","floor":6,"key":"SMITH"},{"data":"Entrench","floor":8,"key":"SMITH"},{"data":"Body Slam","floor":15,"key":"SMITH"}],"circlet_count":0,"master_deck":["AscendersBane","Strike_R","Defend_R","Defend_R","Defend_R","Defend_R","Bash","Body Slam+1","Shrug It Off","Armaments","Entrench+1","Body Slam+1","Ghostly Armor","Seeing Red","Entrench","Juggernaut","Havoc+1","Exhume+1","Second Wind+1","Evolve","Seeing Red+1","Power Through"],"relics":["Burning Blood","Ice Cream","Prayer Wheel","Omamori","Astrolabe"],"acts_visited":["Exordium","TheCity"],"potions_floor_usage":[12,16,20],"damage_taken":[{"damage":7,"enemies":"Cultist","floor":1,"turns":4},{"damage":14,"enemies":"Jaw Worm","floor":2,"turns":5},{"damage":0,"enemies":"Small Slimes","floor":7,"turns":4},{"damage":10,"enemies":"3 Louse","floor":10,"turns":5},{"damage":11,"enemies":"Lots of Slimes","floor":11,"turns":6},{"damage":25,"enemies":"3 Sentries","floor":12,"turns":11},{"damage":0,"enemies":"2 Fungi Beasts","floor":14,"turns":3},{"damage":26,"enemies":"The Guardian","floor":16,"turns":13},{"damage":24,"enemies":"2 Thieves","floor":18,"turns":5},{"damage":38,"enemies":"3 Byrds","floor":19,"turns":5},{"damage":12,"enemies":"Centurion and Healer","floor":20,"turns":4}],"seed_played":"3341275922853761888","potions_obtained":[{"floor":2,"key":"GamblersBrew"},{"floor":10,"key":"Swift Potion"},{"floor":12,"key":"FearPotion"}],"is_trial":false,"path_per_floor":["M","M","?","$","?","R","M","R","T","M","M","E","$","M","R","B",null,"M","M","M"],"character_chosen":"IRONCLAD","items_purchased":["Armaments"],"campfire_rested":0,"item_purchase_floors":[4],"current_hp_per_floor":[67,59,48,48,48,48,54,54,54,50,45,26,26,32,32,12,59,41,9,0,0],"gold":122,"neow_bonus":"ONE_RARE_RELIC","is_daily":false,"chose_seed":false,"campfire_upgraded":3,"win_rate":0.0,"timestamp":1610991927,"path_taken":["M","?","?","$","?","R","M","R","T","M","M","E","?","M","R","BOSS","M","?","M"],"items_purchased_type":["Card"],"build_version":"2020-12-22","purchased_purges":1,"victory":false,"max_hp_per_floor":[75,75,75,75,75,75,75,75,75,75,75,75,75,75,75,75,75,75,75,75,75],"card_choices":[{"not_picked":["Dark Embrace","Second Wind"],"picked":"Body Slam","floor":1},{"not_picked":["True Grit","Sword Boomerang"],"picked":"Shrug It Off","floor":2},{"not_picked":["Combust","Thunderclap"],"picked":"Entrench","floor":7},{"not_picked":["Hemokinesis","Sword Boomerang"],"picked":"Body Slam","floor":10},{"not_picked":["Wild Strike","Headbutt","Havoc"],"picked":"SKIP","floor":10},{"not_picked":["Anger","Searing Blow"],"picked":"Ghostly Armor","floor":11},{"not_picked":["Wild Strike","Pummel","Sword Boomerang"],"picked":"SKIP","floor":11},{"not_picked":["Iron Wave","Sword Boomerang"],"picked":"Seeing Red","floor":12},{"not_picked":["Twin Strike","Warcry"],"picked":"Entrench","floor":14},{"not_picked":["Entrench","Exhume","Dual Wield"],"picked":"SKIP","floor":14},{"not_picked":["Corruption","Bludgeon"],"picked":"Juggernaut","floor":16},{"not_picked":["Headbutt","Flex"],"picked":"Evolve","floor":18},{"not_picked":["Wild Strike","Anger+1"],"picked":"Seeing Red+1","floor":18},{"not_picked":["Warcry","Dark Embrace+1"],"picked":"Power Through","floor":19},{"not_picked":["Wild Strike","Cleave","Flex"],"picked":"SKIP","floor":19}],"player_experience":919316,"relics_obtained":[{"floor":9,"key":"Prayer Wheel"},{"floor":12,"key":"Omamori"}],"event_choices":[{"damage_healed":0,"gold_gain":75,"player_choice":"Gather Gold","damage_taken":11,"max_hp_gain":0,"max_hp_loss":0,"event_name":"World of Goop","floor":3,"gold_loss":0},{"cards_removed":["Strike_R"],"damage_healed":0,"gold_gain":0,"player_choice":"Card Removal","damage_taken":0,"max_hp_gain":0,"max_hp_loss":0,"event_name":"The Cleric","floor":5,"gold_loss":75}],"is_beta":false,"boss_relics":[{"not_picked":["SacredBark","Snecko Eye"],"picked":"Astrolabe"}],"items_purged_floors":[4],"is_endless":false,"potions_floor_spawned":[2,10,12],"killed_by":"Centurion and Healer","ascension_level":20}}