{"host":"g61l9u03ah4b44ex","time":1610947733,"event":{"mods":["Aspiration","BaseMod","Better Altar","Better Match","Better Sensory Stone","Better Skull","Better Third Choice","Conspire","Downfall","Hubris","Minty Spire (QoL Compilation)","Robot Space Explorer","Spicy Shops","StSLib","The Marked","Waifu the Spire"],"gold_per_floor":[99,113,131,131,147,164,164,30,65,65,50,81,6,21,39,139,139,139,150,250,250,250,284,284,43,43,53,53,31,31,16,36,140,140,40,57,88,100,112,129,152,152,187,187,87,107,7,38,54,54,54,86,14,14,14,14],"floor_reached":57,"language":"ENG","playtime":6590,"items_purged":["conspire:GhostlyStrike"],"score":1489,"play_id":"0961f805-a4ac-4c3c-9f4c-d940942b9829","local_time":"20210118132853","is_ascension_mode":true,"campfire_choices":[{"data":"Guardian:CurlUp","floor":1.0,"key":"SMITH"},{"data":"Guardian:DonusPower","floor":10.0,"key":"SMITH"},{"data":"Guardian:BaubleBeam","floor":18.0,"key":"SMITH"},{"data":"Guardian:FastForward","floor":26.0,"key":"SMITH"},{"data":"Guardian:Orbwalk","floor":28.0,"key":"SMITH"},{"data":"Guardian:TwinSlam","floor":30.0,"key":"SMITH"},{"floor":35,"key":"RECALL"},{"data":"Guardian:CompilePackage","floor":45,"key":"SMITH"},{"data":"Guardian:BronzeOrb","floor":47,"key":"SMITH"},{"floor":54,"key":"REST"}],"circlet_count":0,"master_deck":["conspire:GhostlyStrike","conspire:GhostlyStrike","conspire:GhostlyStrike","conspire:GhostlyDefend","conspire:GhostlyDefend","conspire:GhostlyDefend","conspire:GhostlyDefend","Guardian:CurlUp+1","Guardian:TwinSlam+1","Guardian:DonusPower+1","Guardian:PiercingHide","Guardian:Planning","Guardian:DecasProtection+1","Guardian:SpikerProtocol","Guardian:GuardianWhirl","Guardian:BaubleBeam+1","Guardian:StasisField+1","Guardian:BodySlam+1","Guardian:Orbwalk+1","Guardian:FastForward+1","Guardian:Clone+1","Guardian:Recover","Guardian:Suspension","Guardian:CrystalBeam+1","Guardian:StasisEngine","Guardian:RollAttack+1","Guardian:CompilePackage+1","expansioncontent:DashGenerateEvil","Guardian:DonusPower+1","Guardian:PiercingHide+1","expansioncontent:AwakenDeath","Guardian:ConstructionForm","Guardian:BronzeOrb+1","Guardian:Emergency+1","Guardian:Harden+1","Guardian:Repulse+1"],"relics":["Guardian:ModeShifter","aspiration:FrozenJewel","Ancient Tea Set","Bronze Scales","aspiration:RitualDagger","Nunchaku","SlaversCollar","downfall:HeartBlessingGreen","Bag of Preparation","Orichalcum","downfall:HeartBlessingRed","downfall:HeartBlessingBlue","conspire:Boomerang","Guardian:StasisCodex"],"acts_visited":["Exordium","TheCity","TheBeyond","TheEnding"],"potions_floor_usage":[43,48,50,55,55,56],"damage_taken":[{"damage":4.0,"enemies":"Jaw Worm","floor":2.0,"turns":6.0},{"damage":12.0,"enemies":"conspire:RoseBush","floor":3.0,"turns":6.0},{"damage":0.0,"enemies":"Cultist","floor":5.0,"turns":3.0},{"damage":5.0,"enemies":"Exordium Thugs","floor":6.0,"turns":4.0},{"damage":0.0,"enemies":"downfall:FleeingMerchant","floor":8.0,"turns":4.0},{"damage":0.0,"enemies":"Lagavulin","floor":9.0,"turns":7.0},{"damage":3.0,"enemies":"downfall:FleeingMerchant","floor":11.0,"turns":4.0},{"damage":35.0,"enemies":"Gremlin Nob","floor":12.0,"turns":6.0},{"damage":2.0,"enemies":"2 Fungi Beasts","floor":14.0,"turns":4.0},{"damage":6.0,"enemies":"Blue Slaver","floor":15.0,"turns":3.0},{"damage":0.0,"enemies":"DF_ARCHETYPE_STREAMLINE","floor":16.0,"turns":9.0},{"damage":12.0,"enemies":"Spheric Guardian","floor":19.0,"turns":4.0},{"damage":35.0,"enemies":"Gremlin Leader","floor":23.0,"turns":7.0},{"damage":12.0,"enemies":"downfall:FleeingMerchant","floor":25.0,"turns":4.0},{"damage":35.0,"enemies":"conspire:FuzzyDice","floor":27.0,"turns":4.0},{"damage":12.0,"enemies":"downfall:FleeingMerchant","floor":29.0,"turns":4.0},{"damage":12.0,"enemies":"downfall:FleeingMerchant","floor":31.0,"turns":4.0},{"damage":16.0,"enemies":"Snake Plant","floor":32.0,"turns":3.0},{"damage":62.0,"enemies":"IC_MUSHROOM_ARCHETYPE","floor":33.0,"turns":10.0},{"damage":13,"enemies":"Orb Walker","floor":36,"turns":3},{"damage":3,"enemies":"downfall:FleeingMerchant","floor":37,"turns":1},{"damage":33,"enemies":"3 Darklings","floor":38,"turns":6},{"damage":24,"enemies":"Maw","floor":39,"turns":8},{"damage":24,"enemies":"Transient","floor":40,"turns":5},{"damage":38,"enemies":"Reptomancer","floor":43,"turns":6},{"damage":3,"enemies":"Spire Growth","floor":46,"turns":1},{"damage":42,"enemies":"Nemesis","floor":48,"turns":6},{"damage":12,"enemies":"4 Shapes","floor":49,"turns":5},{"damage":81,"enemies":"WA_ARCHETYPE_DIVINITY","floor":50,"turns":10},{"damage":133,"enemies":"downfall:CharBossMerchant","floor":52,"turns":9},{"damage":15,"enemies":"downfall:NeowBoss","floor":55,"turns":6},{"damage":99,"enemies":"downfall:NeowBossFinal","floor":56,"turns":13}],"seed_played":"6268504173005147662","potions_obtained":[{"floor":0.0,"key":"hexamod:SoulburnPotion"},{"floor":0.0,"key":"Fire Potion"},{"floor":0.0,"key":"Energy Potion"},{"floor":3.0,"key":"LiquidBronze"},{"floor":5.0,"key":"Guardian:AcceleratePotion"},{"floor":9.0,"key":"hexamod:SoulburnPotion"},{"floor":12.0,"key":"sneckomod:MuddlingPotion"},{"floor":14.0,"key":"SneckoOil"},{"floor":32.0,"key":"Dexterity Potion"},{"floor":33,"key":"hexamod:SoulburnPotion"},{"floor":36,"key":"GamblersBrew"},{"floor":43,"key":"Dexterity Potion"},{"floor":49,"key":"LiquidBronze"}],"is_trial":false,"path_per_floor":["R","M","M","?","M","M","T","$","E","R","$","E","?","M","M","B",null,"R","M","?","?","?","E","T","$","R","M","R","$","R","$","M","B",null,"R","M","?","M","M","M","T","?","E","$","R","M","R","E","M","B",null,"E","$","R","B","B",null],"character_chosen":"GUARDIAN","items_purchased":["Guardian:SpikerProtocol","Guardian:GuardianWhirl","Guardian:Gem_Yellow","Guardian:Recover","SkillPotion","Guardian:Gem_White","expansioncontent:DashGenerateEvil","Bag of Preparation","GamblersBrew"],"campfire_rested":1,"item_purchase_floors":[8,8,25,25,25,29,37,37,53],"current_hp_per_floor":[80,76,64,64,64,59,59,59,59,59,56,21,21,19,13,13,80,80,68,68,68,53,18,18,6,6,75,75,74,74,75,68,39,85,85,83,85,69,81,82,82,72,68,68,68,83,93,70,78,50,95,6,6,34,49,35],"gold":14,"neow_bonus":"THREE_SMALL_POTIONS","is_daily":false,"chose_seed":false,"campfire_upgraded":8,"win_rate":0.0,"timestamp":1610947733,"path_taken":["R","M","M","?","M","M","T","$","E","R","$","E","?","?","M","BOSS","R","M","?","?","?","E","T","$","R","M","R","$","R","$","M","BOSS","BOSS","R","M","?","M","M","M","T","?","E","$","R","M","R","E","M","BOSS","E","$","R","BOSS","BOSS"],"items_purchased_type":["Card","Card","Card","Card","Potion","Card","Card","Relic","Potion"],"build_version":"2020-12-22","purchased_purges":1,"victory":true,"max_hp_per_floor":[80,80,80,80,80,80,80,80,80,80,80,80,80,80,80,80,80,80,80,80,80,85,85,85,85,85,85,85,85,85,85,85,85,85,85,85,85,85,85,85,85,85,85,85,85,85,95,95,95,95,95,95,95,95,95,95],"card_choices":[{"not_picked":["Guardian:Orbwalk","Guardian:WalkerClaw"],"picked":"Guardian:DonusPower","floor":2.0},{"not_picked":["Guardian:VentSteam","Guardian:Gem_White"],"picked":"Guardian:PiercingHide","floor":3.0},{"not_picked":["Guardian:TemporalShield","Guardian:Suspension"],"picked":"Guardian:Planning","floor":5.0},{"not_picked":["Guardian:VentSteam","Guardian:PrimingBeam"],"picked":"Guardian:Gem_Red","floor":6.0},{"not_picked":["Guardian:Suspension","Guardian:TemporalStrike"],"picked":"Guardian:DecasProtection","floor":8.0},{"not_picked":["Guardian:PolyBeam","Guardian:VentSteam"],"picked":"Guardian:Gem_Crimson","floor":9.0},{"not_picked":["Guardian:PiercingHide","Guardian:CrystalBeam"],"picked":"Guardian:BaubleBeam","floor":11.0},{"not_picked":["Guardian:FloatingOrbs","Guardian:TimeBomb"],"picked":"Guardian:Gem_Fragmented","floor":12.0},{"not_picked":["Guardian:ExploitGems+1","Guardian:BaubleBeam+1"],"picked":"Guardian:StasisField+1","floor":13.0},{"not_picked":["Guardian:WalkerClaw+1","Guardian:VentSteam+1"],"picked":"Guardian:BodySlam+1","floor":13.0},{"not_picked":["Guardian:TemporalStrike","Guardian:PrismaticBeam"],"picked":"Guardian:Orbwalk","floor":14.0},{"not_picked":["Guardian:Planning","Guardian:BodySlam"],"picked":"Guardian:FastForward","floor":15.0},{"not_picked":["Guardian:BaubleBeam","Guardian:ConstructionForm"],"picked":"Guardian:Gem_Synthetic","floor":16.0},{"not_picked":["Guardian:Gem_Green","Guardian:BodySlam"],"picked":"Guardian:Clone+1","floor":19.0},{"not_picked":["Guardian:PrimingBeam","Guardian:CrystalBeam"],"picked":"Guardian:Gem_Cyan","floor":23.0},{"not_picked":["Guardian:ShieldCharger","Guardian:FloatingOrbs"],"picked":"Guardian:Gem_Synthetic","floor":25.0},{"not_picked":["Guardian:Gem_Lightblue","Guardian:Recover"],"picked":"Guardian:Suspension","floor":27.0},{"not_picked":["Guardian:PrimingBeam+1","Guardian:PrismaticBeam","Guardian:Planning"],"picked":"SKIP","floor":29.0},{"not_picked":["Guardian:BodySlam","Guardian:Gem_Fragmented"],"picked":"Guardian:CrystalBeam+1","floor":31.0},{"not_picked":["Guardian:RollAttack","Guardian:Repulse","Guardian:TemporalShield"],"picked":"SKIP","floor":32.0},{"not_picked":["Guardian:Gem_Synthetic","Guardian:GemFinder"],"picked":"Guardian:StasisEngine","floor":33},{"not_picked":["Guardian:Gem_Purple","Guardian:TemporalStrike+1"],"picked":"Guardian:RollAttack+1","floor":36},{"not_picked":["Guardian:Gem_Yellow","Guardian:ChargeUp"],"picked":"Guardian:CompilePackage","floor":37},{"not_picked":["Guardian:CrystalBeam+1","Guardian:Gem_Green","Guardian:Reroute"],"picked":"SKIP","floor":38},{"not_picked":["Guardian:Reroute+1","Guardian:Gem_Cyan"],"picked":"Guardian:DonusPower+1","floor":39},{"not_picked":["Guardian:VentSteam","Guardian:Suspension"],"picked":"Guardian:PiercingHide+1","floor":40},{"not_picked":["expansioncontent:HyperBeam","expansioncontent:PolyBeam"],"picked":"expansioncontent:AwakenDeath","floor":42},{"not_picked":["Guardian:Gem_White","Guardian:TemporalStrike+1"],"picked":"Guardian:ConstructionForm","floor":43},{"not_picked":["Guardian:Gem_Red","Guardian:TemporalShield+1"],"picked":"Guardian:BronzeOrb","floor":46},{"not_picked":["Guardian:Suspension+1","Guardian:WalkerClaw"],"picked":"Guardian:Emergency+1","floor":48},{"not_picked":["Guardian:PrimingBeam+1","Guardian:WalkerClaw"],"picked":"Guardian:Harden+1","floor":49},{"not_picked":["Guardian:RollAttack","Guardian:Gem_Yellow"],"picked":"Guardian:Repulse+1","floor":52}],"player_experience":838617,"relics_obtained":[{"floor":7.0,"key":"aspiration:FrozenJewel"},{"floor":9.0,"key":"Ancient Tea Set"},{"floor":12.0,"key":"Bronze Scales"},{"floor":23.0,"key":"Nunchaku"},{"floor":43,"key":"Orichalcum"},{"floor":48,"key":"conspire:Boomerang"},{"floor":52,"key":"Guardian:StasisCodex"}],"event_choices":[{"damage_healed":0.0,"max_hp_gain":0.0,"max_hp_loss":0.0,"gold_gain":0.0,"event_name":"conspire:LoneGhost","player_choice":"Agree","floor":4.0,"gold_loss":0.0,"damage_taken":0.0},{"damage_healed":0.0,"max_hp_gain":0.0,"max_hp_loss":0.0,"gold_gain":0.0,"event_name":"betterMatch:BetterMatch","player_choice":"2","floor":13.0,"gold_loss":0.0,"damage_taken":0.0,"cards_obtained":["betterMatch:RareCard","betterMatch:CommonCard"]}],"is_beta":false,"boss_relics":[{"not_picked":["hubris:HollowSoul","Snecko Eye"],"picked":"aspiration:RitualDagger"},{"not_picked":["Velvet Choker","aspiration:FutureDiary"],"picked":"SlaversCollar"}],"items_purged_floors":[25],"is_endless":false,"potions_floor_spawned":[3,5,9,12,14,32,33,36,43,49],"ascension_level":3}}