{"host":"ojme7g6xlqwffsso","time":1610946926,"event":{"mods":["BaseMod","Downfall","Lobotomy","Minty Spire (QoL Compilation)","StSLib"],"gold_per_floor":[113,122,172,205,240,284,284,284,284],"floor_reached":8,"language":"ENG","playtime":342,"items_purged":[],"score":112,"play_id":"44a4f8fe-7578-4f47-b4f6-8ec16983e6be","local_time":"20210118141526","is_ascension_mode":true,"campfire_choices":[],"circlet_count":0,"master_deck":["AscendersBane","Strike_R","Strike_R","Strike_R","Strike_R","Strike_R","Defend_R","Defend_R","Defend_R","Defend_R","Bash","Iron Wave","SpiderBud","Regret","Scarecrow","Headbutt","CrumblingArmor","Evolve","Uppercut","ShyLook"],"relics":["Burning Blood","CogitoBucket","CeramicFish","Ancient Tea Set","Omamori"],"acts_visited":["Exordium"],"potions_floor_usage":[6],"damage_taken":[{"damage":7,"enemies":"Cultist","floor":1,"turns":4},{"damage":19,"enemies":"Small Slimes","floor":4,"turns":5},{"damage":4,"enemies":"2 Louse","floor":5,"turns":3},{"damage":58,"enemies":"3 Sentries","floor":6,"turns":9},{"damage":9,"enemies":"Lagavulin","floor":8,"turns":2}],"seed_played":"-7388492426806287401","potions_obtained":[{"floor":1,"key":"Block Potion"},{"floor":6,"key":"Dexterity Potion"}],"is_trial":false,"path_per_floor":["M","?","?","M","M","E","?","E"],"character_chosen":"IRONCLAD","items_purchased":[],"campfire_rested":0,"item_purchase_floors":[],"current_hp_per_floor":[67,67,67,54,56,8,3,0,0],"gold":284,"neow_bonus":"","is_daily":false,"chose_seed":false,"campfire_upgraded":0,"win_rate":0.0,"timestamp":1610946926,"path_taken":["M","?","?","M","?","E","?","E"],"items_purchased_type":[],"build_version":"2020-12-22","purchased_purges":0,"victory":false,"max_hp_per_floor":[75,75,75,75,75,75,75,75,75],"card_choices":[{"not_picked":["Clothesline","Warcry"],"picked":"Iron Wave","floor":1},{"not_picked":["Scorched","MHz"],"picked":"SpiderBud","floor":1},{"not_picked":["MHz","UniverseFragment"],"picked":"Scarecrow","floor":4},{"not_picked":["Flex","Clash"],"picked":"Headbutt","floor":4},{"not_picked":["OldLady","OSAHOGD"],"picked":"CrumblingArmor","floor":5},{"not_picked":["Flex","Cleave"],"picked":"Evolve","floor":5},{"not_picked":["Barricade","Seeing Red"],"picked":"Uppercut","floor":6},{"not_picked":["RedShoes","Freischutz"],"picked":"ShyLook","floor":6}],"player_experience":880633,"relics_obtained":[{"floor":6,"key":"Ancient Tea Set"}],"event_choices":[{"damage_healed":0,"gold_gain":0,"player_choice":"Box","damage_taken":0,"relics_obtained":["CeramicFish"],"max_hp_gain":0,"max_hp_loss":0,"event_name":"Big Fish","floor":2,"gold_loss":0,"cards_obtained":["Regret"]},{"damage_healed":0,"gold_gain":50,"player_choice":"Pray","damage_taken":0,"max_hp_gain":0,"max_hp_loss":0,"event_name":"Golden Shrine","floor":3,"gold_loss":0},{"damage_healed":0,"gold_gain":0,"player_choice":"Success","damage_taken":5,"relics_obtained":["Omamori"],"max_hp_gain":0,"max_hp_loss":0,"event_name":"Scrap Ooze","floor":7,"gold_loss":0}],"is_beta":false,"boss_relics":[],"items_purged_floors":[],"is_endless":false,"potions_floor_spawned":[1,6],"killed_by":"Lagavulin","ascension_level":20}}