{"host":"cv77zuuuekizn3ic","time":1610959846,"event":{"mods":["AchievementEnabler","BaseMod","Downfall","Marisa£®ÏF”Í°°ƒß¿Ì…≥£©","Minty Spire (QoL Compilation)","StSLib"],"gold_per_floor":[99,119,569,55,55,72,72,72,82,67,67,97,107,107,117,117,117],"floor_reached":16,"language":"ZHS","playtime":3214,"items_purged":["downfall:Icky"],"score":100,"play_id":"2e717968-f12d-465e-a45d-b46bcd7f8f8d","local_time":"20210118165046","is_ascension_mode":false,"campfire_choices":[{"data":"bronze:Goto","floor":1.0,"key":"SMITH"},{"data":"expansioncontent:QuickStudy","floor":11.0,"key":"SMITH"}],"circlet_count":0,"master_deck":["bronze:Strike","bronze:Defend","bronze:Defend","bronze:Defend","bronze:Defend","bronze:Replicate+1","bronze:Goto+1","CurseOfTheBell","bronze:Iterate+1","downfall:Icky","downfall:Icky","bronze:ChosenStrike+1","expansioncontent:QuickStudy+1","bronze:BronzeOrb+1","bronze:Branch+1","bronze:Shell","bronze:Repulsor","bronze:BuggyMess","bronze:BronzeArmor","downfall:Bewildered","bronze:SpaghettiCode","bronze:Shell"],"relics":["Calling Bell","Happy Flower","Molten Egg 2","WingedGreaves","Bag of Marbles","Ornamental Fan","Orichalcum"],"acts_visited":["Exordium"],"potions_floor_usage":[13,16],"damage_taken":[{"damage":4.0,"enemies":"Cultist","floor":2.0,"turns":4.0},{"damage":0.0,"enemies":"downfall:FleeingMerchant","floor":4.0,"turns":4.0},{"damage":0.0,"enemies":"Jaw Worm","floor":6.0,"turns":2.0},{"damage":0.0,"enemies":"Small Slimes","floor":9.0,"turns":2.0},{"damage":11.0,"enemies":"downfall:FleeingMerchant","floor":10.0,"turns":4.0},{"damage":23.0,"enemies":"Lagavulin","floor":12.0,"turns":8.0},{"damage":4,"enemies":"Exordium Thugs","floor":13,"turns":3},{"damage":0,"enemies":"Exordium Wildlife","floor":15,"turns":4},{"damage":45,"enemies":"DF_ARCHETYPE_STREAMLINE","floor":16,"turns":6}],"seed_played":"-3781388437423338566","potions_obtained":[{"floor":9.0,"key":"champ:CounterPotion"},{"floor":12.0,"key":"Explosive Potion"},{"floor":13,"key":"SpeedPotion"}],"is_trial":false,"path_per_floor":["R","M","?","$","?","M","T","?","M","$","R","E","M","?","M","B"],"character_chosen":"THE_AUTOMATON","items_purchased":["expansioncontent:QuickStudy","Bag of Marbles","bronze:BronzeOrb+1"],"campfire_rested":0,"item_purchase_floors":[4,4,4],"current_hp_per_floor":[70,66,66,66,66,66,66,66,66,55,55,32,28,28,28,0,0],"gold":117,"neow_bonus":"BOSS_RELIC","is_daily":false,"chose_seed":false,"campfire_upgraded":2,"win_rate":0.0,"timestamp":1610959846,"path_taken":["R","M","?","$","?","?","T","?","?","$","R","E","M","?","M","BOSS"],"items_purchased_type":["Card","Relic","Card"],"build_version":"2020-12-22","purchased_purges":1,"victory":false,"max_hp_per_floor":[70,70,70,70,70,70,70,70,70,70,70,70,70,70,70,70,70],"card_choices":[{"not_picked":["bronze:Branch+1","bronze:WildBeam+1"],"picked":"bronze:Iterate+1","floor":2.0},{"not_picked":["bronze:Deprecate","bronze:ChildClass"],"picked":"bronze:ChosenStrike+1","floor":4.0},{"not_picked":["bronze:CutThrough+1","bronze:WildBeam+1"],"picked":"bronze:Branch+1","floor":6.0},{"not_picked":["bronze:ChosenStrike+1","bronze:WildBeam+1","bronze:FineTuning"],"picked":"SKIP","floor":9.0},{"not_picked":["bronze:Flail+1","bronze:ShipIt+1","bronze:BuggyMess"],"picked":"SKIP","floor":10.0},{"not_picked":["bronze:GetLatest","bronze:Turbo"],"picked":"bronze:Shell","floor":12.0},{"not_picked":["bronze:Separator+1","bronze:GetLatest"],"picked":"bronze:Repulsor","floor":13},{"not_picked":["bronze:CutThrough+1","bronze:GetLatest"],"picked":"bronze:Shell","floor":15}],"player_experience":984136,"relics_obtained":[{"floor":0.0,"key":"Happy Flower"},{"floor":0.0,"key":"Molten Egg 2"},{"floor":0.0,"key":"WingedGreaves"},{"floor":7.0,"key":"Ornamental Fan"},{"floor":12.0,"key":"Orichalcum"}],"event_choices":[{"damage_healed":0.0,"max_hp_gain":0.0,"max_hp_loss":0.0,"gold_gain":0.0,"event_name":"NoteForYourself","player_choice":"Ignored","floor":8.0,"gold_loss":0.0,"damage_taken":0.0}],"is_beta":false,"boss_relics":[],"items_purged_floors":[4],"is_endless":false,"potions_floor_spawned":[9,12,13],"killed_by":"DF_ARCHETYPE_STREAMLINE","ascension_level":0}}