{"host":"q9718omregw4er46","time":1610996841,"event":{"mods":["BaseMod","Bestiary","Colored Powertips","Minty Spire (QoL Compilation)","Quick Restart","Relic Stats"],"gold_per_floor":[113,123,136,136,136,176,176,176,176],"floor_reached":8,"language":"ENG","playtime":137,"items_purged":[],"score":112,"play_id":"9cf21f43-63cc-417d-9822-980f4948a51b","local_time":"20210119000721","is_ascension_mode":true,"campfire_choices":[{"floor":7,"key":"REST"}],"circlet_count":0,"master_deck":["AscendersBane","Strike_P","Strike_P","Strike_P","Strike_P","Defend_P","Defend_P","Defend_P","Defend_P","Eruption","Vigilance","Wallop+1","SashWhip","BowlingBash","Omniscience"],"relics":["PureWater","NeowsBlessing","Golden Idol","Orichalcum"],"acts_visited":["Exordium"],"potions_floor_usage":[6],"damage_taken":[{"damage":0,"enemies":"Cultist","floor":1,"turns":1},{"damage":0,"enemies":"2 Louse","floor":2,"turns":1},{"damage":0,"enemies":"Jaw Worm","floor":3,"turns":1},{"damage":13,"enemies":"3 Sentries","floor":6,"turns":6},{"damage":53,"enemies":"Gremlin Nob","floor":8,"turns":4}],"seed_played":"1188938724796775050","potions_obtained":[{"floor":1,"key":"Block Potion"},{"floor":6,"key":"Block Potion"}],"is_trial":false,"path_per_floor":["M","M","M","?","?","E","R","E"],"character_chosen":"WATCHER","items_purchased":[],"campfire_rested":1,"item_purchase_floors":[],"current_hp_per_floor":[61,61,61,38,38,25,45,0,0],"gold":176,"neow_bonus":"THREE_ENEMY_KILL","is_daily":false,"chose_seed":false,"campfire_upgraded":0,"win_rate":0.0,"timestamp":1610996841,"path_taken":["M","M","?","?","?","E","R","E"],"items_purchased_type":[],"build_version":"2020-12-22","purchased_purges":0,"victory":false,"max_hp_per_floor":[68,68,68,68,68,68,68,68,68],"relic_stats":{"counters":[5,13],"Golden Idol":8,"Orichalcum":[12],"obtain_stats":[{"NeowsBlessing":0,"Golden Idol":4,"PureWater":0,"Orichalcum":6},{"NeowsBlessing":0,"Golden Idol":3,"PureWater":0,"Orichalcum":4},{"NeowsBlessing":0,"Golden Idol":3,"PureWater":0,"Orichalcum":9}]},"card_choices":[{"not_picked":["Prostrate","Consecrate"],"picked":"Wallop","floor":1},{"not_picked":["PathToVictory","ThirdEye"],"picked":"SashWhip","floor":2},{"not_picked":["FlyingSleeves","Wireheading"],"picked":"BowlingBash","floor":3},{"not_picked":["EmptyFist","FollowUp"],"picked":"Omniscience","floor":6}],"player_experience":1221681,"relics_obtained":[{"floor":6,"key":"Orichalcum"}],"event_choices":[{"damage_healed":0,"gold_gain":0,"player_choice":"Take Damage","damage_taken":23,"relics_obtained":["Golden Idol"],"max_hp_gain":0,"max_hp_loss":0,"event_name":"Golden Idol","floor":4,"gold_loss":0},{"damage_healed":0,"gold_gain":0,"player_choice":"Grow","damage_taken":0,"max_hp_gain":0,"max_hp_loss":0,"event_name":"Living Wall","floor":5,"gold_loss":0,"cards_upgraded":["Wallop"]}],"is_beta":false,"boss_relics":[],"items_purged_floors":[],"is_endless":false,"potions_floor_spawned":[1,6],"killed_by":"Gremlin Nob","ascension_level":20}}