{"host":"7knmrn95sg4xnyj1","time":1610981763,"event":{"mods":["Act Like it!","BaseMod","Minty Spire (QoL Compilation)","Quick Restart","Relic Stats","RumiaBox-露米娅的神秘盒子","StSLib","[IsaacMod]以撒尖塔"],"gold_per_floor":[114,131,143,143,153,153,180,195,264,264,264,264],"floor_reached":11,"language":"ZHS","playtime":616,"items_purged":[],"score":90,"play_id":"ba4b55d8-0a68-4174-9395-59b7005f3fb9","local_time":"20210118225603","is_ascension_mode":true,"campfire_choices":[{"data":"Genetic Algorithm","floor":6.0,"key":"SMITH"}],"circlet_count":0,"master_deck":["Strike_B","Strike_B","Strike_B","Strike_B","Defend_B","Defend_B","Defend_B","Defend_B","Zap","Dualcast","Sweeping Beam","Streamline","Melter","Hologram","Genetic Algorithm+1","Reboot","Hologram","Injury"],"relics":["Cracked Core","HushsDoor","DeadEye","Art of War","Blue Candle","Golden Idol"],"acts_visited":["Exordium"],"potions_floor_usage":[11],"damage_taken":[{"damage":0.0,"enemies":"Cultist","floor":1.0,"turns":2.0},{"damage":0.0,"enemies":"Small Slimes","floor":2.0,"turns":2.0},{"damage":6.0,"enemies":"2 Louse","floor":3.0,"turns":2.0},{"damage":9.0,"enemies":"Red Slaver","floor":5.0,"turns":3.0},{"damage":36.0,"enemies":"Lagavulin","floor":7.0,"turns":5.0},{"damage":9.0,"enemies":"Blue Slaver","floor":8.0,"turns":3.0},{"damage":31,"enemies":"Gremlin Nob","floor":11,"turns":3}],"seed_played":"2612662276156269126","potions_obtained":[{"floor":2.0,"key":"PotionOfCapacity"},{"floor":7.0,"key":"Dexterity Potion"}],"is_trial":false,"path_per_floor":["M","M","M","?","M","R","E","M","T","?","E"],"character_chosen":"DEFECT","items_purchased":[],"campfire_rested":0,"item_purchase_floors":[],"current_hp_per_floor":[75,75,69,69,60,60,24,15,15,15,0,0],"gold":264,"neow_bonus":"THREE_CARDS","is_daily":false,"chose_seed":false,"campfire_upgraded":1,"win_rate":0.0,"timestamp":1610981763,"path_taken":["M","?","M","?","?","R","E","M","T","?","E"],"items_purchased_type":[],"build_version":"2020-12-22","purchased_purges":0,"victory":false,"max_hp_per_floor":[75,75,75,75,75,75,75,75,75,75,75,75],"relic_stats":{"counters":[7,20],"Golden Idol":0,"Blue Candle":[1],"Art of War":[2],"obtain_stats":[{"KeepersGift":0,"Golden Idol":10,"Blue Candle":9,"Art of War":7,"DeadEye":0,"Cracked Core":0,"HushsDoor":0},{"KeepersGift":0,"Golden Idol":6,"Blue Candle":6,"Art of War":5,"DeadEye":0,"Cracked Core":0,"HushsDoor":0},{"KeepersGift":0,"Golden Idol":17,"Blue Candle":17,"Art of War":14,"DeadEye":0,"Cracked Core":0,"HushsDoor":0}]},"card_choices":[{"not_picked":[],"picked":"ChaosCard","floor":0.0},{"not_picked":["Doom and Gloom","Stack"],"picked":"Sweeping Beam","floor":0.0},{"not_picked":["Compile Driver","Sweeping Beam"],"picked":"Streamline","floor":1.0},{"not_picked":["Undo","Darkness"],"picked":"Melter","floor":2.0},{"not_picked":["Leap","Streamline"],"picked":"Hologram","floor":3.0},{"not_picked":["Turbo","Fan"],"picked":"Genetic Algorithm","floor":5.0},{"not_picked":["Turbo","Leap"],"picked":"Reboot","floor":7.0},{"not_picked":["Consume","Darkness"],"picked":"Hologram","floor":8.0}],"player_experience":1081827,"relics_obtained":[{"floor":7.0,"key":"Art of War"},{"floor":9.0,"key":"Blue Candle"}],"event_choices":[{"damage_healed":0.0,"max_hp_gain":0.0,"max_hp_loss":0.0,"gold_gain":0.0,"event_name":"Shining Light","player_choice":"Ignored","floor":4.0,"gold_loss":0.0,"damage_taken":0.0},{"damage_healed":0.0,"max_hp_gain":0.0,"max_hp_loss":0.0,"gold_gain":0.0,"event_name":"Golden Idol","player_choice":"Take Wound","floor":10.0,"gold_loss":0.0,"damage_taken":0.0,"relics_obtained":["Golden Idol"],"cards_obtained":["Injury"]}],"is_beta":false,"boss_relics":[],"items_purged_floors":[],"is_endless":false,"potions_floor_spawned":[2,7],"killed_by":"Gremlin Nob","ascension_level":4}}