{"host":"uxq2rly8rxtwffuf","time":1610976073,"event":{"mods":["BaseMod","Koishi","Minty Spire (QoL Compilation)","StSLib","The Servant 0.9.4"],"gold_per_floor":[119,119,119,138,59,59,59,59,83,83,83,93,104,179,179,283,283,273,103,117,17,17,17,17,17],"floor_reached":24,"language":"ENG","playtime":714,"items_purged":["Defend_G","Strike_G"],"score":291,"play_id":"890b4f0e-92ef-45d0-a2b9-12f3d0a6343a","local_time":"20210118162113","is_ascension_mode":true,"campfire_choices":[{"data":"Backstab","floor":6,"key":"SMITH"},{"floor":8,"key":"RECALL"},{"data":"Finisher","floor":11,"key":"SMITH"},{"data":"Footwork","floor":15,"key":"SMITH"},{"floor":23,"key":"REST"}],"circlet_count":0,"master_deck":["AscendersBane","Strike_G","Strike_G","Strike_G","Strike_G","Defend_G","Defend_G","Defend_G","Defend_G","Survivor","Neutralize","Riddle With Holes+1","Finisher+1","Backstab+1","Footwork+1","Dodge and Roll","A Thousand Cuts","Dodge and Roll","Flash of Steel","Dagger Spray"],"relics":["Ring of the Snake","PreservedInsect","SacredBark"],"acts_visited":["Exordium","TheCity"],"potions_floor_usage":[16,16,16,16,18,24],"damage_taken":[{"damage":1,"enemies":"Jaw Worm","floor":1,"turns":7},{"damage":0,"enemies":"Small Slimes","floor":4,"turns":4},{"damage":0,"enemies":"Cultist","floor":12,"turns":2},{"damage":0,"enemies":"Blue Slaver","floor":13,"turns":1},{"damage":36,"enemies":"Hexaghost","floor":16,"turns":9},{"damage":8,"enemies":"2 Thieves","floor":18,"turns":4},{"damage":19,"enemies":"Shell Parasite","floor":20,"turns":10},{"damage":46,"enemies":"Cultist and Chosen","floor":24,"turns":10}],"seed_played":"-6439254080667936775","potions_obtained":[{"floor":4,"key":"Poison Potion"},{"floor":10,"key":"EntropicBrew"},{"floor":16,"key":"Weak Potion"},{"floor":18,"key":"Block Potion"}],"is_trial":false,"path_per_floor":["M","?","?","M","$","R","$","R","T","?","R","M","M","?","R","B",null,"M","$","M","$","?","R","M"],"character_chosen":"THE_SILENT","items_purchased":["Backstab","Flash of Steel"],"campfire_rested":1,"item_purchase_floors":[5,19],"current_hp_per_floor":[69,69,69,69,69,69,69,69,69,69,69,69,69,58,58,22,63,55,55,36,36,22,46,0,0],"gold":17,"neow_bonus":"TEN_PERCENT_HP_BONUS","is_daily":false,"chose_seed":false,"campfire_upgraded":3,"win_rate":0.0,"timestamp":1610976073,"path_taken":["M","?","?","M","$","R","?","R","T","?","R","?","M","?","R","BOSS","M","$","M","$","?","R","M"],"items_purchased_type":["Card","Card"],"build_version":"2020-12-22","purchased_purges":2,"victory":false,"max_hp_per_floor":[77,77,77,77,77,77,77,77,77,77,77,77,77,77,77,77,77,77,77,77,77,82,82,82,82],"card_choices":[{"not_picked":["Slice","Dagger Spray"],"picked":"Riddle With Holes","floor":1},{"not_picked":["Dodge and Roll","Sucker Punch"],"picked":"Finisher","floor":4},{"not_picked":["Flying Knee","Cloak And Dagger"],"picked":"Footwork","floor":12},{"not_picked":["Backflip","Outmaneuver"],"picked":"Dodge and Roll","floor":13},{"not_picked":["Night Terror","Tools of the Trade"],"picked":"A Thousand Cuts","floor":16},{"not_picked":["Dash","Calculated Gamble"],"picked":"Dodge and Roll","floor":18},{"not_picked":["Eviscerate+1","Acrobatics"],"picked":"Dagger Spray","floor":20}],"player_experience":1408612,"relics_obtained":[{"floor":9,"key":"PreservedInsect"}],"event_choices":[{"damage_healed":0,"gold_gain":0,"player_choice":"Ignored","damage_taken":0,"max_hp_gain":0,"max_hp_loss":0,"event_name":"Liars Game","floor":2,"gold_loss":0},{"damage_healed":0,"gold_gain":0,"player_choice":"Grow","damage_taken":0,"max_hp_gain":0,"max_hp_loss":0,"event_name":"Living Wall","floor":3,"gold_loss":0,"cards_upgraded":["Riddle With Holes"]},{"damage_healed":0,"gold_gain":0,"player_choice":"Got Potions","damage_taken":0,"max_hp_gain":0,"max_hp_loss":0,"event_name":"Lab","floor":10,"gold_loss":0},{"damage_healed":0,"gold_gain":75,"player_choice":"Gather Gold","damage_taken":11,"max_hp_gain":0,"max_hp_loss":0,"event_name":"World of Goop","floor":14,"gold_loss":0},{"damage_healed":0,"gold_gain":0,"player_choice":"Shed Blood","damage_taken":19,"max_hp_gain":5,"max_hp_loss":0,"event_name":"Forgotten Altar","floor":22,"gold_loss":0}],"is_beta":false,"boss_relics":[{"not_picked":["Runic Dome","Cursed Key"],"picked":"SacredBark"}],"items_purged_floors":[19,21],"is_endless":false,"potions_floor_spawned":[4,16,18],"killed_by":"Cultist and Chosen","ascension_level":12}}