{"host":"hzinic87vu8p95wn","time":1610978933,"event":{"mods":["BaseMod","Minty Spire (QoL Compilation)"],"gold_per_floor":[115,115,32,32,52,87,87,131,178,178,194,194,194,11,11,11,11],"floor_reached":16,"language":"ENG","playtime":299,"items_purged":["Strike_R"],"score":249,"play_id":"063731b3-e391-48a3-be1b-99d8ef067e07","local_time":"20210119010853","is_ascension_mode":true,"campfire_choices":[{"data":"Cleave","floor":7.0,"key":"SMITH"},{"data":"Whirlwind","floor":10,"key":"SMITH"},{"data":"Rampage","floor":13,"key":"SMITH"},{"data":"Armaments","floor":15,"key":"SMITH"}],"circlet_count":0,"master_deck":["AscendersBane","Strike_R","Strike_R","Strike_R","Defend_R","Defend_R","Defend_R","Defend_R","Bash","Metallicize","Evolve","Rampage+1","Cleave+1","Whirlwind+1","Disarm","Anger","Armaments+1"],"relics":["Burning Blood","NeowsBlessing","Golden Idol","Art of War","Oddly Smooth Stone","Regal Pillow"],"acts_visited":["Exordium"],"potions_floor_usage":[12,16],"damage_taken":[{"damage":0.0,"enemies":"2 Louse","floor":1.0,"turns":1.0},{"damage":0.0,"enemies":"Jaw Worm","floor":5.0,"turns":1.0},{"damage":0.0,"enemies":"Gremlin Nob","floor":6.0,"turns":1.0},{"damage":34,"enemies":"Lagavulin","floor":8,"turns":7},{"damage":0,"enemies":"Small Slimes","floor":11,"turns":2},{"damage":18,"enemies":"Slime Boss","floor":16,"turns":7}],"seed_played":"-8118682653247503212","potions_obtained":[{"floor":1.0,"key":"LiquidBronze"},{"floor":8,"key":"Block Potion"},{"floor":12,"key":"Fruit Juice"},{"floor":12,"key":"FearPotion"}],"is_trial":false,"path_per_floor":["M","?","$","?","M","E","R","E","T","R","M","?","R","$","R","B"],"character_chosen":"IRONCLAD","items_purchased":["Evolve","Anger","Armaments"],"campfire_rested":0,"item_purchase_floors":[3,14,14],"current_hp_per_floor":[74,48,48,48,54,60,60,32,32,32,38,43,43,43,43,25,25],"gold":11,"neow_bonus":"THREE_ENEMY_KILL","is_daily":false,"chose_seed":false,"campfire_upgraded":4,"win_rate":0.0,"timestamp":1610978933,"path_taken":["M","?","?","?","?","E","R","E","T","R","M","?","R","$","R","BOSS"],"items_purchased_type":["Card","Card","Card"],"build_version":"2020-12-22","purchased_purges":1,"victory":false,"max_hp_per_floor":[75,75,75,75,75,75,75,75,75,75,75,80,80,80,80,80,80],"card_choices":[{"not_picked":["Burning Pact","Clothesline"],"picked":"Metallicize","floor":1.0},{"not_picked":["Body Slam","Power Through"],"picked":"Rampage","floor":5.0},{"not_picked":["Reaper","Headbutt"],"picked":"Cleave","floor":6.0},{"not_picked":["Second Wind","Infernal Blade"],"picked":"Whirlwind","floor":8},{"not_picked":["Dropkick","Thunderclap"],"picked":"Disarm","floor":11}],"player_experience":1584420,"relics_obtained":[{"floor":6.0,"key":"Art of War"},{"floor":8,"key":"Oddly Smooth Stone"},{"floor":9,"key":"Regal Pillow"}],"event_choices":[{"damage_healed":0.0,"max_hp_gain":0.0,"max_hp_loss":0.0,"gold_gain":0.0,"event_name":"Golden Idol","player_choice":"Take Damage","floor":2.0,"gold_loss":0.0,"damage_taken":26.0,"relics_obtained":["Golden Idol"]},{"cards_removed":["Strike_R"],"damage_healed":0.0,"max_hp_gain":0.0,"max_hp_loss":0.0,"gold_gain":0.0,"event_name":"Bonfire Elementals","player_choice":"Offered Basic","floor":4.0,"gold_loss":0.0,"damage_taken":0.0},{"damage_healed":0,"gold_gain":0,"player_choice":"Got Potions","damage_taken":0,"max_hp_gain":0,"max_hp_loss":0,"event_name":"Lab","floor":12,"gold_loss":0}],"is_beta":false,"boss_relics":[],"items_purged_floors":[14],"is_endless":false,"potions_floor_spawned":[1,8,11],"killed_by":"Slime Boss","ascension_level":18}}