{"host":"Krakhan","time":1610929897,"event":{"mods":["AchievementEnabler","BaseMod","Colored Map","Colored Powertips","Faster Ascension Climbing","Highlight Path","Minty Spire (QoL Compilation)","Rare Cards Sparkle","Relic Stats","StSLib"],"gold_per_floor":[116,66,66,85,97,125,125,150,150,4,16,16,16,35,35,132,132,142,241,257,205,130,130,130,130,204,234,234,234,234,244,244,343,343,362,373,373,373,383,383,416,416,416,449,468,494,510,65,65,65,65,65,65,92,92],"floor_reached":56,"language":"ENG","playtime":3597,"items_purged":["Havoc","Feel No Pain+1"],"score":1413,"play_id":"0d416f38-65ec-4f4f-88aa-1b99f45f1fb4","local_time":"20210117193137","is_ascension_mode":true,"campfire_choices":[{"data":"Evolve","floor":7.0,"key":"SMITH"},{"data":"Dark Embrace","floor":12.0,"key":"SMITH"},{"data":"Fire Breathing","floor":15.0,"key":"SMITH"},{"data":"Power Through","floor":23,"key":"SMITH"},{"data":"Dropkick","floor":25,"key":"SMITH"},{"data":"Dropkick","floor":29,"key":"SMITH"},{"floor":32,"key":"RECALL"},{"data":"Second Wind","floor":40,"key":"SMITH"},{"floor":42,"key":"REST"},{"floor":49,"key":"REST"},{"floor":52,"key":"REST"}],"circlet_count":0,"master_deck":["Bash+1","Pommel Strike+1","Evolve+1","Power Through+1","Dark Embrace+1","Dropkick+1","Fire Breathing+1","Dropkick+1","Shrug It Off+1","Second Wind+1","Rage+1"],"relics":["Pandora\u0027s Box","Whetstone","Question Card","Red Skull","Empty Cage","InkBottle","Thread and Needle","Runic Cube","The Courier","Bottled Lightning","Meat on the Bone","Bottled Flame","Anchor","Du-Vu Doll"],"acts_visited":["Exordium","TheCity","TheBeyond","TheEnding"],"potions_floor_usage":[55],"damage_taken":[{"damage":8.0,"enemies":"Jaw Worm","floor":1.0,"turns":3.0},{"damage":0.0,"enemies":"2 Louse","floor":4.0,"turns":2.0},{"damage":0.0,"enemies":"Cultist","floor":5.0,"turns":3.0},{"damage":30.0,"enemies":"3 Sentries","floor":6.0,"turns":10.0},{"damage":0.0,"enemies":"Lagavulin","floor":8.0,"turns":3.0},{"damage":9.0,"enemies":"Blue Slaver","floor":11.0,"turns":3.0},{"damage":0.0,"enemies":"Exordium Thugs","floor":14.0,"turns":3.0},{"damage":8.0,"enemies":"Hexaghost","floor":16.0,"turns":4.0},{"damage":10.0,"enemies":"Chosen","floor":18.0,"turns":3.0},{"damage":0.0,"enemies":"Shell Parasite","floor":20.0,"turns":3.0},{"damage":7,"enemies":"Slavers","floor":27,"turns":3},{"damage":8,"enemies":"Shelled Parasite and Fungi","floor":31,"turns":4},{"damage":29,"enemies":"Champ","floor":33,"turns":4},{"damage":8,"enemies":"Orb Walker","floor":35,"turns":4},{"damage":0,"enemies":"3 Shapes","floor":36,"turns":4},{"damage":0,"enemies":"Maw","floor":39,"turns":4},{"damage":0,"enemies":"Reptomancer","floor":41,"turns":4},{"damage":30,"enemies":"Nemesis","floor":44,"turns":3},{"damage":0,"enemies":"Spire Growth","floor":45,"turns":5},{"damage":0,"enemies":"Giant Head","floor":46,"turns":5},{"damage":0,"enemies":"Sphere and 2 Shapes","floor":47,"turns":3},{"damage":40,"enemies":"Awakened One","floor":50,"turns":5},{"damage":39,"enemies":"Shield and Spear","floor":54,"turns":6},{"damage":9,"enemies":"The Heart","floor":55,"turns":5}],"seed_played":"-394490530561725859","potions_obtained":[{"floor":1.0,"key":"SkillPotion"},{"floor":5.0,"key":"SpeedPotion"},{"floor":8.0,"key":"Ancient Potion"},{"floor":11.0,"key":"FairyPotion"},{"floor":13.0,"key":"LiquidMemories"},{"floor":13.0,"key":"Swift Potion"},{"floor":36,"key":"BloodPotion"}],"is_trial":false,"path_per_floor":["M","?","?","M","M","E","R","E","T","$","M","R","?","M","R","B",null,"M","?","M","$","?","R","?","R","T","E","?","R","$","M","R","B",null,"M","M","$","?","M","R","E","R","T","E","M","E","M","$","R","B",null,"R","$","E","B",null],"character_chosen":"IRONCLAD","items_purchased":["Fire Breathing","Block Potion","PowerPotion","Bottled Flame","Anchor"],"campfire_rested":3,"item_purchase_floors":[10,21,48,48,48],"current_hp_per_floor":[72,72,72,72,72,42,42,42,42,42,33,33,33,33,33,25,80,70,70,70,70,70,70,70,70,70,63,63,63,63,55,55,26,80,72,72,72,72,72,72,72,80,80,50,50,50,50,50,74,46,80,80,80,41,44],"gold":92,"neow_bonus":"BOSS_RELIC","is_daily":false,"chose_seed":false,"campfire_upgraded":7,"win_rate":0.0,"timestamp":1610929897,"path_taken":["M","?","?","M","?","E","R","E","T","$","M","R","?","M","R","BOSS","M","?","M","$","?","R","?","R","T","E","?","R","$","M","R","BOSS","M","M","?","?","?","R","E","R","T","E","?","E","M","$","R","BOSS","R","$","E","BOSS"],"items_purchased_type":["Card","Potion","Potion","Relic","Relic"],"build_version":"2020-12-18","purchased_purges":2,"victory":true,"max_hp_per_floor":[80,80,80,80,80,80,80,80,80,80,80,80,80,80,80,80,80,80,80,80,80,80,80,80,80,80,80,80,80,80,80,80,80,80,80,80,80,80,80,80,80,80,80,80,80,80,80,80,80,80,80,80,80,80,80],"relic_stats":{"counters":[24,96],"Pandora\u0027s Box":["Havoc","Pommel Strike","Evolve","Ghostly Armor","Intimidate","Power Through","Dark Embrace","Battle Trance","Infernal Blade"],"Whetstone":["Bash","Pommel Strike"],"Question Card":17,"obtain_stats":[{"Thread and Needle":27,"The Courier":41,"Whetstone":6,"Question Card":8,"Empty Cage":17,"Burning Blood":0,"Du-Vu Doll":54,"Bottled Flame":48,"Anchor":48,"Pandora\u0027s Box":0,"Bottled Lightning":44,"Red Skull":9,"InkBottle":26,"Runic Cube":34,"Meat on the Bone":46},{"Thread and Needle":11,"The Courier":17,"Whetstone":4,"Question Card":5,"Empty Cage":8,"Burning Blood":0,"Du-Vu Doll":23,"Bottled Flame":21,"Anchor":21,"Pandora\u0027s Box":0,"Bottled Lightning":18,"Red Skull":5,"InkBottle":10,"Runic Cube":13,"Meat on the Bone":20},{"Thread and Needle":40,"The Courier":64,"Whetstone":18,"Question Card":21,"Empty Cage":31,"Burning Blood":0,"Du-Vu Doll":91,"Bottled Flame":80,"Anchor":80,"Pandora\u0027s Box":0,"Bottled Lightning":67,"Red Skull":21,"InkBottle":37,"Runic Cube":48,"Meat on the Bone":77}],"InkBottle":[16],"Runic Cube":[18],"Meat on the Bone":24},"card_choices":[{"not_picked":["Combust","Rage"],"picked":"Carnage","floor":1.0},{"not_picked":["Perfected Strike","Iron Wave","Pommel Strike"],"picked":"SKIP","floor":4.0},{"not_picked":["Havoc","Armaments","Thunderclap"],"picked":"SKIP","floor":5.0},{"not_picked":["Flex","Bloodletting"],"picked":"Anger","floor":6.0},{"not_picked":["Perfected Strike","Heavy Blade"],"picked":"Dropkick","floor":8.0},{"not_picked":["Clash","Headbutt","Clothesline"],"picked":"Dropkick","floor":11.0},{"not_picked":["Second Wind","Heavy Blade","Body Slam","Warcry"],"picked":"SKIP","floor":14.0},{"not_picked":["Thunderclap","Clothesline+1","Heavy Blade","Bloodletting"],"picked":"SKIP","floor":18.0},{"not_picked":["Havoc","Thunderclap","Headbutt","Armaments+1"],"picked":"SKIP","floor":20.0},{"not_picked":["Blood for Blood+1","Limit Break","Headbutt+1","Heavy Blade"],"picked":"SKIP","floor":27},{"not_picked":["Bloodletting+1","Clothesline","Iron Wave"],"picked":"Shrug It Off+1","floor":31},{"not_picked":["Shrug It Off+1","Evolve+1","Perfected Strike+1"],"picked":"Second Wind","floor":35},{"not_picked":["Blood for Blood","Seeing Red","Spot Weakness+1"],"picked":"Feel No Pain+1","floor":36},{"not_picked":["Anger+1","Sword Boomerang+1","Second Wind","Iron Wave"],"picked":"SKIP","floor":39},{"not_picked":["Cleave","Armaments+1","Spot Weakness","Heavy Blade+1"],"picked":"SKIP","floor":41},{"not_picked":["Limit Break","Power Through","Clash","Twin Strike+1"],"picked":"SKIP","floor":44},{"not_picked":["Warcry","Clash","Havoc+1"],"picked":"Rage+1","floor":45},{"not_picked":["Fiend Fire","Warcry+1","Combust","Anger+1"],"picked":"SKIP","floor":46},{"not_picked":["Thunderclap","Combust","Shrug It Off+1","True Grit"],"picked":"SKIP","floor":47},{"not_picked":["Sword Boomerang","Flex+1","Corruption","Rupture+1"],"picked":"SKIP","floor":54}],"player_experience":1348417,"relics_obtained":[{"floor":6.0,"key":"Whetstone"},{"floor":8.0,"key":"Question Card"},{"floor":9.0,"key":"Red Skull"},{"floor":26,"key":"InkBottle"},{"floor":27,"key":"Thread and Needle"},{"floor":41,"key":"The Courier"},{"floor":44,"key":"Bottled Lightning"},{"floor":46,"key":"Meat on the Bone"},{"floor":54,"key":"Du-Vu Doll"}],"event_choices":[{"cards_removed":["Infernal Blade"],"damage_healed":0.0,"max_hp_gain":0.0,"max_hp_loss":0.0,"gold_gain":0.0,"event_name":"The Cleric","player_choice":"Card Removal","floor":2.0,"gold_loss":50.0,"damage_taken":0.0},{"cards_removed":["Battle Trance"],"damage_healed":0.0,"max_hp_gain":0.0,"max_hp_loss":0.0,"gold_gain":0.0,"event_name":"Purifier","player_choice":"Purged","floor":3.0,"gold_loss":0.0,"damage_taken":0.0},{"damage_healed":0.0,"max_hp_gain":0.0,"max_hp_loss":0.0,"gold_gain":0.0,"event_name":"Lab","player_choice":"Got Potions","floor":13.0,"gold_loss":0.0,"damage_taken":0.0},{"damage_healed":0.0,"max_hp_gain":0.0,"max_hp_loss":0.0,"gold_gain":99.0,"event_name":"Nest","player_choice":"Stole From Cult","floor":19.0,"gold_loss":0.0,"damage_taken":0.0},{"cards_removed":["Ghostly Armor"],"damage_healed":0,"gold_gain":0,"player_choice":"Gave Gold","damage_taken":0,"max_hp_gain":0,"max_hp_loss":0,"event_name":"Beggar","floor":22,"gold_loss":75},{"cards_removed":["Carnage"],"damage_healed":0,"gold_gain":0,"player_choice":"Elegance","damage_taken":0,"max_hp_gain":0,"max_hp_loss":0,"event_name":"Back to Basics","floor":24,"gold_loss":0},{"damage_healed":0,"gold_gain":0,"player_choice":"Ignored","damage_taken":0,"max_hp_gain":0,"max_hp_loss":0,"event_name":"Transmorgrifier","floor":28,"gold_loss":0},{"damage_healed":0,"gold_gain":0,"player_choice":"Ignored","damage_taken":0,"max_hp_gain":0,"max_hp_loss":0,"event_name":"NoteForYourself","floor":38,"gold_loss":0}],"is_beta":true,"boss_relics":[{"not_picked":["Cursed Key","Busted Crown"],"picked":"Empty Cage"},{"not_picked":["Runic Dome","Velvet Choker"],"picked":"Runic Cube"}],"items_purged_floors":[10,48],"is_endless":false,"potions_floor_spawned":[1,5,8,11,27,31,33,36,39,41],"ascension_level":1}}