{"host":"0av13bfd5y1jedv9","time":1610968528,"event":{"mods":["AchievementEnabler","Act Like it!","Aspiration","BaseMod","Bestiary","Colored Map","Conspire","Hallownest","Hubris","Infinite Spire","Minty Spire (QoL Compilation)","Relic Sorter","Replay The Spire","StSLib","The Bug Knight","The Cursed","The Disciple","The Marked","The Mystic","The Necromancer","The Runesmith","The Senshi"],"gold_per_floor":[113,127,127,227,240,313,313,347,373,392,567,567,602,382,382,478,478,493,493,493,493,553,553,569,569,569,585,610,610,638,347,347,447,447,457,457,475,501,501,533,533,533,607,607,623,623,633,661,707,707],"floor_reached":51,"language":"ENG","playtime":4130,"items_purged":["Doubt"],"score":642,"play_id":"b2cb5d8d-acf3-4ece-b8ad-ae41ffd634b8","local_time":"20210118111528","is_ascension_mode":false,"campfire_choices":[{"data":"mysticmod:HeavyStrike","floor":7,"key":"SMITH"},{"floor":12,"key":"REST"},{"floor":15,"key":"REST"},{"data":"mysticmod:ComponentsPouch","floor":23,"key":"SMITH"},{"data":"mysticmod:Lunge","floor":25,"key":"SMITH"},{"floor":32,"key":"REST"},{"floor":42,"key":"REST"},{"data":"infinitespire:Gouge","floor":44,"key":"SMITH"},{"data":"Madness","floor":46,"key":"SMITH"}],"circlet_count":0,"master_deck":["mysticmod:Strike_Mystic","mysticmod:Strike_Mystic","mysticmod:Strike_Mystic","mysticmod:Strike_Mystic","mysticmod:Defend_Mystic","mysticmod:Defend_Mystic","mysticmod:Defend_Mystic","mysticmod:Defend_Mystic","mysticmod:ArcaneDodge+1","mysticmod:ShockingGrasp","mysticmod:HeavyStrike+1","mysticmod:SpellCombat","mysticmod:DiviningBlow","mysticmod:Fireball","mysticmod:Snowball","mysticmod:CorrosiveTouch","mysticmod:Lunge+1","mysticmod:PureInstinct+1","mysticmod:ComponentsPouch+1","mysticmod:Snowball+1","mysticmod:PowerSlash+1","infinitespire:Gouge+1","mysticmod:Doublecast","CurseOfTheBell","mysticmod:BladeMaster+1","mysticmod:Feint+1","mysticmod:SuddenClarity+1","Madness","Madness+1","mysticmod:Spellstrike"],"relics":["mysticmod:SpellBook","hubris:Icosahedron","War Paint","NeowsBlessing","hubris:PeanutButter","aspiration:FrozenJewel","Orichalcum","Shuriken","mysticmod:BentSpoon","Enchiridion","mysticmod:TrainingManual","infinitespire:PuzzleCube","Simple Rune","conspire:TopHat","Ice Cream","Calling Bell","Prayer Wheel","ReplayTheSpireMod:Shallot","hubris:ToyBattleship","hubris:Towel","aspiration:ChemicalBlood","aspiration:SeaSaltIceCream","aspiration:Nostalgia","Sizzling Blood","Potion Belt","Dead Branch"],"acts_visited":["Exordium","TheCity","TheBeyond"],"potions_floor_usage":[8,28,28,30,33,47,50,50,50,50,50,50,50],"damage_taken":[{"damage":0,"enemies":"2 Louse","floor":1,"turns":1},{"damage":0,"enemies":"Cultist","floor":2,"turns":1},{"damage":0,"enemies":"conspire:RoseBush","floor":5,"turns":1},{"damage":49,"enemies":"Lagavulin","floor":8,"turns":9},{"damage":0,"enemies":"Exordium Wildlife","floor":10,"turns":5},{"damage":18,"enemies":"Replay:BlueRogue","floor":13,"turns":7},{"damage":23,"enemies":"Fading Forest","floor":16,"turns":11},{"damage":0,"enemies":"Spheric Guardian","floor":18,"turns":3},{"damage":0,"enemies":"3 Byrds","floor":24,"turns":4},{"damage":0,"enemies":"3 Cultists","floor":27,"turns":3},{"damage":12,"enemies":"Nightmare","floor":28,"turns":7},{"damage":0,"enemies":"Gremlin Leader","floor":30,"turns":4},{"damage":25,"enemies":"Champ","floor":33,"turns":8},{"damage":0,"enemies":"Orb Walker","floor":35,"turns":1},{"damage":0,"enemies":"3 Shapes","floor":37,"turns":3},{"damage":27,"enemies":"Giant Head","floor":40,"turns":7},{"damage":0,"enemies":"Jaw Worm Horde","floor":45,"turns":4},{"damage":17,"enemies":"3 Darklings","floor":47,"turns":4},{"damage":0,"enemies":"conspire:MimicChest","floor":48,"turns":3},{"damage":8,"enemies":"2 Orb Walkers","floor":49,"turns":4},{"damage":59,"enemies":"Replay:Hell Engine","floor":50,"turns":10}],"seed_played":"-3661012558182462378","potions_obtained":[{"floor":2,"key":"Adrenaline Potion"},{"floor":10,"key":"PowerPotion"},{"floor":13,"key":"Block Potion"},{"floor":18,"key":"Adrenaline Potion"},{"floor":22,"key":"conspire:TimeTravelPotion"},{"floor":28,"key":"SkillPotion"},{"floor":30,"key":"Fire Potion"},{"floor":40,"key":"SkillPotion"},{"floor":45,"key":"SkillPotion"},{"floor":47,"key":"Block Potion"},{"floor":48,"key":"LiquidMemories"}],"is_trial":false,"path_per_floor":["M","M","$","?","M","T","R","E","T","M","?","R","E","$","R","B",null,"M","?","?","$","?","R","M","R","T","M","NM","?","E","$","R","B",null,"M","?","M","T","?","E","?","R","T","R","M","R","M","?","R_BF","B",null],"character_chosen":"MYSTIC_CLASS","items_purchased":["mysticmod:BentSpoon","Ice Cream"],"campfire_rested":4,"item_purchase_floors":[14,31],"current_hp_per_floor":[77,77,77,77,77,77,77,28,28,28,28,51,33,33,56,33,77,77,61,64,64,64,64,64,64,64,64,60,39,39,39,63,38,80,80,80,80,80,80,53,43,67,71,71,75,75,62,66,62,7],"gold":707,"neow_bonus":"THREE_ENEMY_KILL","is_daily":false,"chose_seed":false,"campfire_upgraded":5,"win_rate":0.0,"timestamp":1610968528,"path_taken":["M","M","$","?","?","?","R","E","T","M","?","R","E","$","R","BOSS","M","?","?","$","?","R","M","R","T","?","NM","?","E","?","R","BOSS","M","?","M","?","?","E","?","R","T","R","?","R","M","?","R_BF","BOSS"],"items_purchased_type":["Relic","Relic"],"build_version":"2020-12-22","purchased_purges":1,"victory":true,"max_hp_per_floor":[77,77,77,77,77,77,77,77,77,77,77,77,77,77,77,77,77,77,77,80,80,80,80,80,80,80,80,80,80,80,80,80,80,80,80,80,80,80,80,80,80,80,84,84,84,84,84,84,84,84],"card_choices":[{"not_picked":["mysticmod:SuddenClarity","mysticmod:Stoneskin"],"picked":"mysticmod:HeavyStrike","floor":1},{"not_picked":["mysticmod:MirrorStrike","mysticmod:SuddenClarity"],"picked":"mysticmod:SpellCombat","floor":2},{"not_picked":["mysticmod:Daze","mysticmod:HunkerDown"],"picked":"mysticmod:DiviningBlow","floor":5},{"not_picked":["mysticmod:GreaterInvisibility","mysticmod:Shield"],"picked":"mysticmod:Fireball","floor":8},{"not_picked":["mysticmod:LightningBolt","mysticmod:Riposte"],"picked":"mysticmod:Snowball","floor":10},{"not_picked":["mysticmod:PunishingArmor","mysticmod:DiviningBlow"],"picked":"mysticmod:CorrosiveTouch","floor":13},{"not_picked":["mysticmod:Momentum","mysticmod:Natural20"],"picked":"mysticmod:Lunge","floor":16},{"not_picked":["mysticmod:HeavyStrike","mysticmod:Probe"],"picked":"mysticmod:PureInstinct+1","floor":18},{"not_picked":["mysticmod:Feint+1","mysticmod:CureLightWounds+1"],"picked":"mysticmod:ComponentsPouch","floor":22},{"not_picked":["mysticmod:BulkUp","mysticmod:Dedication+1"],"picked":"mysticmod:Snowball+1","floor":24},{"not_picked":["mysticmod:Disengage","mysticmod:FloatingDisk","mysticmod:EnergizedRift"],"picked":"SKIP","floor":27},{"not_picked":["mysticmod:PowerAttack","mysticmod:RapidCaster+1"],"picked":"mysticmod:PowerSlash+1","floor":28},{"not_picked":["Replay:Fractal Strike","infinitespire:SevenWalls"],"picked":"infinitespire:Gouge","floor":29},{"not_picked":["mysticmod:PowerAttack+1","mysticmod:EbbAndFlow+1"],"picked":"mysticmod:Doublecast","floor":30},{"not_picked":["mysticmod:ChargedParry+1","mysticmod:Probe+1"],"picked":"mysticmod:BladeMaster+1","floor":35},{"not_picked":["mysticmod:Disengage+1","mysticmod:PowerSlash+1","mysticmod:FiveFootStep+1"],"picked":"SKIP","floor":35},{"not_picked":["mysticmod:PowerSlash+1","mysticmod:ComponentsPouch"],"picked":"mysticmod:Feint+1","floor":37},{"not_picked":["mysticmod:Doublecast","mysticmod:SuddenClarity","mysticmod:Shield+1"],"picked":"SKIP","floor":37},{"not_picked":["mysticmod:Flurry+1","mysticmod:PureInstinct"],"picked":"mysticmod:SuddenClarity+1","floor":40},{"not_picked":["mysticmod:PureInstinct","mysticmod:FiveFootStep","mysticmod:HeavyStrike+1"],"picked":"SKIP","floor":45},{"not_picked":["mysticmod:Disengage","mysticmod:HeavyStrike+1","mysticmod:PunishingArmor+1"],"picked":"SKIP","floor":45},{"not_picked":["mysticmod:EarthenWall","mysticmod:ChargedParry+1"],"picked":"mysticmod:Spellstrike","floor":47},{"not_picked":["mysticmod:Shield","mysticmod:DiviningBlow","mysticmod:Alacrity"],"picked":"SKIP","floor":47}],"player_experience":170902,"relics_obtained":[{"floor":6,"key":"hubris:PeanutButter"},{"floor":8,"key":"aspiration:FrozenJewel"},{"floor":9,"key":"Orichalcum"},{"floor":13,"key":"Shuriken"},{"floor":19,"key":"Enchiridion"},{"floor":22,"key":"mysticmod:TrainingManual"},{"floor":26,"key":"infinitespire:PuzzleCube"},{"floor":28,"key":"Simple Rune"},{"floor":30,"key":"conspire:TopHat"},{"floor":34,"key":"Prayer Wheel"},{"floor":34,"key":"ReplayTheSpireMod:Shallot"},{"floor":34,"key":"hubris:ToyBattleship"},{"floor":38,"key":"War Paint"},{"floor":40,"key":"aspiration:ChemicalBlood"},{"floor":43,"key":"aspiration:SeaSaltIceCream"},{"floor":48,"key":"Potion Belt"},{"floor":49,"key":"Dead Branch"}],"event_choices":[{"damage_healed":0,"gold_gain":100,"player_choice":"Gold","damage_taken":0,"max_hp_gain":0,"max_hp_loss":0,"event_name":"Wheel of Change","floor":4,"gold_loss":0},{"damage_healed":0,"gold_gain":175,"player_choice":"AGREE","damage_taken":0,"max_hp_gain":0,"max_hp_loss":0,"event_name":"Liars Game","floor":11,"gold_loss":0,"cards_obtained":["Doubt"]},{"damage_healed":0,"gold_gain":0,"player_choice":"Obtained Book","damage_taken":16,"max_hp_gain":0,"max_hp_loss":0,"event_name":"Cursed Tome","floor":19,"gold_loss":0},{"damage_healed":0,"gold_gain":0,"player_choice":"Embrace Madness","damage_taken":10,"max_hp_gain":0,"max_hp_loss":0,"event_name":"Winding Halls","floor":41,"gold_loss":0,"cards_obtained":["Madness","Madness"]},{"damage_healed":0,"gold_gain":0,"player_choice":"Fight","damage_taken":0,"max_hp_gain":0,"max_hp_loss":0,"event_name":"Mysterious Sphere","floor":49,"gold_loss":0}],"is_beta":false,"boss_relics":[{"not_picked":["Snecko Eye","Kintsugi","hubris:CrackedHourglass"]},{"not_picked":["hubris:TerracottaHorce","Runic Dome"],"picked":"Calling Bell"}],"items_purged_floors":[14],"is_endless":false,"potions_floor_spawned":[2,10,13,18,28,30,40,45,47,48],"ascension_level":0}}