{"host":"h4qgcirtxz6qax9j","time":1610972281,"event":{"mods":["AchievementEnabler","BaseMod","Colored Powertips","Hermit","Minty Spire (QoL Compilation)","StSLib","SuperFastMode","The Servant 0.9.4"],"gold_per_floor":[110,15,32,32,43,70,122,132,132,143,143,156,156,172,172,273,273,262,106,106,106],"floor_reached":20,"language":"KOR","playtime":680,"items_purged":[],"score":210,"play_id":"39bd0c34-b082-4a0e-a23f-96bb641031d5","local_time":"20210118211801","is_ascension_mode":true,"campfire_choices":[{"floor":11,"key":"REST"},{"floor":15,"key":"REST"}],"circlet_count":0,"master_deck":["Strike_S","Strike_S","Strike_S","Strike_S","Defend_S","Defend_S","Defend_S","Defend_S","KidneyShot","Exchange","Duplication","InstantArmor","ShatteredReality","Moonlight","Snipe","Spin","TimeWarp","Unruled","ShatteredReality","Embodiment","Rewind"],"relics":["Uniform","Potion Belt","Lantern","Pear","Art of War","MysterySword","Lee\u0027s Waffle"],"acts_visited":["Exordium","TheCity"],"potions_floor_usage":[],"damage_taken":[{"damage":4,"enemies":"Cultist","floor":1,"turns":5},{"damage":0,"enemies":"Small Slimes","floor":3,"turns":4},{"damage":0,"enemies":"2 Louse","floor":5,"turns":1},{"damage":30,"enemies":"3 Sentries","floor":6,"turns":8},{"damage":0,"enemies":"Large Slime","floor":8,"turns":4},{"damage":1,"enemies":"3 Louse","floor":10,"turns":3},{"damage":4,"enemies":"Exordium Thugs","floor":12,"turns":4},{"damage":1,"enemies":"Exordium Wildlife","floor":14,"turns":3},{"damage":37,"enemies":"Slime Boss","floor":16,"turns":12},{"damage":49,"enemies":"2 Thieves","floor":18,"turns":4},{"damage":20,"enemies":"Spheric Guardian","floor":20,"turns":4}],"seed_played":"3384009559827453160","potions_obtained":[{"floor":6,"key":"Energy Potion"},{"floor":8,"key":"ColorlessPotion"},{"floor":10,"key":"Energy Potion"},{"floor":18,"key":"SkillPotion"}],"is_trial":false,"path_per_floor":["M","$","M","$","M","E","T","M","T","M","R","M","?","M","R","B",null,"M","$","M"],"character_chosen":"THE_SERVANT","items_purchased":["InstantArmor","ShatteredReality","Lee\u0027s Waffle"],"campfire_rested":2,"item_purchase_floors":[2,2,19],"current_hp_per_floor":[61,61,61,61,61,31,31,31,41,40,62,58,58,57,75,38,75,26,82,62,62],"gold":106,"neow_bonus":"ONE_RANDOM_RARE_CARD","is_daily":false,"chose_seed":false,"campfire_upgraded":0,"win_rate":0.0,"timestamp":1610972281,"path_taken":["M","$","M","$","M","E","?","M","T","M","R","M","?","M","R","BOSS","M","$","M"],"items_purchased_type":["Card","Card","Relic"],"build_version":"2020-12-22","purchased_purges":0,"victory":false,"max_hp_per_floor":[65,65,65,65,65,65,65,65,75,75,75,75,75,75,75,75,75,75,82,82,82],"card_choices":[{"not_picked":["Rearm","Rewind","TimeWarp"],"picked":"SKIP","floor":1},{"not_picked":["Ricochet","BottledTime"],"picked":"Moonlight","floor":3},{"not_picked":["BottledTime","MurderousAura"],"picked":"Snipe","floor":5},{"not_picked":["Potential","ShatteredReality"],"picked":"Spin","floor":6},{"not_picked":["Revamp","Replace","Alleviate"],"picked":"SKIP","floor":8},{"not_picked":["Potential","BottledTime"],"picked":"TimeWarp","floor":10},{"not_picked":["Collapse","ReturningBlade"],"picked":"Unruled","floor":12},{"not_picked":["Defy","BestPractice"],"picked":"ShatteredReality","floor":14},{"not_picked":["Solidify","Dilation"],"picked":"Embodiment","floor":16},{"not_picked":["Revamp","Replace+1"],"picked":"Rewind","floor":18}],"player_experience":55445,"relics_obtained":[{"floor":6,"key":"Potion Belt"},{"floor":7,"key":"Lantern"},{"floor":9,"key":"Pear"},{"floor":13,"key":"Art of War"}],"event_choices":[{"damage_healed":0,"gold_gain":0,"player_choice":"Relic","damage_taken":0,"max_hp_gain":0,"max_hp_loss":0,"event_name":"Wheel of Change","floor":13,"gold_loss":0}],"is_beta":false,"boss_relics":[{"not_picked":["Busted Crown","Astrolabe"],"picked":"MysterySword"}],"items_purged_floors":[],"is_endless":false,"potions_floor_spawned":[6,8,10,18],"killed_by":"Spheric Guardian","ascension_level":1}}