{"host":"tr12w2fixbnujl15","time":1610997098,"event":{"mods":["100% Spire Juice","2.2 Compatiblity","Arknights The Spire","BaseMod","Better Skull","BetterRewards","Clockwork Mod","Colored Powertips","Evolution","Hermit","Hubris","Infinite Spire","JesterMod","Koishi","Mad Scientist","Minty Spire (QoL Compilation)","Prisma Mod","Quick Restart","Replay The Spire","Shop Mod","StSLib","SuperFastMode","The Animator","The Bug Knight","The Construct","The Cursed","The Hierophant","The Mystic","The Necromancer","The Runesmith","The Sage","The Senshi","The Servant 0.9.4","The Spell Scribe","TheFirefly","WarShipGirlsR/????R mod","Yakumo Yukari mod"],"gold_per_floor":[111,111,111,123,123,158,158,9,9,9,27,46,46,59,59,178,178,166,265,265,265,281,281,314,314,338,187,187,187],"floor_reached":28,"language":"ENG","playtime":977,"items_purged":[],"score":265,"play_id":"3e6c7938-2e09-4ca2-ab3a-c9d4f8ba6206","local_time":"20210118141138","is_ascension_mode":false,"campfire_choices":[{"data":"PrismaMod:ChloeExhaustTwo","floor":15,"key":"SMITH"},{"data":"PrismaMod:ChloeExhaustOne","floor":23,"key":"SMITH"}],"circlet_count":0,"master_deck":["PrismaMod:ChloeCommonDefend","PrismaMod:ChloeCommonDefend","PrismaMod:ChloeCommonDefend","PrismaMod:ChloeCommonDefend","PrismaMod:ChloeCommonDefend","PrismaMod:ChloeCheapAttack","PrismaMod:ChloeCheapDefend","PrismaMod:ChloeCommonAOEAttack","PrismaMod:ChloeDiscardRecovery","PrismaMod:ChloeCheapAttackTwo","PrismaMod:ChloeExhaustOne","PrismaMod:ChloeCheapDefendTwo","PrismaMod:ChloeRuleBreaker","PrismaMod:ChloeExhaustTwo+1","PrismaMod:ChloeCarnivalAttack+1","PrismaMod:ChloeCheapDefendTwo","PrismaMod:ChloeExhaustOne+1","PrismaMod:ChloeCheapAttackTwo","Bite","Bite","Bite","Bite","Bite","PrismaMod:ChloeBetterTracePools","PrismaMod:ChloeBetterTracePools"],"relics":["PrismaMod:PrismaTraceOn","EVO:Axolotl","NeowsBlessing","infinitespire:WardingShard","Golden Idol","Blue Doll","hubris:FunFungus","GremlinMask","Snecko Heart","Spirit Poop","MerchantsRug"],"acts_visited":["Exordium","TheCity"],"potions_floor_usage":[16,16,16],"damage_taken":[{"damage":0,"enemies":"2 Louse","floor":1,"turns":1},{"damage":0,"enemies":"Jaw Worm","floor":4,"turns":1},{"damage":0,"enemies":"Gremlin Nob","floor":6,"turns":1},{"damage":9,"enemies":"Cultist","floor":11,"turns":5},{"damage":3,"enemies":"Blue Slaver","floor":12,"turns":3},{"damage":3,"enemies":"Looter","floor":14,"turns":4},{"damage":43,"enemies":"Hexaghost","floor":16,"turns":11},{"damage":10,"enemies":"2 Thieves","floor":18,"turns":4},{"damage":0,"enemies":"Spheric Guardian","floor":22,"turns":3},{"damage":45,"enemies":"Snake Plant","floor":24,"turns":7},{"damage":35,"enemies":"Centurion and Healer","floor":28,"turns":4}],"seed_played":"-3081635005212327774","potions_obtained":[{"floor":6,"key":"Explosive Potion"},{"floor":11,"key":"SteroidPotion"},{"floor":12,"key":"Milkshake"},{"floor":14,"key":"BlessingOfTheForge"},{"floor":22,"key":"Languid Potion"},{"floor":24,"key":"PowerPotion"}],"is_trial":false,"path_per_floor":["M","?","?","M","?","E","?","$","T","?","M","M","$","M","R","B",null,"M","?","?","?","M","R","M","?","T","$","M"],"character_chosen":"CHLOE","items_purchased":["Blue Doll","MerchantsRug","PrismaMod:ChloeBetterTracePools"],"campfire_rested":0,"item_purchase_floors":[8,27,27],"current_hp_per_floor":[75,75,75,75,75,75,75,75,75,75,66,64,64,61,61,20,75,66,66,66,66,67,67,24,24,24,24,0,0],"gold":187,"neow_bonus":"THREE_ENEMY_KILL","is_daily":false,"chose_seed":false,"campfire_upgraded":2,"win_rate":0.0,"timestamp":1610997098,"path_taken":["M","?","?","?","?","E","?","?","T","?","M","M","$","M","R","BOSS","M","?","?","?","?","R","M","?","T","?","M"],"items_purchased_type":["Relic","Relic","Card"],"build_version":"2020-12-22","purchased_purges":0,"victory":false,"max_hp_per_floor":[75,75,75,75,75,75,75,75,75,75,75,75,75,75,75,75,75,75,75,75,75,75,75,75,52,52,52,52,52],"card_choices":[{"not_picked":["PrismaMod:ChloeCheapAttack","PrismaMod:ChloeCheapDefend"],"picked":"PrismaMod:ChloeCommonAOEAttack","floor":1},{"not_picked":["PrismaMod:ChloeCheapDefend","PrismaMod:ChloeExhaustOne"],"picked":"PrismaMod:ChloeCheapAttackTwo","floor":4},{"not_picked":["PrismaMod:ChloeReshuffleDiscard","PrismaMod:ChloeEyeOfTheEuryale"],"picked":"PrismaMod:ChloeExhaustOne","floor":6},{"not_picked":["PrismaMod:ChloeExhaustOne","PrismaMod:ChloeCheapDefend"],"picked":"PrismaMod:ChloeCheapDefendTwo","floor":11},{"not_picked":["PrismaMod:ChloeExhaustOne","PrismaMod:ChloeDiscardRecovery"],"picked":"PrismaMod:ChloeRuleBreaker","floor":12},{"not_picked":["PrismaMod:ChloeCheapDefend","PrismaMod:ChloeDiscardRecovery"],"picked":"PrismaMod:ChloeExhaustTwo","floor":14},{"not_picked":["PrismaMod:ChloeHalloween","PrismaMod:ChloeExhaustThree"],"picked":"PrismaMod:ChloeCarnivalAttack","floor":16},{"not_picked":["PrismaMod:ChloeDiscardRecovery+1","PrismaMod:ChloeRuleBreaker"],"picked":"PrismaMod:ChloeCheapDefendTwo","floor":18},{"not_picked":["PrismaMod:ChloeUncommonAttack","PrismaMod:ChloeCommonAOEAttack"],"picked":"PrismaMod:ChloeExhaustOne","floor":22},{"not_picked":["PrismaMod:ChloeDemonicTutor","PrismaMod:ChloeCommonAOEAttack"],"picked":"PrismaMod:ChloeCheapAttackTwo","floor":24}],"player_experience":71736,"relics_obtained":[{"floor":6,"key":"infinitespire:WardingShard"},{"floor":9,"key":"hubris:FunFungus"},{"floor":26,"key":"Happy Flower"}],"event_choices":[{"damage_healed":0,"gold_gain":0,"player_choice":"1 cards matched","damage_taken":0,"max_hp_gain":0,"max_hp_loss":0,"event_name":"Match and Keep!","floor":3,"gold_loss":0,"cards_obtained":["PrismaMod:ChloeDiscardRecovery"]},{"damage_healed":0,"gold_gain":0,"player_choice":"Ignored","damage_taken":0,"max_hp_gain":0,"max_hp_loss":0,"event_name":"Golden Wing","floor":5,"gold_loss":0},{"damage_healed":0,"gold_gain":0,"player_choice":"Take Wound","damage_taken":0,"relics_obtained":["Golden Idol"],"max_hp_gain":0,"max_hp_loss":0,"event_name":"Golden Idol","floor":7,"gold_loss":0,"cards_obtained":["Injury"]},{"damage_healed":0,"gold_gain":0,"player_choice":"Trade","damage_taken":0,"relics_obtained":["GremlinMask"],"max_hp_gain":0,"max_hp_loss":0,"event_name":"FaceTrader","floor":10,"gold_loss":0},{"damage_healed":0,"gold_gain":99,"player_choice":"Stole From Cult","damage_taken":0,"max_hp_gain":0,"max_hp_loss":0,"event_name":"Nest","floor":19,"gold_loss":0},{"cards_removed":["Injury"],"damage_healed":0,"gold_gain":0,"player_choice":"Offered Curse","damage_taken":0,"relics_obtained":["Spirit Poop"],"max_hp_gain":0,"max_hp_loss":0,"event_name":"Bonfire Elementals","floor":21,"gold_loss":0},{"damage_healed":0,"gold_gain":0,"player_choice":"Became a vampire","damage_taken":0,"max_hp_gain":0,"max_hp_loss":23,"event_name":"Vampires","floor":25,"gold_loss":0,"cards_obtained":["Bite","Bite","Bite","Bite","Bite"]}],"is_beta":false,"boss_relics":[{"not_picked":["Replay:Drink Me","Painkiller Herb"],"picked":"Snecko Heart"}],"items_purged_floors":[],"is_endless":false,"potions_floor_spawned":[6,11,12,14,22,24],"killed_by":"Centurion and Healer","ascension_level":0}}