{"host":"8t5dkgm85abdp22d","time":1610941905,"event":{"mods":["Act Like it!","BaseMod","Colored Powertips","Dota2Spire","Downfall","Gensokyo","GungeonMod","Hallownest","Luminous","Marisa£®ÏF”Í°°ƒß¿Ì…≥£©","Minty Spire (QoL Compilation)","StSLib","TheWitcher","UnlockEverythingMod","Waifu the Spire","Yakumo Yukari mod","vexMod","°æ“≈ŒÔø®≈∆°øREMEMod"],"gold_per_floor":[119,136,136,160,160,160,200,200,200,200,216,260,235,235,235,354,354,378,427,427,427,203,203,203,203],"floor_reached":24,"language":"ZHS","playtime":815,"items_purged":["Writhe"],"score":225,"play_id":"8f101215-5ea3-47c3-ae9e-08566dffef8d","local_time":"20210118115145","is_ascension_mode":false,"campfire_choices":[{"data":"Exhume","floor":6,"key":"SMITH"},{"data":"bronze:Goto","floor":10,"key":"SMITH"},{"data":"bronze:Replicate","floor":15,"key":"SMITH"},{"data":"bronze:FollowUp","floor":23,"key":"SMITH"}],"circlet_count":0,"master_deck":["bronze:Strike","bronze:Strike","bronze:Strike+1","bronze:Defend+1","bronze:Defend","bronze:Defend","bronze:Defend","bronze:Replicate+1","bronze:Goto+1","bronze:Optimize","bronze:Mutator","bronze:ShipIt","bronze:FollowUp+1","bronze:GetLatest","bronze:FindAndReplace","bronze:Invalidate"],"relics":["bronze:BronzeCore","REME_ComplimentaryCards","NeowsBlessing","Golden Idol","Sundial","DemoMod:MemoryAlloy","Black Star","StrikeDummy","vexMod:Dragonfruit","Toolbox"],"acts_visited":["Exordium","TheCity"],"potions_floor_usage":[7],"damage_taken":[{"damage":0,"enemies":"Small Slimes","floor":1,"turns":1},{"damage":0,"enemies":"2 Louse","floor":2,"turns":2},{"damage":0,"enemies":"Jaw Worm","floor":4,"turns":1},{"damage":27,"enemies":"Gremlin Nob","floor":7,"turns":4},{"damage":8,"enemies":"Large Slime","floor":11,"turns":5},{"damage":9,"enemies":"Lagavulin","floor":12,"turns":6},{"damage":19,"enemies":"Hexaghost","floor":16,"turns":9},{"damage":35,"enemies":"2 Thieves","floor":18,"turns":4},{"damage":1,"enemies":"Spheric Guardian","floor":19,"turns":9},{"damage":58,"enemies":"REME_1_Revenger","floor":24,"turns":2}],"seed_played":"5316243992261853416","potions_obtained":[{"floor":2,"key":"champ:CounterPotion"},{"floor":12,"key":"DuplicationPotion"},{"floor":16,"key":"DuplicationPotion"}],"is_trial":false,"path_per_floor":["M","M","?","M","?","R","E","?","T","R","M","E","?","?","R","B",null,"M","?","?","?","$","R","E"],"character_chosen":"THE_AUTOMATON","items_purchased":["Toolbox"],"campfire_rested":0,"item_purchase_floors":[22],"current_hp_per_floor":[70,70,53,53,39,39,12,80,80,80,72,63,63,56,56,37,80,45,44,49,49,49,49,0,0],"gold":203,"neow_bonus":"THREE_ENEMY_KILL","is_daily":false,"chose_seed":false,"campfire_upgraded":4,"win_rate":0.0,"timestamp":1610941905,"path_taken":["M","M","?","M","?","R","E","?","T","R","M","E","?","?","R","BOSS","M","?","?","?","$","R","E"],"items_purchased_type":["Relic"],"build_version":"2020-12-22","purchased_purges":1,"victory":false,"max_hp_per_floor":[70,70,70,70,70,70,70,80,80,80,80,80,80,80,80,80,80,80,80,85,85,85,85,85,85],"card_choices":[{"not_picked":["bronze:BugBarrage","bronze:DelayedGuard"],"picked":"bronze:Optimize","floor":1},{"not_picked":["bronze:ForLoop","bronze:FollowUp","bronze:Repulsor"],"picked":"SKIP","floor":2},{"not_picked":["bronze:Shield","bronze:ChosenStrike"],"picked":"bronze:Mutator","floor":4},{"not_picked":["bronze:BuggyMess","bronze:Shell"],"picked":"bronze:ShipIt","floor":7},{"not_picked":["bronze:Overheat","bronze:BuggyMess"],"picked":"bronze:FollowUp","floor":11},{"not_picked":["bronze:Return","bronze:Frontload"],"picked":"bronze:GetLatest","floor":12},{"not_picked":["bronze:Mutator","bronze:HardenedForm"],"picked":"bronze:FindAndReplace","floor":16},{"not_picked":["bronze:ForceShield","bronze:NullPointer","bronze:FollowUp"],"picked":"SKIP","floor":18},{"not_picked":["bronze:CloningBeam","bronze:Frontload"],"picked":"bronze:Invalidate","floor":19}],"player_experience":112250,"relics_obtained":[{"floor":7,"key":"Sundial"},{"floor":12,"key":"DemoMod:MemoryAlloy"},{"floor":19,"key":"StrikeDummy"}],"event_choices":[{"damage_healed":0,"gold_gain":0,"player_choice":"Take Damage","damage_taken":17,"relics_obtained":["Golden Idol"],"max_hp_gain":0,"max_hp_loss":0,"event_name":"Golden Idol","floor":3,"gold_loss":0},{"damage_healed":0,"gold_gain":0,"player_choice":"Entered Light","damage_taken":14,"max_hp_gain":0,"max_hp_loss":0,"event_name":"Shining Light","floor":5,"gold_loss":0,"cards_upgraded":["bronze:Defend","bronze:Strike"]},{"cards_removed":["bronze:Strike"],"damage_healed":0,"gold_gain":0,"player_choice":"Card Removal","damage_taken":7,"max_hp_gain":0,"max_hp_loss":0,"event_name":"Golden Wing","floor":14,"gold_loss":0},{"damage_healed":0,"gold_gain":0,"player_choice":"Opened","damage_taken":0,"relics_obtained":["vexMod:Dragonfruit"],"max_hp_gain":0,"max_hp_loss":0,"event_name":"The Mausoleum","floor":20,"gold_loss":0,"cards_obtained":["Writhe"]}],"is_beta":false,"boss_relics":[{"not_picked":["REME_ChargedStone","Pandora\u0027s Box"],"picked":"Black Star"}],"items_purged_floors":[22],"is_endless":false,"potions_floor_spawned":[2,12,16],"killed_by":"REME_1_Revenger","ascension_level":0}}