{"host":"tw5nadds0x0wro7l","time":1610992154,"event":{"mods":["Aspiration","BaseMod","Better Altar","Better Match","Better Skull","Block Reminder","Card Forge","CatGirl Mod","Challenge The Spire","Conspire","DNKmod","Displayed Cursed Tome","Dota2Spire","Downfall","Energized Spire","Friendly Minions","Gold Saver","Grow up Mod","GungeonMod","Highlight Path","Hubris","Infinite Spire","Luminous","Minty Spire (QoL Compilation)","Practice Mode","Relic Sorter","Spicy Shops","StSLib","The Alterego","The Animator","The Death Knight","The Marked","The Senshi","TheSwordswoman","Transform Curses","Waifu the Spire","WarShipGirlsR/????R mod","vexMod"],"gold_per_floor":[1017,857,857,876,887,887,919,937,937,346,346,346,346,346,346,466,466,479,502,502,151,164,164,182,225,252,272,247,295,295,295,295,419,419,438,454,454,475,495,528,528,566,592,592,592,617,632,16,16,16,16,16,16,57,57],"floor_reached":56,"language":"ENG","playtime":3148,"items_purged":[],"score":1425,"play_id":"9c9086d3-ff47-4789-8e4e-8306361cd14b","local_time":"20210118124914","is_ascension_mode":false,"campfire_choices":[{"floor":6,"key":"RECALL"},{"data":"Zap","floor":11,"key":"SMITH"},{"floor":15,"key":"REST"},{"data":"Electrodynamics","floor":23,"key":"SMITH"},{"data":"aspiration:Polymerization","floor":49,"key":"SMITH"}],"circlet_count":0,"master_deck":["conspire:GhostlyStrike+1","conspire:GhostlyStrike+1","conspire:GhostlyStrike+1","conspire:GhostlyStrike+1","conspire:GhostlyDefend+1","conspire:GhostlyDefend+1","conspire:GhostlyDefend+1","conspire:GhostlyDefend+1","Zap+1","Dualcast+1","Steam+1","Thunder Strike+1","Ball Lightning+1","Barrage+1","Conserve Battery+1","Electrodynamics+1","Glacier+1","Capacitor+1","Electrodynamics+1","Loop+1","Double Energy+1","Defragment+1","Self Repair+1","animator:Emilia+1","Capacitor+1","Tempest+1","Defragment+1","Coolheaded+1","Defragment+1","aspiration:Polymerization+1"],"relics":["Cracked Core","Anvil of the Gods","Hammer of Thor","Question Card","Seething Fire","NeowsBlessing","hubris:Towel","Juzu Bracelet","hubris:BallOfYels","hubris:64BitClover","Golden Idol","Coffee Dripper","Anchor","aspiration:Nostalgia","rmod:firstchargereward","DemoMod:ClearGuonStone","hubris:MysteriousPyramids","Dota2Spire:PhaseBoots","DemoMod:LamentConfigurum","infinitespire:ShieldingShard","energizedSpire:StickyHand","conspire:Dentures","Bottled Tornado","Oddly Smooth Stone","War Paint","aspiration:EnhancedActuators","Shuriken","Dota2Spire:Vanguard","aspiration:Lifesprig"],"acts_visited":["Exordium","TheCity","TheBeyond","TheEnding"],"potions_floor_usage":[],"damage_taken":[{"damage":0,"enemies":"2 Louse","floor":1,"turns":1},{"damage":0,"enemies":"Small Slimes","floor":4,"turns":1},{"damage":0,"enemies":"conspire:RoseBush","floor":5,"turns":1},{"damage":19,"enemies":"Gremlin Nob","floor":7,"turns":4},{"damage":2,"enemies":"Red Slaver","floor":8,"turns":4},{"damage":124,"enemies":"Hexaghost","floor":16,"turns":7},{"damage":0,"enemies":"conspire:FuzzyDice","floor":18,"turns":4},{"damage":0,"enemies":"Spheric Guardian","floor":19,"turns":2},{"damage":0,"enemies":"Snake Plant","floor":22,"turns":3},{"damage":0,"enemies":"Centurion and Healer","floor":24,"turns":3},{"damage":2,"enemies":"conspire:SneckoGhost","floor":25,"turns":3},{"damage":0,"enemies":"Sentry and Sphere","floor":27,"turns":2},{"damage":0,"enemies":"Automaton","floor":33,"turns":5},{"damage":0,"enemies":"3 Darklings","floor":35,"turns":3},{"damage":0,"enemies":"3 Shapes","floor":36,"turns":2},{"damage":10,"enemies":"Maw","floor":38,"turns":4},{"damage":0,"enemies":"3 Darklings","floor":39,"turns":3},{"damage":12,"enemies":"Reptomancer","floor":40,"turns":3},{"damage":11,"enemies":"Giant Head","floor":42,"turns":5},{"damage":0,"enemies":"Transient","floor":46,"turns":5},{"damage":1,"enemies":"4 Shapes","floor":47,"turns":2},{"damage":0,"enemies":"Awakened One","floor":50,"turns":7},{"damage":3,"enemies":"Shield and Spear","floor":54,"turns":2},{"damage":63,"enemies":"The Heart","floor":55,"turns":7}],"seed_played":"-5393946496371634799","potions_obtained":[{"floor":1,"key":"Block Potion"},{"floor":16,"key":"champ:CounterPotion"},{"floor":22,"key":"Weak Potion"}],"is_trial":false,"path_per_floor":["M","$","?","M","M","R","E","M","T","$","R","?","?","?","R","B",null,"M","M","?","$","M","R","M","E","T","M","?","T","R","?","R","B",null,"M","M","?","M","M","E","?","E","T","?","?","M","M","$","R","B",null,"R","$","E","B",null],"character_chosen":"DEFECT","items_purchased":["Thunder Strike","hubris:BallOfYels","hubris:64BitClover","DemoMod:WeirdEgg","Anchor","aspiration:Nostalgia","DemoMod:ClearGuonStone","War Paint","aspiration:EnhancedActuators","Shuriken","Dota2Spire:Vanguard"],"campfire_rested":1,"item_purchase_floors":[2,10,10,10,21,21,21,48,48,48,48],"current_hp_per_floor":[120,130,140,150,160,170,161,169,179,189,199,209,219,229,260,146,280,290,300,310,320,330,340,350,358,368,378,388,398,408,418,428,440,450,460,470,480,490,500,508,518,527,537,547,560,570,579,589,599,610,620,630,640,647,604],"gold":57,"neow_bonus":"THREE_ENEMY_KILL","is_daily":false,"chose_seed":false,"campfire_upgraded":3,"win_rate":0.0,"timestamp":1610992154,"path_taken":["M","$","?","M","M","R","E","M","T","$","R","?","?","?","R","BOSS","M","M","?","$","M","R","M","E","T","M","?","?","R","?","R","BOSS","M","M","?","M","M","E","?","E","T","?","?","M","M","?","R","BOSS","R","$","E","BOSS"],"items_purchased_type":["Card","Relic","Relic","Relic","Relic","Relic","Relic","Relic","Relic","Relic","Relic"],"build_version":"2020-12-22","purchased_purges":0,"victory":true,"max_hp_per_floor":[120,130,140,150,160,170,180,190,200,210,220,230,240,250,260,270,280,290,300,310,320,330,340,350,360,370,380,390,400,410,420,430,440,450,460,470,480,490,500,510,520,530,540,550,560,570,580,590,600,610,620,630,640,650,660],"card_choices":[{"not_picked":["Gash","Reprogram"],"picked":"Steam","floor":1},{"not_picked":["Redo","Reprogram"],"picked":"Ball Lightning","floor":4},{"not_picked":["Consume","Streamline"],"picked":"Barrage","floor":5},{"not_picked":["Steam","Blizzard"],"picked":"Conserve Battery","floor":7},{"not_picked":["Leap","Redo","Stack"],"picked":"SKIP","floor":8},{"not_picked":["Fission","Thunder Strike"],"picked":"Electrodynamics","floor":16},{"not_picked":["Sweeping Beam","Rip and Tear+1"],"picked":"Glacier+1","floor":18},{"not_picked":["Tempest","Redo"],"picked":"Capacitor","floor":19},{"not_picked":["Compile Driver","Hologram","Skim"],"picked":"SKIP","floor":22},{"not_picked":["Stack","Leap","Sweeping Beam+1"],"picked":"SKIP","floor":24},{"not_picked":["Steam","Skim"],"picked":"Electrodynamics","floor":25},{"not_picked":["Gash","Sweeping Beam","Compile Driver"],"picked":"SKIP","floor":27},{"not_picked":["Melter+1","Storm+1","Scrape+1","Lockon"],"picked":"SKIP","floor":35},{"not_picked":["Doom and Gloom+1","Coolheaded","Beam Cell","Glacier"],"picked":"SKIP","floor":36},{"not_picked":["Skim+1","Ball Lightning","Darkness+1","Blizzard+1"],"picked":"SKIP","floor":38},{"not_picked":["Steam","Rip and Tear+1","Chill+1","Sweeping Beam+1"],"picked":"SKIP","floor":39},{"not_picked":["Stack","Steam+1","Hologram","Barrage"],"picked":"SKIP","floor":40},{"not_picked":["Reboot","hubris:PowerSurge","Redo+1","conspire:Rain+1"],"picked":"SKIP","floor":42},{"not_picked":["Cold Snap","Redo+1","Barrage+1","Double Energy+1"],"picked":"SKIP","floor":46},{"not_picked":["Cold Snap+1","Hologram+1","Barrage","Skim+1"],"picked":"SKIP","floor":47},{"not_picked":["Redo","Buffer","aspiration:Polymerization","Storm"],"picked":"SKIP","floor":54}],"player_experience":99582,"relics_obtained":[{"floor":7,"key":"Juzu Bracelet"},{"floor":25,"key":"hubris:MysteriousPyramids"},{"floor":26,"key":"Dota2Spire:PhaseBoots"},{"floor":29,"key":"DemoMod:LamentConfigurum"},{"floor":33,"key":"infinitespire:ShieldingShard"},{"floor":40,"key":"conspire:Dentures"},{"floor":42,"key":"Bottled Tornado"},{"floor":43,"key":"Oddly Smooth Stone"},{"floor":54,"key":"aspiration:Lifesprig"}],"event_choices":[{"damage_healed":0,"gold_gain":0,"player_choice":"Take Wound","damage_taken":0,"relics_obtained":["Golden Idol"],"max_hp_gain":0,"max_hp_loss":0,"event_name":"Golden Idol","floor":12,"gold_loss":0,"cards_obtained":["Injury"]},{"damage_healed":0,"gold_gain":0,"player_choice":"Agree","damage_taken":0,"max_hp_gain":0,"max_hp_loss":0,"event_name":"conspire:LoneGhost","floor":13,"gold_loss":0},{"cards_removed":["Injury"],"damage_healed":0,"gold_gain":0,"player_choice":"Removed Curses","damage_taken":0,"max_hp_gain":0,"max_hp_loss":0,"event_name":"Fountain of Cleansing","floor":14,"gold_loss":0},{"damage_healed":0,"gold_gain":0,"player_choice":"Ignored","damage_taken":0,"max_hp_gain":0,"max_hp_loss":0,"event_name":"Ghosts","floor":20,"gold_loss":0},{"damage_healed":0,"gold_gain":0,"player_choice":"Copied","damage_taken":0,"max_hp_gain":0,"max_hp_loss":0,"event_name":"Duplicator","floor":44,"gold_loss":0,"cards_obtained":["Defragment"]}],"is_beta":false,"boss_relics":[{"not_picked":["vexMod:FluxCapacitor","aspiration:RunicSpoon"],"picked":"Coffee Dripper"},{"not_picked":["aspiration:PoetsPen_weak","energizedSpire:SpiderWeb"],"picked":"energizedSpire:StickyHand"}],"items_purged_floors":[],"is_endless":false,"potions_floor_spawned":[1,16,22,24,25,35,40,42,46],"ascension_level":0}}