{"host":"8ps3pfk2b2drr3ex","time":1610978158,"event":{"mods":["2.2 Compatiblity","AchievementEnabler","Act Like it!","BaseMod","Bestiary","Better Match","BetterRewards","Colored Map","Colored Powertips","Conspire","Downfall","Evolution","GifTheSpireLib","Gold Saver","Hallownest","Hubris","Minty Spire (QoL Compilation)","Permanent Neow","Relic Filter","Shop Mod","StSLib","Stuff the Spire","The Animator"],"gold_per_floor":[1449,1461,1477,1494,1510,1510,1510,1111,1137,1172,1201,1229,1244,1260,1284,1388,1388,1288,1303,1162,1171,1089,1198,1225,1225,1225,1219,1242,1098,1098,1141,1161,1161,1161],"floor_reached":33,"language":"ENG","playtime":4014,"items_purged":["bronze:CutThrough","Pride"],"score":269,"play_id":"f0a53b61-a84e-487e-859d-373dbc4730c7","local_time":"20210118085558","is_ascension_mode":false,"campfire_choices":[{"data":"Dramatic Entrance","floor":1.0,"key":"SMITH"},{"data":"bronze:AlphaBuild","floor":18,"key":"SMITH"},{"data":"bronze:ForLoop","floor":25,"key":"SMITH"},{"data":"bronze:Constructor","floor":30,"key":"SMITH"}],"circlet_count":0,"master_deck":["bronze:WildBeam","bronze:BugBarrage","bronze:Separator","bronze:Shield","bronze:Constructor","bronze:Shield","bronze:Constructor+1","bronze:Replicate","bronze:Goto","Dramatic Entrance+1","bronze:Boost","bronze:Shell","bronze:ItsAFeature","bronze:HardenedForm","bronze:BugBarrage","bronze:ClassDefault","bronze:ForLoop+1","bronze:Shell","bronze:FineTuning","bronze:AlphaBuild+1","Ghostly","bronze:Allocate","bronze:ItsAFeature","bronze:BuggyMess","bronze:ItsAFeature+1","bronze:ForLoop+1","bronze:ForLoop+1","bronze:Iterate"],"relics":["bronze:BronzeCore","EVO:Axolotl","Guardian:PocketSentry","Membership Card","Bottled Lightning","CeramicFish","Bronze Scales","Odd Mushroom","Sozu","downfall:HeartBlessingGreen","bronze:CableSpool","downfall:CloakOfManyFaces","CultistMask","FaceOfCleric","NlothsMask","GremlinMask","SsserpentHead","Question Card","Unceasing Top"],"acts_visited":["Exordium","TheCity"],"potions_floor_usage":[16,27,27],"damage_taken":[{"damage":0.0,"enemies":"Cultist","floor":2.0,"turns":2.0},{"damage":0.0,"enemies":"2 Louse","floor":3.0,"turns":1.0},{"damage":0.0,"enemies":"Jaw Worm","floor":4.0,"turns":2.0},{"damage":7.0,"enemies":"Large Slime","floor":5.0,"turns":5.0},{"damage":0,"enemies":"downfall:FleeingMerchant","floor":8,"turns":4},{"damage":0,"enemies":"Gremlin Gang","floor":9,"turns":1},{"damage":25,"enemies":"Gremlin Nob","floor":10,"turns":5},{"damage":0,"enemies":"Lots of Slimes","floor":11,"turns":1},{"damage":0,"enemies":"The Mushroom Lair","floor":12,"turns":3},{"damage":3,"enemies":"Large Slime","floor":13,"turns":5},{"damage":0,"enemies":"conspire:2 RoseBushes","floor":14,"turns":3},{"damage":2,"enemies":"Exordium Thugs","floor":15,"turns":2},{"damage":1,"enemies":"SI_SHIV_ARCHETYPE","floor":16,"turns":7},{"damage":0,"enemies":"3 Byrds","floor":19,"turns":3},{"damage":5,"enemies":"downfall:FleeingMerchant","floor":22,"turns":4},{"damage":7,"enemies":"downfall:FaceTrader","floor":23,"turns":9},{"damage":0,"enemies":"Chosen","floor":26,"turns":1},{"damage":2,"enemies":"downfall:FleeingMerchant","floor":27,"turns":4},{"damage":11,"enemies":"3 Cultists","floor":28,"turns":6},{"damage":0,"enemies":"downfall:FleeingMerchant","floor":29,"turns":4},{"damage":20,"enemies":"Gremlin Leader","floor":31,"turns":8},{"damage":12,"enemies":"Centurion and Healer","floor":32,"turns":8},{"damage":28,"enemies":"WA_ARCHETYPE_CALM","floor":33,"turns":6}],"seed_played":"-7002198806175635383","potions_obtained":[{"floor":2.0,"key":"Regen Potion"},{"floor":4.0,"key":"Weak Potion"},{"floor":11,"key":"PowerPotion"},{"floor":16,"key":"SkillPotion"}],"is_trial":false,"path_per_floor":["R","M","M","M","M","?","T","$","M","E","M","?","M","M","M","B",null,"R","M","?","?","$","?","T","R","M","$","M","$","R","E","M","B"],"character_chosen":"THE_AUTOMATON","items_purchased":["Membership Card","Bottled Lightning","CeramicFish","bronze:BugBarrage","bronze:ItsAFeature","Question Card"],"campfire_rested":0,"item_purchase_floors":[8,8,8,8,22,29],"current_hp_per_floor":[73,73,73,73,66,66,66,66,66,41,41,41,38,38,36,50,73,73,73,73,73,68,61,61,61,62,61,51,52,52,33,22,0,0],"gold":1161,"neow_bonus":"RANDOM_COLORLESS","is_daily":false,"chose_seed":false,"campfire_upgraded":4,"win_rate":0.0,"timestamp":1610978158,"path_taken":["R","M","M","?","M","?","T","$","M","E","M","?","M","M","M","BOSS","R","M","?","?","$","?","T","R","M","$","M","$","R","E","M","BOSS"],"items_purchased_type":["Relic","Relic","Relic","Card","Card","Relic"],"build_version":"2020-12-22","purchased_purges":2,"victory":false,"max_hp_per_floor":[73,73,73,73,73,73,73,73,73,73,73,73,73,73,73,73,73,73,73,73,73,73,73,73,73,74,75,76,77,77,78,79,79,79],"card_choices":[{"not_picked":["Impatience","Jack Of All Trades"],"picked":"Dramatic Entrance","floor":0.0},{"not_picked":["bronze:WildBeam","bronze:Shield","bronze:Overheat"],"picked":"SKIP","floor":2.0},{"not_picked":["bronze:Shield","bronze:Flail"],"picked":"bronze:Boost","floor":3.0},{"not_picked":["bronze:DelayedSlice","bronze:ForceShield"],"picked":"bronze:Shell","floor":4.0},{"not_picked":["bronze:WhirlingStrike","bronze:Invalidate"],"picked":"bronze:ItsAFeature","floor":5.0},{"not_picked":["bronze:WildBeam","bronze:Separator"],"picked":"bronze:HardenedForm","floor":8},{"not_picked":["bronze:Turbo","bronze:DelayedGuard"],"picked":"bronze:ClassDefault","floor":9},{"not_picked":["bronze:BugBarrage","bronze:Overload"],"picked":"bronze:ForLoop","floor":10},{"not_picked":["bronze:Turbo","bronze:BronzeOrb"],"picked":"bronze:Shell","floor":11},{"not_picked":["bronze:BugBarrage","bronze:WhirlingStrike","bronze:ShipIt"],"picked":"SKIP","floor":13},{"not_picked":["bronze:Invalidate","bronze:BugBarrage","bronze:Shield"],"picked":"SKIP","floor":14},{"not_picked":["bronze:Return","bronze:Iterate"],"picked":"bronze:FineTuning","floor":15},{"not_picked":["bronze:Assembly","bronze:ShipIt"],"picked":"bronze:AlphaBuild","floor":16},{"not_picked":["bronze:Invalidate","bronze:BitShift","bronze:Boost"],"picked":"SKIP","floor":19},{"not_picked":["bronze:Assembly","bronze:Philosophize+1"],"picked":"bronze:Allocate","floor":22},{"not_picked":["bronze:Refactor","bronze:BitShift"],"picked":"bronze:BuggyMess","floor":23},{"not_picked":["bronze:BugBarrage","bronze:Deprecate+1","bronze:Philosophize"],"picked":"SKIP","floor":26},{"not_picked":["bronze:OilSpill","bronze:BitShift"],"picked":"bronze:ItsAFeature+1","floor":27},{"not_picked":["bronze:WhirlingStrike","bronze:Philosophize"],"picked":"bronze:ForLoop+1","floor":28},{"not_picked":["bronze:DigitalCarnage+1","bronze:WildBeam","bronze:NullPointer+1"],"picked":"SKIP","floor":29},{"not_picked":["bronze:FollowUp","bronze:Turbo","bronze:BurnOut"],"picked":"bronze:ForLoop+1","floor":31},{"not_picked":["bronze:Branch+1","bronze:InfiniteBeams+1","bronze:Deprecate"],"picked":"bronze:Iterate","floor":32}],"player_experience":1118836,"relics_obtained":[{"floor":7.0,"key":"Guardian:PocketSentry"},{"floor":10,"key":"Bronze Scales"},{"floor":12,"key":"Odd Mushroom"},{"floor":23,"key":"downfall:CloakOfManyFaces"},{"floor":31,"key":"Unceasing Top"}],"event_choices":[{"damage_healed":0,"gold_gain":0,"player_choice":"Fought Mushrooms","damage_taken":0,"max_hp_gain":0,"max_hp_loss":0,"event_name":"Mushrooms","floor":12,"gold_loss":0},{"damage_healed":0,"gold_gain":0,"player_choice":"Stole Relic","damage_taken":0,"relics_obtained":["bronze:CableSpool"],"max_hp_gain":0,"max_hp_loss":0,"event_name":"Addict","floor":21,"gold_loss":0,"cards_obtained":["Pride"]}],"is_beta":false,"boss_relics":[{"not_picked":["Pandora\u0027s Box","Fusion Hammer"],"picked":"Sozu"}],"items_purged_floors":[8,22],"is_endless":false,"potions_floor_spawned":[2,4,11,14,16,19,31],"killed_by":"WA_ARCHETYPE_CALM","ascension_level":0}}