{"host":"2p2urjtdoqk7wfo5","time":1610933109,"event":{"mods":["AchievementEnabler","BaseMod","Colored Powertips","Minty Spire (QoL Compilation)"],"gold_per_floor":[109,124,74,88,104,138,138,63,87,87,114,114,128,138,138,240,240,255,180,192,212,212,38,38,56,134,134,134,167,42,73,73,73,73],"floor_reached":33,"language":"ENG","playtime":3401,"items_purged":["Defend_P","Nirvana","TalkToTheHand"],"score":295,"play_id":"713fe803-a680-4d94-8843-e9764dfaa62d","local_time":"20210117172509","is_ascension_mode":false,"campfire_choices":[{"floor":7,"key":"REST"},{"floor":10,"key":"REST"},{"data":"Eruption","floor":15,"key":"SMITH"},{"floor":24,"key":"REST"},{"data":"Adaptation","floor":27,"key":"SMITH"},{"floor":32,"key":"REST"}],"circlet_count":0,"master_deck":["Strike_P","Strike_P","Strike_P","Eruption+1","Vigilance+1","Wallop","SignatureMove","Adaptation+1","FearNoEvil","Vengeance","Brilliance","SandsOfTime","Judgement+1","BattleHymn"],"relics":["Sozu","Orichalcum","Bag of Preparation","Vajra","Empty Cage","Frozen Egg 2","PreservedInsect","War Paint"],"acts_visited":["Exordium","TheCity"],"potions_floor_usage":[],"damage_taken":[{"damage":0.0,"enemies":"Small Slimes","floor":1.0,"turns":2.0},{"damage":4.0,"enemies":"2 Louse","floor":2.0,"turns":2.0},{"damage":0,"enemies":"Cultist","floor":4,"turns":3},{"damage":7,"enemies":"Blue Slaver","floor":5,"turns":2},{"damage":36,"enemies":"Lagavulin","floor":6,"turns":3},{"damage":13,"enemies":"Gremlin Nob","floor":11,"turns":4},{"damage":0,"enemies":"2 Fungi Beasts","floor":13,"turns":3},{"damage":2,"enemies":"Exordium Wildlife","floor":14,"turns":2},{"damage":32,"enemies":"The Guardian","floor":16,"turns":6},{"damage":16,"enemies":"2 Thieves","floor":18,"turns":3},{"damage":2,"enemies":"3 Byrds","floor":20,"turns":3},{"damage":15,"enemies":"Snake Plant","floor":21,"turns":2},{"damage":23,"enemies":"Shelled Parasite and Fungi","floor":25,"turns":3},{"damage":7,"enemies":"Colosseum Slavers","floor":28,"turns":3},{"damage":7,"enemies":"Gremlin Leader","floor":29,"turns":3},{"damage":17,"enemies":"Slavers","floor":31,"turns":3},{"damage":29,"enemies":"Champ","floor":33,"turns":5}],"seed_played":"7110902855832166669","potions_obtained":[],"is_trial":false,"path_per_floor":["M","M","?","M","M","E","R","$","T","R","E","?","M","M","R","B",null,"M","?","M","M","?","$","R","M","T","R","?","E","$","E","R","B"],"character_chosen":"WATCHER","items_purchased":["BattleHymn"],"campfire_rested":4,"item_purchase_floors":[23],"current_hp_per_floor":[72,68,68,68,61,25,46,46,46,67,54,54,54,52,52,20,72,56,56,54,39,39,39,60,37,37,37,30,23,23,6,27,0,0],"gold":73,"neow_bonus":"BOSS_RELIC","is_daily":false,"chose_seed":false,"campfire_upgraded":2,"win_rate":0.0,"timestamp":1610933109,"path_taken":["M","M","?","M","M","E","R","$","T","R","E","?","M","?","R","BOSS","M","?","M","M","?","?","R","M","T","R","?","E","$","E","R","BOSS"],"items_purchased_type":["Card"],"build_version":"2020-12-22","purchased_purges":3,"victory":false,"max_hp_per_floor":[72,72,72,72,72,72,72,72,72,72,72,72,72,72,72,72,72,72,72,72,72,72,72,72,72,72,72,72,72,72,72,72,72,72],"card_choices":[{"not_picked":["Conclude","FollowUp"],"picked":"Wallop","floor":1.0},{"not_picked":["JustLucky","Halt"],"picked":"SignatureMove","floor":2},{"not_picked":["Consecrate","CutThroughFate"],"picked":"Nirvana","floor":4},{"not_picked":["EmptyFist","SignatureMove"],"picked":"Adaptation","floor":5},{"not_picked":["EmptyBody","FlyingSleeves"],"picked":"FearNoEvil","floor":6},{"not_picked":["Consecrate","Sanctity","BowlingBash"],"picked":"SKIP","floor":11},{"not_picked":["Brilliance","Crescendo"],"picked":"SandsOfTime","floor":13},{"not_picked":["CutThroughFate","Nirvana","Study"],"picked":"SKIP","floor":14},{"not_picked":["ConjureBlade","Scrawl"],"picked":"Judgement","floor":16},{"not_picked":["FlurryOfBlows","Prostrate"],"picked":"TalkToTheHand","floor":18},{"not_picked":["CrushJoints","EmptyMind","Swivel"],"picked":"SKIP","floor":20},{"not_picked":["InnerPeace+1","EmptyBody","CutThroughFate"],"picked":"SKIP","floor":21},{"not_picked":["JustLucky","EmptyBody+1","Prostrate+1"],"picked":"SKIP","floor":25},{"not_picked":["Study+1","WheelKick","Ragnarok"],"picked":"SKIP","floor":29},{"not_picked":["FollowUp+1","WindmillStrike","CutThroughFate"],"picked":"SKIP","floor":31}],"player_experience":105148,"relics_obtained":[{"floor":6,"key":"Orichalcum"},{"floor":9,"key":"Bag of Preparation"},{"floor":11,"key":"Vajra"},{"floor":26,"key":"Frozen Egg 2"},{"floor":29,"key":"PreservedInsect"},{"floor":31,"key":"War Paint"}],"event_choices":[{"cards_removed":["Strike_P"],"damage_healed":0,"gold_gain":0,"player_choice":"Card Removal","damage_taken":0,"max_hp_gain":0,"max_hp_loss":0,"event_name":"The Cleric","floor":3,"gold_loss":50},{"damage_healed":0,"gold_gain":0,"player_choice":"2 cards matched","damage_taken":0,"max_hp_gain":0,"max_hp_loss":0,"event_name":"Match and Keep!","floor":12,"gold_loss":0,"cards_obtained":["Vengeance","Brilliance"]},{"cards_removed":["Defend_P"],"damage_healed":0,"gold_gain":0,"player_choice":"Gave Gold","damage_taken":0,"max_hp_gain":0,"max_hp_loss":0,"event_name":"Beggar","floor":19,"gold_loss":75},{"damage_healed":0,"gold_gain":0,"player_choice":"Ignored","damage_taken":0,"max_hp_gain":0,"max_hp_loss":0,"event_name":"Ghosts","floor":22,"gold_loss":0},{"damage_healed":0,"gold_gain":0,"player_choice":"Fight","damage_taken":0,"max_hp_gain":0,"max_hp_loss":0,"event_name":"Colosseum","floor":28,"gold_loss":0},{"damage_healed":0,"gold_gain":0,"player_choice":"Fled From Nobs","damage_taken":0,"max_hp_gain":0,"max_hp_loss":0,"event_name":"Colosseum","floor":28,"gold_loss":0}],"is_beta":false,"boss_relics":[{"not_picked":["SacredBark","Tiny House"],"picked":"Empty Cage"}],"items_purged_floors":[8,23,30],"is_endless":false,"potions_floor_spawned":[1,4,5,13,14,18,21,29,31],"killed_by":"Champ","ascension_level":0}}