{"host":"zxd2l8an9de7z7b9","time":1610975672,"event":{"mods":["100% Spire Juice","2.2 Compatiblity","BaseMod","Colored Map","Colored Powertips","Minty Spire (QoL Compilation)","Rare Cards Sparkle","StSLib","SuperFastMode"],"gold_per_floor":[111,124,135,60,115,150,40,58,107,117,128,228,228,56,56,157,157,175,189,64,77,77,77,97,113,140,20,120,120,0,13,13,115,115,130,130,10,360,380,413,413,448,448,448,448,448,28,0,0,0],"floor_reached":51,"language":"KOR","playtime":2150,"items_purged":["Moonworks:Strike","Moonworks:Strike","Doubt","Moonworks:Defend"],"score":780,"play_id":"58f08784-0236-4fb4-a487-649eba9031c3","local_time":"20210118221432","is_ascension_mode":false,"campfire_choices":[{"floor":15,"key":"REST"},{"data":"Moonworks:IndiscriminateFireSupport","floor":23,"key":"SMITH"},{"data":"Moonworks:RagingMadness","floor":27,"key":"SMITH"},{"data":"Moonworks:HolyNight","floor":30,"key":"SMITH"},{"data":"Moonworks:SakisCookie","floor":32,"key":"SMITH"},{"data":"Moonworks:AnotherUltimateWeapon","floor":41,"key":"SMITH"},{"floor":44,"key":"REST"},{"floor":49,"key":"REST"}],"circlet_count":0,"master_deck":["Moonworks:Strike","Moonworks:Strike","Moonworks:Defend","Moonworks:Defend","Moonworks:Defend","Moonworks:Ambush","Moonworks:LongDistanceShot+1","Moonworks:Assault","Moonworks:AwakeningOfTalent+1","Moonworks:PlushieMaster","Moonworks:LulusLuckyEgg","Moonworks:DeployBits","Moonworks:TacticalRetreat","Moonworks:NicePresent","Moonworks:IndiscriminateFireSupport+1","Moonworks:RagingMadness+1","Moonworks:HolyNight+1","Moonworks:Dash","Moonworks:Assault","Moonworks:EvilSpyWorkPreparation","Moonworks:IntelligenceOfficer","Moonworks:SakisCookie+1","Moonworks:SakisCookie+1","Moonworks:AnotherUltimateWeapon+1","Moonworks:ImOnFire","Moonworks:IndiscriminateFireSupport","Moonworks:CookingTime+1","Madness","Madness","Moonworks:LuckyCharm","Moonworks:RagingMadness","Moonworks:IndiscriminateFireSupport+1"],"relics":["Moonworks:SBBomb","Moonworks:Homemark","NeowsBlessing","Juzu Bracelet","Blood Vial","Busted Crown","FaceOfCleric","Whetstone","Mango","HornCleat","Old Coin","Singing Bowl","Dream Catcher","Gremlin Horn","Pen Nib","Red Mask"],"acts_visited":["Exordium","TheCity","TheBeyond"],"potions_floor_usage":[6,11,16,16,25,28,28,33],"damage_taken":[{"damage":0,"enemies":"Cultist","floor":1,"turns":1},{"damage":0,"enemies":"2 Louse","floor":2,"turns":1},{"damage":0,"enemies":"Small Slimes","floor":3,"turns":1},{"damage":25,"enemies":"3 Sentries","floor":6,"turns":10},{"damage":13,"enemies":"Red Slaver","floor":7,"turns":4},{"damage":4,"enemies":"Looter","floor":8,"turns":3},{"damage":5,"enemies":"Gremlin Gang","floor":10,"turns":4},{"damage":0,"enemies":"Large Slime","floor":11,"turns":8},{"damage":15,"enemies":"Hexaghost","floor":16,"turns":12},{"damage":17,"enemies":"Spheric Guardian","floor":18,"turns":4},{"damage":0,"enemies":"2 Thieves","floor":19,"turns":3},{"damage":3,"enemies":"Snecko","floor":21,"turns":7},{"damage":7,"enemies":"3 Cultists","floor":24,"turns":3},{"damage":7,"enemies":"Centurion and Healer","floor":25,"turns":2},{"damage":9,"enemies":"Colosseum Slavers","floor":28,"turns":3},{"damage":0,"enemies":"Colosseum Nobs","floor":28,"turns":2},{"damage":0,"enemies":"Sentry and Sphere","floor":31,"turns":3},{"damage":32,"enemies":"Champ","floor":33,"turns":14},{"damage":19,"enemies":"3 Darklings","floor":35,"turns":2},{"damage":0,"enemies":"Mind Bloom Boss Battle","floor":38,"turns":4},{"damage":10,"enemies":"Orb Walker","floor":39,"turns":3},{"damage":48,"enemies":"Reptomancer","floor":40,"turns":4},{"damage":37,"enemies":"Giant Head","floor":42,"turns":8},{"damage":38,"enemies":"Donu and Deca","floor":50,"turns":4}],"seed_played":"3301334322175499880","potions_obtained":[{"floor":2,"key":"LiquidMemories"},{"floor":6,"key":"Swift Potion"},{"floor":7,"key":"DistilledChaos"},{"floor":8,"key":"Energy Potion"},{"floor":13,"key":"SkillPotion"},{"floor":16,"key":"Explosive Potion"},{"floor":21,"key":"Weak Potion"},{"floor":28,"key":"Weak Potion"},{"floor":35,"key":"SpeedPotion"}],"is_trial":false,"path_per_floor":["M","M","M","$","?","E","M","M","T","M","M","?","?","$","R","B",null,"M","M","$","M","?","R","M","M","T","R","?","?","R","M","R","B",null,"M","?","$","?","M","E","R","E","T","R","?","?","$","?","R","B",null],"character_chosen":"THE_STARBREAKER","items_purchased":["Moonworks:RagingMadness","Pen Nib","Moonworks:LuckyCharm","Moonworks:RagingMadness"],"campfire_rested":3,"item_purchase_floors":[14,47,47,47],"current_hp_per_floor":[60,60,60,60,60,35,22,18,18,15,17,17,17,17,35,22,60,43,45,45,44,44,44,40,36,36,36,47,47,47,50,50,27,80,68,68,68,77,76,37,37,19,19,47,49,38,38,38,65,36],"gold":0,"neow_bonus":"THREE_ENEMY_KILL","is_daily":false,"chose_seed":false,"campfire_upgraded":5,"win_rate":0.0,"timestamp":1610975672,"path_taken":["M","M","?","$","?","E","M","M","T","M","M","?","?","?","R","BOSS","M","M","$","M","?","R","M","M","T","R","?","?","R","M","R","BOSS","M","?","$","?","M","E","R","E","T","R","?","?","$","?","R","BOSS"],"items_purchased_type":["Card","Relic","Card","Card"],"build_version":"2020-12-22","purchased_purges":4,"victory":true,"max_hp_per_floor":[60,60,60,60,60,60,60,60,60,60,60,60,60,60,60,60,60,60,60,60,60,60,60,61,62,62,62,78,78,78,79,79,80,80,81,81,81,82,83,84,84,87,87,89,91,91,91,91,91,92],"card_choices":[{"not_picked":["Moonworks:CloudOfSeagulls","Moonworks:JonathanRush"],"picked":"Moonworks:Assault","floor":1},{"not_picked":["Moonworks:ImOnFire","Moonworks:ForcedRevival"],"picked":"Moonworks:AwakeningOfTalent","floor":2},{"not_picked":["Moonworks:Assault","Moonworks:CloudOfSeagulls"],"picked":"Moonworks:PlushieMaster","floor":3},{"not_picked":["Moonworks:CloudOfSeagulls","Moonworks:SakisCookie"],"picked":"Moonworks:LulusLuckyEgg","floor":6},{"not_picked":["Moonworks:Assault","Moonworks:CastOff"],"picked":"Moonworks:DeployBits","floor":7},{"not_picked":["Moonworks:SakisCookie","Moonworks:JonathanRush"],"picked":"Moonworks:TacticalRetreat","floor":8},{"not_picked":["Moonworks:LulusLuckyEgg","Moonworks:Assault"],"picked":"Moonworks:NicePresent","floor":10},{"not_picked":["Moonworks:LulusLuckyEgg","Moonworks:DeployBits"],"picked":"Moonworks:IndiscriminateFireSupport","floor":11},{"not_picked":["Moonworks:Blazing","Moonworks:Encore"],"picked":"Moonworks:HolyNight","floor":16},{"not_picked":[],"picked":"Moonworks:Dash","floor":18},{"not_picked":["Moonworks:Assault"],"picked":"SKIP","floor":19},{"not_picked":[],"picked":"Moonworks:Assault","floor":21},{"not_picked":[],"picked":"Moonworks:EvilSpyWorkPreparation","floor":24},{"not_picked":[],"picked":"Moonworks:IntelligenceOfficer","floor":25},{"not_picked":[],"picked":"Moonworks:SakisCookie","floor":28},{"not_picked":[],"picked":"Moonworks:SakisCookie+1","floor":31},{"not_picked":[],"picked":"Moonworks:AnotherUltimateWeapon","floor":33},{"not_picked":[],"picked":"Moonworks:ImOnFire","floor":35},{"not_picked":[],"picked":"Moonworks:IndiscriminateFireSupport","floor":38},{"not_picked":["Moonworks:BigMagnum"],"picked":"SKIP","floor":39},{"not_picked":[],"picked":"Moonworks:CookingTime+1","floor":40},{"not_picked":["Moonworks:MixPhenomenon+1"],"picked":"Singing Bowl","floor":42},{"not_picked":["Moonworks:JonathanRush"],"picked":"Singing Bowl","floor":44},{"not_picked":["Chrysalis"],"picked":"Singing Bowl","floor":45},{"not_picked":[],"picked":"Moonworks:IndiscriminateFireSupport+1","floor":49}],"player_experience":321369,"relics_obtained":[{"floor":6,"key":"Juzu Bracelet"},{"floor":9,"key":"Blood Vial"},{"floor":26,"key":"Whetstone"},{"floor":28,"key":"Mango"},{"floor":28,"key":"HornCleat"},{"floor":38,"key":"Old Coin"},{"floor":40,"key":"Singing Bowl"},{"floor":42,"key":"Dream Catcher"},{"floor":43,"key":"Gremlin Horn"}],"event_choices":[{"damage_healed":0,"gold_gain":175,"player_choice":"AGREE","damage_taken":0,"max_hp_gain":0,"max_hp_loss":0,"event_name":"Liars Game","floor":5,"gold_loss":0,"cards_obtained":["Doubt"]},{"damage_healed":0,"gold_gain":100,"player_choice":"Pray","damage_taken":0,"max_hp_gain":0,"max_hp_loss":0,"event_name":"Golden Shrine","floor":12,"gold_loss":0},{"damage_healed":0,"gold_gain":0,"player_choice":"Got Potions","damage_taken":0,"max_hp_gain":0,"max_hp_loss":0,"event_name":"Lab","floor":13,"gold_loss":0},{"damage_healed":0,"gold_gain":0,"player_choice":"Trade","damage_taken":0,"relics_obtained":["FaceOfCleric"],"max_hp_gain":0,"max_hp_loss":0,"event_name":"FaceTrader","floor":22,"gold_loss":0},{"damage_healed":0,"gold_gain":0,"player_choice":"Fight","damage_taken":0,"max_hp_gain":0,"max_hp_loss":0,"event_name":"Colosseum","floor":28,"gold_loss":0},{"damage_healed":0,"gold_gain":0,"player_choice":"Fought Nobs","damage_taken":0,"max_hp_gain":0,"max_hp_loss":0,"event_name":"Colosseum","floor":28,"gold_loss":0},{"damage_healed":0,"gold_gain":0,"player_choice":"Ignored","damage_taken":0,"max_hp_gain":0,"max_hp_loss":0,"event_name":"Cursed Tome","floor":29,"gold_loss":0},{"damage_healed":0,"gold_gain":0,"player_choice":"Ignored","damage_taken":0,"max_hp_gain":0,"max_hp_loss":0,"event_name":"SecretPortal","floor":36,"gold_loss":0},{"damage_healed":0,"gold_gain":0,"player_choice":"Fight","damage_taken":0,"max_hp_gain":0,"max_hp_loss":0,"event_name":"MindBloom","floor":38,"gold_loss":0},{"damage_healed":0,"gold_gain":0,"player_choice":"Memory 1","damage_taken":0,"max_hp_gain":0,"max_hp_loss":0,"event_name":"SensoryStone","floor":45,"gold_loss":0},{"damage_healed":0,"gold_gain":0,"player_choice":"Embrace Madness","damage_taken":11,"max_hp_gain":0,"max_hp_loss":0,"event_name":"Winding Halls","floor":46,"gold_loss":0,"cards_obtained":["Madness","Madness"]},{"damage_healed":0,"gold_gain":0,"player_choice":"Paid","damage_taken":0,"relics_obtained":["Red Mask"],"max_hp_gain":0,"max_hp_loss":0,"event_name":"Tomb of Lord Red Mask","floor":48,"gold_loss":28}],"is_beta":false,"boss_relics":[{"not_picked":["Runic Pyramid","Snecko Eye"],"picked":"Busted Crown"},{"not_picked":["Fusion Hammer","SlaversCollar"],"picked":"Moonworks:SBBomb"}],"items_purged_floors":[4,14,20,47],"is_endless":false,"potions_floor_spawned":[2,6,7,8,16,21,24,28,28,35],"ascension_level":0}}