{"host":"xp5rvh2jwe2ejyfm","time":1610997723,"event":{"mods":["BaseMod","Hermit","Minty Spire (QoL Compilation)","Replay The Spire","StSLib","The Construct","The Cursed","The Disciple","The Hierophant","The Necromancer","The Runesmith"],"gold_per_floor":[93,93,104,82,82,82,65,34,34],"floor_reached":8,"language":"ENG","playtime":303,"items_purged":[],"score":73,"play_id":"7fea0e14-a869-420f-bd9f-8f298624482a","local_time":"20210118142203","is_ascension_mode":false,"campfire_choices":[{"data":"hierophant:Glossolalia","floor":6,"key":"SMITH"}],"circlet_count":0,"master_deck":["hierophant:Strike_Hierophant","hierophant:Strike_Hierophant","hierophant:Strike_Hierophant","hierophant:Strike_Hierophant","hierophant:Punish","hierophant:Defend_Hierophant","hierophant:Defend_Hierophant","hierophant:Defend_Hierophant","hierophant:Defend_Hierophant","hierophant:ChurchCoffers","hierophant:EyeForCoin","hierophant:Doubloon","hierophant:Doubloon","hierophant:Refuge+1","hierophant:Doubloon","hierophant:Glossolalia+1","hierophant:Doubloon","hierophant:AuricBeam","Regret","hierophant:Doubloon","hierophant:Doubloon","hierophant:Charity","hierophant:Doubloon"],"relics":["hierophant:PropheticMaskRelic","Pantograph"],"acts_visited":["Exordium"],"potions_floor_usage":[],"damage_taken":[{"damage":0,"enemies":"Small Slimes","floor":1,"turns":3},{"damage":26,"enemies":"Jaw Worm","floor":3,"turns":6},{"damage":0,"enemies":"2 Louse","floor":4,"turns":3},{"damage":19,"enemies":"Lots of Slimes","floor":7,"turns":4},{"damage":60,"enemies":"Gremlin Nob","floor":8,"turns":5}],"seed_played":"-1859094750197158979","potions_obtained":[{"floor":1,"key":"LiquidBronze"}],"is_trial":false,"path_per_floor":["M","?","M","M","?","R","M","E"],"character_chosen":"HIEROPHANT","items_purchased":[],"campfire_rested":0,"item_purchase_floors":[],"current_hp_per_floor":[75,75,49,49,49,49,30,0,0],"gold":34,"neow_bonus":"THREE_CARDS","is_daily":false,"chose_seed":false,"campfire_upgraded":1,"win_rate":0.0,"timestamp":1610997723,"path_taken":["M","?","M","M","?","R","?","E"],"items_purchased_type":[],"build_version":"2020-12-22","purchased_purges":0,"victory":false,"max_hp_per_floor":[75,75,75,75,75,75,75,75,75],"card_choices":[{"not_picked":["hierophant:RepressedViolence","hierophant:Remorse"],"picked":"hierophant:EyeForCoin","floor":0},{"not_picked":["hierophant:Empathy","hierophant:RepressedViolence"],"picked":"hierophant:Refuge","floor":1},{"not_picked":["hierophant:OrnateBuckler","hierophant:DisplayOfPower"],"picked":"hierophant:Glossolalia","floor":3},{"not_picked":["hierophant:Charity","hierophant:FieryStrike"],"picked":"hierophant:AuricBeam","floor":4},{"not_picked":["hierophant:PassingBell","hierophant:Mercenaries"],"picked":"hierophant:Charity","floor":7}],"player_experience":227970,"relics_obtained":[],"event_choices":[{"damage_healed":0,"gold_gain":0,"player_choice":"Box","damage_taken":0,"relics_obtained":["Pantograph"],"max_hp_gain":0,"max_hp_loss":0,"event_name":"Big Fish","floor":5,"gold_loss":0,"cards_obtained":["Regret"]}],"is_beta":false,"boss_relics":[],"items_purged_floors":[],"is_endless":false,"potions_floor_spawned":[1],"killed_by":"Gremlin Nob","ascension_level":0}}