{"host":"ygfasg9u7olr7skw","time":1610936736,"event":{"mods":["AchievementEnabler","BaseMod","Better Note","Better Vampires","Colored Powertips","Minty Spire (QoL Compilation)","Replay The Spire","Spicy Shops","StSLib","The IronCluck"],"gold_per_floor":[114,188,208,208,208,208,221,221,296,312,322,336,336,336,336,59,59,155,155,166,179,119,19,19,19,19],"floor_reached":25,"language":"ENG","playtime":1196,"items_purged":["Strike_R","Strike_R"],"score":227,"play_id":"77a9ac10-1f1e-4692-b9d2-ae85e830d6b1","local_time":"20210117212536","is_ascension_mode":true,"campfire_choices":[{"floor":6,"key":"REST"},{"data":"Heavy Blade","floor":8,"key":"SMITH"},{"floor":13,"key":"REST"},{"data":"Flex","floor":17,"key":"SMITH"}],"circlet_count":0,"master_deck":["Strike_R","Strike_R+1","Defend_R+1","Defend_R","Defend_R","Defend_R","Bash","Heavy Blade+1","Cleave","Spot Weakness","Twin Strike","Twin Strike","Whirlwind","Flex+1","Barricade","Shrug It Off","Iron Wave"],"relics":["Burning Blood","Juzu Bracelet","Art of War","Ornamental Fan","Orrery","Sozu"],"acts_visited":["Exordium","TheCity"],"potions_floor_usage":[12,18,18,18,25],"damage_taken":[{"damage":3,"enemies":"Small Slimes","floor":1,"turns":3},{"damage":3,"enemies":"2 Louse","floor":3,"turns":3},{"damage":1,"enemies":"Jaw Worm","floor":7,"turns":3},{"damage":8,"enemies":"2 Fungi Beasts","floor":10,"turns":5},{"damage":5,"enemies":"Looter","floor":11,"turns":4},{"damage":12,"enemies":"Large Slime","floor":12,"turns":3},{"damage":22,"enemies":"Fading Forest","floor":18,"turns":11},{"damage":10,"enemies":"Chosen","floor":20,"turns":5},{"damage":22,"enemies":"2 Thieves","floor":21,"turns":4},{"damage":19,"enemies":"Replay:Snechameleon","floor":25,"turns":3}],"seed_played":"-3154437846427346488","potions_obtained":[{"floor":2,"key":"Toxic Potion"},{"floor":2,"key":"Doom Potion"},{"floor":7,"key":"Doom Potion"},{"floor":11,"key":"Adrenaline Potion"},{"floor":12,"key":"SkillPotion"},{"floor":18,"key":"AttackPotion"}],"is_trial":false,"path_per_floor":["M","?","M","?","?","R","M","R","T","M","M","M","R","PTL","PTL","$","R","B",null,"M","M","?","$","?","E"],"character_chosen":"IRONCLAD","items_purchased":["Orrery","Whirlwind","Flex"],"campfire_rested":2,"item_purchase_floors":[16,16,16],"current_hp_per_floor":[80,60,63,47,40,64,69,69,69,67,68,62,80,80,80,80,80,70,80,76,60,60,60,60,41,41],"gold":19,"neow_bonus":"RANDOM_COMMON_RELIC","is_daily":false,"chose_seed":false,"campfire_upgraded":2,"win_rate":0.0,"timestamp":1610936736,"path_taken":["M","?","M","?","?","R","M","R","T","M","M","M","R","PTL","PTL","$","R","BOSS","M","M","?","$","?","E"],"items_purchased_type":["Relic","Card","Card"],"build_version":"2020-12-22","purchased_purges":2,"victory":false,"max_hp_per_floor":[80,80,80,80,80,80,80,80,80,80,80,80,80,80,80,80,80,80,80,80,80,80,80,80,80,80],"card_choices":[{"not_picked":["Run Through","Disarm","Feel No Pain"],"picked":"SKIP","floor":1},{"not_picked":["Bloodletting","Warcry"],"picked":"Heavy Blade","floor":2},{"not_picked":["ReplayReversal","Iron Wave"],"picked":"Cleave","floor":3},{"not_picked":["Run Through","Dual Wield","Hemogenesis"],"picked":"SKIP","floor":7},{"not_picked":["Anger","Disarm","Run Through"],"picked":"SKIP","floor":10},{"not_picked":["Carnage","Havoc","Twin Strike"],"picked":"SKIP","floor":11},{"not_picked":["True Grit","Replay:Undeath\u0027s Touch"],"picked":"Spot Weakness","floor":12},{"not_picked":["Entrench","Thunderclap"],"picked":"Twin Strike","floor":16},{"not_picked":["Shockwave","Shrug It Off"],"picked":"Twin Strike","floor":16},{"not_picked":["Corruption","Hemogenesis"],"picked":"Barricade","floor":18},{"not_picked":["Headbutt","Feel No Pain"],"picked":"Shrug It Off","floor":20},{"not_picked":["Replay:Undeath\u0027s Touch","Blood for Blood+1","Heavy Blade"],"picked":"SKIP","floor":21}],"player_experience":320725,"relics_obtained":[{"floor":2,"key":"Art of War"},{"floor":9,"key":"Ornamental Fan"}],"event_choices":[{"damage_healed":0,"gold_gain":0,"player_choice":"Entered Light","damage_taken":16,"max_hp_gain":0,"max_hp_loss":0,"event_name":"Shining Light","floor":4,"gold_loss":0,"cards_upgraded":["Strike_R","Defend_R"]},{"cards_removed":["Strike_R"],"damage_healed":0,"gold_gain":0,"player_choice":"Card Removal","damage_taken":7,"max_hp_gain":0,"max_hp_loss":0,"event_name":"Golden Wing","floor":5,"gold_loss":0},{"damage_healed":0,"gold_gain":0,"player_choice":"Read","damage_taken":0,"max_hp_gain":0,"max_hp_loss":0,"event_name":"The Library","floor":24,"gold_loss":0,"cards_obtained":["Iron Wave"]}],"is_beta":false,"boss_relics":[{"not_picked":["Kintsugi","Ectoplasm"],"picked":"Sozu"}],"items_purged_floors":[16,23],"is_endless":false,"potions_floor_spawned":[7,11,12,18],"killed_by":"Replay:Snechameleon","ascension_level":1}}