{"host":"p9t7qd83igtcp2bh","time":1610945317,"event":{"mods":["2.2 Compatiblity","AchievementEnabler","BaseMod","Colored Map","Colored Powertips","Custom Start","DeckTracker","Keyboard Shortcuts","Minty Spire (QoL Compilation)","Permanent Neow","StSLib","SuperFastMode","everything is the same but u backflip on backflip"],"gold_per_floor":[117,127,147,147,7,40,40,58,110,31,98,23,23,39,39,118,118,130,143,143,143,143],"floor_reached":21,"language":"KOR","playtime":574,"items_purged":["Strike_B"],"score":358,"play_id":"9994e873-d743-4b12-955e-be71239a6c0a","local_time":"20210118134837","is_ascension_mode":true,"campfire_choices":[{"data":"Sunder","floor":7.0,"key":"SMITH"},{"floor":13.0,"key":"REST"},{"data":"Dualcast","floor":15.0,"key":"SMITH"}],"circlet_count":0,"master_deck":["AscendersBane","Strike_B","Strike_B","Strike_B","Defend_B","Defend_B","Defend_B","Defend_B","Zap","Dualcast+1","Melter","Cold Snap","Conserve Battery","Self Repair","Rebound","Sunder+1","Sweeping Beam","Static Discharge","Blizzard","Cold Snap","Recycle+1"],"relics":["Cracked Core","Strawberry","Matryoshka","Omamori","Orichalcum","Inserter"],"acts_visited":["Exordium","TheCity"],"potions_floor_usage":[16,18],"damage_taken":[{"damage":14.0,"enemies":"Small Slimes","floor":1.0,"turns":4.0},{"damage":2.0,"enemies":"2 Louse","floor":2.0,"turns":2.0},{"damage":5.0,"enemies":"Jaw Worm","floor":3.0,"turns":3.0},{"damage":37.0,"enemies":"Lagavulin","floor":6.0,"turns":8.0},{"damage":12.0,"enemies":"Exordium Wildlife","floor":8.0,"turns":4.0},{"damage":7.0,"enemies":"Looter","floor":14.0,"turns":3.0},{"damage":30,"enemies":"The Guardian","floor":16,"turns":11},{"damage":29,"enemies":"Chosen","floor":18,"turns":6},{"damage":30,"enemies":"Shell Parasite","floor":19,"turns":7},{"damage":50,"enemies":"3 Cultists","floor":21,"turns":4}],"seed_played":"-551101674869093272","potions_obtained":[{"floor":3.0,"key":"LiquidBronze"},{"floor":8.0,"key":"Regen Potion"},{"floor":14.0,"key":"Block Potion"},{"floor":19,"key":"DuplicationPotion"}],"is_trial":false,"path_per_floor":["M","M","M","?","$","E","R","M","T","$","?","$","R","M","R","B",null,"M","M","?","M"],"character_chosen":"DEFECT","items_purchased":["Self Repair","Rebound","Static Discharge"],"campfire_rested":1,"item_purchase_floors":[5,5,10],"current_hp_per_floor":[57,55,50,55,55,25,25,13,13,13,13,13,37,37,37,29,70,48,25,42,0,0],"gold":143,"neow_bonus":"RANDOM_COMMON_RELIC","is_daily":false,"chose_seed":false,"campfire_upgraded":2,"win_rate":0.0,"timestamp":1610945317,"path_taken":["M","M","M","?","$","E","R","M","T","$","?","?","R","M","R","BOSS","M","M","?","M"],"items_purchased_type":["Card","Card","Card"],"build_version":"2020-12-22","purchased_purges":1,"victory":false,"max_hp_per_floor":[78,78,78,83,83,83,83,83,83,83,83,83,83,83,83,83,83,83,83,83,83,83],"card_choices":[{"not_picked":["Leap","Turbo"],"picked":"Melter","floor":1.0},{"not_picked":["Stack","Tempest"],"picked":"Cold Snap","floor":2.0},{"not_picked":["Turbo","Stack"],"picked":"Conserve Battery","floor":3.0},{"not_picked":["Rebound","Turbo"],"picked":"Sunder","floor":6.0},{"not_picked":["Stack","Conserve Battery"],"picked":"Sweeping Beam","floor":8.0},{"not_picked":["Aggregate","Barrage"],"picked":"Blizzard","floor":14.0},{"not_picked":["Streamline","Rebound"],"picked":"Cold Snap","floor":18},{"not_picked":["Go for the Eyes","Sweeping Beam"],"picked":"Recycle+1","floor":19}],"player_experience":654381,"relics_obtained":[{"floor":6.0,"key":"Matryoshka"},{"floor":9.0,"key":"Omamori"},{"floor":9.0,"key":"Orichalcum"}],"event_choices":[{"damage_healed":0.0,"max_hp_gain":5.0,"max_hp_loss":0.0,"gold_gain":0.0,"event_name":"Big Fish","player_choice":"Donut","floor":4.0,"gold_loss":0.0,"damage_taken":0.0},{"damage_healed":0.0,"max_hp_gain":0.0,"max_hp_loss":0.0,"gold_gain":67.0,"event_name":"Golden Wing","player_choice":"Gained Gold","floor":11.0,"gold_loss":0.0,"damage_taken":0.0},{"damage_healed":17,"gold_gain":0,"player_choice":"Heal","damage_taken":0,"max_hp_gain":0,"max_hp_loss":0,"event_name":"The Library","floor":20,"gold_loss":0}],"is_beta":false,"boss_relics":[{"not_picked":["Sozu","Pandora\u0027s Box"],"picked":"Inserter"}],"items_purged_floors":[12],"is_endless":false,"potions_floor_spawned":[3,8,14,19],"killed_by":"3 Cultists","ascension_level":20}}