{"host":"7wagoesq7cf4lu47","time":1610983876,"event":{"mods":["BaseMod","Minty Spire (QoL Compilation)","StSLib","Yuri Mod"],"gold_per_floor":[114,289,364,43,61,92,106,106,131,131,149,177,177,177,177,272,272,285,309,309,309,321,355,355,365,420,420,438,211,237,262,262,262,262],"floor_reached":33,"language":"ZHS","playtime":1687,"items_purged":["Writhe"],"score":366,"play_id":"85f576ac-9345-41e6-83cd-4a4ac6048652","local_time":"20210118233116","is_ascension_mode":false,"campfire_choices":[{"data":"yuri:SeeingDouble","floor":8.0,"key":"SMITH"},{"data":"yuri:GrowingInsanity","floor":15.0,"key":"SMITH"},{"floor":24.0,"key":"REST"},{"data":"yuri:MagneticKnives","floor":27.0,"key":"SMITH"},{"data":"yuri:DejaVu","floor":32,"key":"SMITH"}],"circlet_count":0,"master_deck":["yuri:yuriStrike","yuri:yuriStrike+1","yuri:yuriStrike","yuri:yuriStrike","yuri:yuriDefend","yuri:yuriDefend","yuri:yuriDefend","yuri:yuriDefend","yuri:yuriDefend","yuri:Oolong+1","yuri:yuriStab+1","yuri:Stare+1","yuri:SeeingDouble+1","yuri:TeaSet","yuri:GrowingInsanity+1","yuri:MagneticKnives+1","yuri:HeavierStrike+1","yuri:InsanityDefense+1","yuri:DejaVu+1"],"relics":["yuri:yuriKnife","NeowsBlessing","yuri:PortableGlitches","Art of War","Tiny Chest","Du-Vu Doll","TungstenRod","Whetstone","Kunai","Enchiridion","Ornamental Fan","War Paint","Orichalcum","Dream Catcher","Ancient Tea Set"],"acts_visited":["Exordium","TheCity"],"potions_floor_usage":[],"damage_taken":[{"damage":0.0,"enemies":"Cultist","floor":1.0,"turns":1.0},{"damage":0.0,"enemies":"Small Slimes","floor":5.0,"turns":1.0},{"damage":1.0,"enemies":"3 Sentries","floor":6.0,"turns":2.0},{"damage":0.0,"enemies":"2 Louse","floor":7.0,"turns":2.0},{"damage":3.0,"enemies":"Looter","floor":11.0,"turns":3.0},{"damage":26.0,"enemies":"Lagavulin","floor":12.0,"turns":5.0},{"damage":45.0,"enemies":"Hexaghost","floor":16.0,"turns":8.0},{"damage":20.0,"enemies":"2 Thieves","floor":18.0,"turns":3.0},{"damage":8.0,"enemies":"Spheric Guardian","floor":22.0,"turns":4.0},{"damage":26.0,"enemies":"Slavers","floor":23.0,"turns":5.0},{"damage":4.0,"enemies":"3 Cultists","floor":25.0,"turns":4.0},{"damage":4.0,"enemies":"Cultist and Chosen","floor":28.0,"turns":4.0},{"damage":15.0,"enemies":"Book of Stabbing","floor":31.0,"turns":4.0},{"damage":54,"enemies":"Champ","floor":33,"turns":6}],"seed_played":"-2568541570862825017","potions_obtained":[{"floor":5.0,"key":"AttackPotion"},{"floor":6.0,"key":"Strength Potion"},{"floor":11.0,"key":"Explosive Potion"},{"floor":25.0,"key":"LiquidBronze"}],"is_trial":false,"path_per_floor":["M","?","?","$","M","E","M","R","T","?","M","E","?","?","R","B",null,"M","T","?","?","M","E","R","M","T","R","M","$","T","E","R","B"],"character_chosen":"YURI","items_purchased":["yuri:PortableGlitches","yuri:SeeingDouble","Orichalcum"],"campfire_rested":1,"item_purchase_floors":[4,4,29],"current_hp_per_floor":[80,80,69,69,69,68,72,72,72,72,73,51,48,42,42,1,80,64,64,64,52,48,26,50,50,50,50,53,53,53,45,45,0,0],"gold":262,"neow_bonus":"THREE_ENEMY_KILL","is_daily":false,"chose_seed":false,"campfire_upgraded":4,"win_rate":0.0,"timestamp":1610983876,"path_taken":["M","?","?","$","M","E","M","R","T","?","M","E","?","?","R","BOSS","M","?","?","?","M","E","R","M","T","R","M","?","?","E","R","BOSS"],"items_purchased_type":["Relic","Card","Relic"],"build_version":"2020-12-22","purchased_purges":1,"victory":false,"max_hp_per_floor":[80,80,80,80,80,80,80,80,80,80,80,80,80,80,80,80,80,80,80,80,80,80,80,80,80,80,80,80,80,80,80,80,80,80],"card_choices":[{"not_picked":["yuri:RecklessStrike","yuri:ChibiInvasion"],"picked":"yuri:Stare","floor":1.0},{"not_picked":["yuri:DebugCard","yuri:SturdyUniform"],"picked":"yuri:TeaSet","floor":5.0},{"not_picked":["yuri:ThornRemove","yuri:RemoveSafetyChecks"],"picked":"yuri:GrowingInsanity","floor":6.0},{"not_picked":["yuri:GlitchedStrike","yuri:UnstableStrike","yuri:NerfBat"],"picked":"SKIP","floor":7.0},{"not_picked":["yuri:RecklessStrike","yuri:TPose","yuri:CalmingAura"],"picked":"SKIP","floor":11.0},{"not_picked":["yuri:NerfBat","yuri:GlitchedStrike","yuri:DebugCard"],"picked":"SKIP","floor":12.0},{"not_picked":["yuri:GhostForm","yuri:ExploitStrike"],"picked":"yuri:MagneticKnives","floor":16.0},{"not_picked":["yuri:ThrowingKnives","yuri:RepairCode+1"],"picked":"yuri:HeavierStrike+1","floor":18.0},{"not_picked":["yuri:RecklessStrike+1","yuri:Torment"],"picked":"yuri:InsanityDefense+1","floor":22.0},{"not_picked":["yuri:UnstableStrike+1","yuri:yuriHeavyStrike+1","yuri:DisableStrike"],"picked":"SKIP","floor":23.0},{"not_picked":["yuri:GlitchedStrike+1","yuri:CalmingAura","yuri:Stalk+1"],"picked":"SKIP","floor":25.0},{"not_picked":["yuri:RepairCode+1","yuri:InsanityDefense+1"],"picked":"yuri:DejaVu","floor":28.0},{"not_picked":["yuri:BookBlue","yuri:UnstableStrike","yuri:DebugCard"],"picked":"SKIP","floor":31.0}],"player_experience":167096,"relics_obtained":[{"floor":6.0,"key":"Art of War"},{"floor":9.0,"key":"Tiny Chest"},{"floor":12.0,"key":"Du-Vu Doll"},{"floor":19.0,"key":"Whetstone"},{"floor":21.0,"key":"Enchiridion"},{"floor":23.0,"key":"Ornamental Fan"},{"floor":26.0,"key":"War Paint"},{"floor":30.0,"key":"Dream Catcher"},{"floor":31.0,"key":"Ancient Tea Set"}],"event_choices":[{"damage_healed":0.0,"max_hp_gain":0.0,"max_hp_loss":0.0,"gold_gain":175.0,"event_name":"Liars Game","player_choice":"AGREE","floor":2.0,"gold_loss":0.0,"damage_taken":0.0,"cards_obtained":["Doubt"]},{"damage_healed":0.0,"max_hp_gain":0.0,"max_hp_loss":0.0,"gold_gain":75.0,"event_name":"World of Goop","player_choice":"Gather Gold","floor":3.0,"gold_loss":0.0,"damage_taken":11.0},{"cards_removed":["Doubt"],"damage_healed":0.0,"max_hp_gain":0.0,"max_hp_loss":0.0,"gold_gain":0.0,"event_name":"Living Wall","player_choice":"Forget","floor":10.0,"gold_loss":0.0,"damage_taken":0.0},{"damage_healed":0.0,"max_hp_gain":0.0,"max_hp_loss":0.0,"gold_gain":0.0,"event_name":"Scrap Ooze","player_choice":"Success","floor":13.0,"gold_loss":0.0,"damage_taken":3.0,"relics_obtained":["TungstenRod"]},{"cards_removed":["yuri:yuriStrike"],"damage_healed":0.0,"max_hp_gain":0.0,"max_hp_loss":0.0,"gold_gain":0.0,"event_name":"Golden Wing","player_choice":"Card Removal","floor":14.0,"gold_loss":0.0,"damage_taken":7.0},{"damage_healed":0.0,"max_hp_gain":0.0,"max_hp_loss":0.0,"gold_gain":0.0,"event_name":"The Mausoleum","player_choice":"Opened","floor":20.0,"gold_loss":0.0,"damage_taken":0.0,"relics_obtained":["Kunai"],"cards_obtained":["Writhe"]},{"damage_healed":0.0,"max_hp_gain":0.0,"max_hp_loss":0.0,"gold_gain":0.0,"event_name":"Cursed Tome","player_choice":"Obtained Book","floor":21.0,"gold_loss":0.0,"damage_taken":16.0}],"is_beta":false,"boss_relics":[{"not_picked":["SacredBark","yuri:PortraitOfMarkov","Calling Bell"]}],"items_purged_floors":[29],"is_endless":false,"potions_floor_spawned":[5,6,11,22,25],"killed_by":"Champ","ascension_level":0}}