{"host":"wcqwttj5v9rz3xmq","time":1610997270,"event":{"mods":["BaseMod","Colored Map","Downfall","Minty Spire (QoL Compilation)","StSLib"],"gold_per_floor":[99,118,138,153,35,35,35,35],"floor_reached":6,"language":"ENG","playtime":811,"items_purged":[],"score":36,"play_id":"9336d66a-bec1-4ad1-ae69-209785e79de8","local_time":"20210118141430","is_ascension_mode":false,"campfire_choices":[{"data":"Slimebound:Split","floor":1,"key":"SMITH"}],"circlet_count":0,"master_deck":["Slimebound:Strike_Slimebound","Slimebound:Strike_Slimebound","Slimebound:Strike_Slimebound","Slimebound:Tackle","Slimebound:Defend_Slimebound","Slimebound:Defend_Slimebound","Slimebound:Defend_Slimebound","Slimebound:Defend_Slimebound","Slimebound:Split+1","Slimebound:CorrosiveSpit","Slimebound:LeechingTouch","Slimebound:SamplingLick","Slimebound:SlimeSpikes","Slimebound:SlimeSpikes","Slimebound:SpikyOuterGoop","Slimebound:LivingWall"],"relics":["Slimebound:AbsorbEndCombat"],"acts_visited":["Exordium"],"potions_floor_usage":[],"damage_taken":[{"damage":6,"enemies":"Jaw Worm","floor":2,"turns":4},{"damage":5,"enemies":"Small Slimes","floor":3,"turns":4},{"damage":0,"enemies":"2 Louse","floor":4,"turns":3},{"damage":3,"enemies":"downfall:FleeingMerchant","floor":5,"turns":4},{"damage":80,"enemies":"Gremlin Nob","floor":6,"turns":6}],"seed_played":"-1337949546313226763","potions_obtained":[{"floor":4,"key":"Explosive Potion"}],"is_trial":false,"path_per_floor":["R","M","M","M","$","E"],"character_chosen":"SLIMEBOUND","items_purchased":["Slimebound:SpikyOuterGoop","Slimebound:LivingWall"],"campfire_rested":0,"item_purchase_floors":[5,5],"current_hp_per_floor":[71,68,64,67,66,0,0,0],"gold":35,"neow_bonus":"TEN_PERCENT_HP_BONUS","is_daily":false,"chose_seed":false,"campfire_upgraded":1,"win_rate":0.0,"timestamp":1610997270,"path_taken":["R","M","M","M","$","E"],"items_purchased_type":["Card","Card"],"build_version":"2020-12-22","purchased_purges":0,"victory":false,"max_hp_per_floor":[71,71,71,71,71,71,71,71],"card_choices":[{"not_picked":["Slimebound:ItLooksTasty","Slimebound:HauntingLick"],"picked":"Slimebound:LeechingTouch","floor":2},{"not_picked":["Slimebound:Gluttony","Slimebound:GrowthPunch"],"picked":"Slimebound:SamplingLick","floor":3},{"not_picked":["Slimebound:FormOfPuddle","Slimebound:SplitMire"],"picked":"Slimebound:SlimeSpikes","floor":4},{"not_picked":["Slimebound:FirmFortitude","Slimebound:TongueLash"],"picked":"Slimebound:SlimeSpikes","floor":5}],"player_experience":81387,"relics_obtained":[],"event_choices":[],"is_beta":false,"boss_relics":[],"items_purged_floors":[],"is_endless":false,"potions_floor_spawned":[4],"killed_by":"Gremlin Nob","ascension_level":0}}