{"host":"dhz33sbo0u8uk8hq","time":1610987352,"event":{"mods":["BaseMod","Colored Map","Minty Spire (QoL Compilation)","StSLib","The Edgeheg","The Marked","The Saiyan","Yuri Mod"],"gold_per_floor":[117,117,135,135,151,151,151,75,75,75,92,92,92,111,111,239,239,234,234,234,257,53,53,78,78,131,131,155,178,178,192,192,315,315,338,414,434,91,105,105,105,105],"floor_reached":41,"language":"ENG","playtime":1456,"items_purged":[],"score":381,"play_id":"9f09019a-9be7-4043-9087-73e7c09e77ff","local_time":"20210118232912","is_ascension_mode":false,"campfire_choices":[{"data":"yuri:yuriDefend","floor":10,"key":"SMITH"},{"floor":15,"key":"REST"},{"floor":23,"key":"REST"},{"floor":25,"key":"RECALL"},{"floor":32,"key":"REST"},{"floor":40,"key":"REST"}],"circlet_count":0,"master_deck":["yuri:yuriStrike+1","yuri:yuriStrike+1","yuri:yuriStrike+1","yuri:yuriStrike+1","yuri:yuriStrike+1","yuri:yuriDefend+1","yuri:yuriDefend+1","yuri:yuriDefend+1","yuri:yuriDefend+1","yuri:yuriDefend+1","yuri:yuriStab","yuri:MPose","yuri:Parry+1","yuri:NerfBat","yuri:Parry","yuri:Parry+1","yuri:Skip","yuri:TPose","yuri:NoEscape+1","yuri:yuriHeavyStrike+1","yuri:WickedSlash+1","yuri:ThrowBook+1","yuri:ThrowBook+1","yuri:yuriQuickStrike+1","yuri:HeavierStrike+1","yuri:yuriHeavyStrike+1","yuri:ConsumeGlitch","yuri:ThrowingKnives+1","yuri:Spin+1","Flash of Steel+1","yuri:yuriQuickStrike+1"],"relics":["yuri:yuriKnife","NeowsBlessing","Molten Egg 2","Meat on the Bone","Thread and Needle","Golden Idol","Sozu","Chemical X","Ancient Tea Set","Snecko Eye","Ornamental Fan"],"acts_visited":["Exordium","TheCity","TheBeyond"],"potions_floor_usage":[],"damage_taken":[{"damage":0,"enemies":"2 Louse","floor":1,"turns":1},{"damage":0,"enemies":"Jaw Worm","floor":3,"turns":1},{"damage":0,"enemies":"Small Slimes","floor":5,"turns":1},{"damage":6,"enemies":"2 Fungi Beasts","floor":11,"turns":4},{"damage":1,"enemies":"Looter","floor":14,"turns":3},{"damage":43,"enemies":"Hexaghost","floor":16,"turns":16},{"damage":2,"enemies":"2 Thieves","floor":18,"turns":4},{"damage":2,"enemies":"Chosen","floor":21,"turns":4},{"damage":0,"enemies":"Snake Plant","floor":24,"turns":4},{"damage":13,"enemies":"3 Cultists","floor":29,"turns":5},{"damage":16,"enemies":"Centurion and Healer","floor":31,"turns":7},{"damage":52,"enemies":"Champ","floor":33,"turns":11},{"damage":2,"enemies":"Orb Walker","floor":35,"turns":3},{"damage":24,"enemies":"3 Shapes","floor":37,"turns":3},{"damage":23,"enemies":"Jaw Worm Horde","floor":39,"turns":6},{"damage":59,"enemies":"Nemesis","floor":41,"turns":10}],"seed_played":"7171678677917551985","potions_obtained":[{"floor":3,"key":"Block Potion"},{"floor":11,"key":"AttackPotion"}],"is_trial":false,"path_per_floor":["M","?","M","?","M","?","?","$","T","R","M","T","?","M","R","B",null,"M","?","?","M","$","R","M","R","T","$","T","M","?","M","R","B",null,"M","T","M","$","M","R","E"],"character_chosen":"YURI","items_purchased":["yuri:Parry+1","yuri:ThrowBook+1","Chemical X","Flash of Steel+1","Ornamental Fan"],"campfire_rested":4,"item_purchase_floors":[8,22,22,38,38],"current_hp_per_floor":[80,80,80,80,80,80,79,79,79,79,73,73,73,72,74,43,74,72,72,72,70,70,74,74,74,74,74,74,61,61,45,67,27,74,72,72,48,48,37,59,0,0],"gold":105,"neow_bonus":"THREE_ENEMY_KILL","is_daily":false,"chose_seed":false,"campfire_upgraded":1,"win_rate":0.0,"timestamp":1610987352,"path_taken":["M","?","M","?","M","?","?","?","T","R","M","?","?","M","R","BOSS","M","?","?","M","$","R","M","R","T","$","?","M","?","M","R","BOSS","M","?","M","$","M","R","E"],"items_purchased_type":["Card","Card","Relic","Card","Relic"],"build_version":"2020-12-22","purchased_purges":0,"victory":false,"max_hp_per_floor":[80,80,80,80,80,80,80,80,80,80,80,80,74,74,74,74,74,74,74,74,74,74,74,74,74,74,74,74,74,74,74,74,74,74,74,74,74,74,74,74,74,74],"card_choices":[{"not_picked":["yuri:Stare","yuri:DejaVu"],"picked":"yuri:MPose","floor":1},{"not_picked":["yuri:yuriQuickStrike","yuri:RecklessStrike"],"picked":"yuri:NerfBat","floor":3},{"not_picked":["yuri:Stalk","yuri:SturdyUniform"],"picked":"yuri:Parry","floor":5},{"not_picked":["yuri:DebugCard","yuri:Stalk"],"picked":"yuri:Skip","floor":11},{"not_picked":["yuri:Spin+1","yuri:ThrowBook+1"],"picked":"yuri:TPose","floor":14},{"not_picked":["yuri:DistillInsanity","yuri:RelentlessStrikes"],"picked":"yuri:NoEscape+1","floor":16},{"not_picked":["yuri:RecklessStrike+1","yuri:Skip"],"picked":"yuri:yuriHeavyStrike+1","floor":18},{"not_picked":["yuri:Skip","yuri:DragonForm"],"picked":"yuri:ThrowBook+1","floor":21},{"not_picked":["yuri:AdaptiveAI","yuri:RecklessStrike+1"],"picked":"yuri:yuriQuickStrike+1","floor":24},{"not_picked":["yuri:CalmingAura","yuri:UnstableStrike+1"],"picked":"yuri:HeavierStrike+1","floor":29},{"not_picked":["yuri:AdaptiveAI","yuri:WickedSlash+1"],"picked":"yuri:yuriHeavyStrike+1","floor":31},{"not_picked":["yuri:Torment","yuri:Suicide"],"picked":"yuri:ConsumeGlitch","floor":33},{"not_picked":["yuri:HoldBack+1","yuri:TPose"],"picked":"yuri:ThrowingKnives+1","floor":35},{"not_picked":["yuri:CorruptHitbox+1","yuri:Skip"],"picked":"yuri:Spin+1","floor":37},{"not_picked":["yuri:GlitchedStrike+1","yuri:ArmBrace"],"picked":"yuri:yuriQuickStrike+1","floor":39}],"player_experience":26743,"relics_obtained":[{"floor":9,"key":"Meat on the Bone"},{"floor":12,"key":"Thread and Needle"},{"floor":26,"key":"Ancient Tea Set"}],"event_choices":[{"damage_healed":0,"gold_gain":0,"cards_transformed":["yuri:Oolong"],"player_choice":"Change","damage_taken":0,"max_hp_gain":0,"max_hp_loss":0,"event_name":"Living Wall","floor":2,"gold_loss":0,"cards_obtained":["yuri:Parry"]},{"damage_healed":26,"gold_gain":0,"player_choice":"Banana","damage_taken":0,"max_hp_gain":0,"max_hp_loss":0,"event_name":"Big Fish","floor":4,"gold_loss":0},{"damage_healed":0,"gold_gain":0,"player_choice":"Ignored","damage_taken":0,"max_hp_gain":0,"max_hp_loss":0,"event_name":"Liars Game","floor":6,"gold_loss":0},{"damage_healed":0,"gold_gain":0,"player_choice":"Lose Max HP","damage_taken":0,"relics_obtained":["Golden Idol"],"max_hp_gain":0,"max_hp_loss":6,"event_name":"Golden Idol","floor":13,"gold_loss":0},{"damage_healed":0,"gold_gain":0,"player_choice":"Simplicity","damage_taken":0,"max_hp_gain":0,"max_hp_loss":0,"event_name":"Back to Basics","floor":19,"gold_loss":0,"cards_upgraded":["yuri:yuriStrike","yuri:yuriStrike","yuri:yuriStrike","yuri:yuriStrike","yuri:yuriStrike","yuri:yuriDefend","yuri:yuriDefend","yuri:yuriDefend","yuri:yuriDefend"]},{"damage_healed":0,"gold_gain":0,"player_choice":"Read","damage_taken":0,"max_hp_gain":0,"max_hp_loss":0,"event_name":"The Library","floor":20,"gold_loss":0,"cards_obtained":["yuri:WickedSlash"]},{"damage_healed":0,"gold_gain":0,"player_choice":"Forge","damage_taken":0,"max_hp_gain":0,"max_hp_loss":0,"event_name":"Accursed Blacksmith","floor":30,"gold_loss":0,"cards_upgraded":["yuri:Parry"]}],"is_beta":false,"boss_relics":[{"not_picked":["Busted Crown","Velvet Choker"],"picked":"Sozu"},{"not_picked":["Runic Dome","yuri:BookOfBooks"],"picked":"Snecko Eye"}],"items_purged_floors":[],"is_endless":false,"potions_floor_spawned":[3,11,29,33,37,39],"killed_by":"Nemesis","ascension_level":0}}