{"host":"rylkjufw9dlhr07b","time":1610929463,"event":{"mods":["AchievementEnabler","BaseMod","Better Note","BetterRewards","Hubris","Minty Spire (QoL Compilation)","Quick Restart","Replay The Spire","StSLib"],"gold_per_floor":[116,96,7,7,23,51,51,126,151,205,221,232,244,260,260,336,436,447,447,458,458,476,476,141,151,151,168,183,273,291,291,291,301,301,301,301],"floor_reached":35,"language":"FRA","playtime":1349,"items_purged":[],"score":785,"play_id":"5a66ec29-5907-4e74-8b06-6341d466da8a","local_time":"20210118012423","is_ascension_mode":true,"campfire_choices":[{"floor":15,"key":"REST"},{"data":"Armaments","floor":23,"key":"SMITH"},{"floor":34,"key":"REST"}],"circlet_count":0,"master_deck":["AscendersBane","Strike_R","Strike_R","Strike_R","Strike_R","Strike_R","Defend_R","Defend_R","Defend_R","Defend_R","Bash","True Grit","Fire Breathing","Metallicize","ReplayTheSpireMod:Strike From Hell","Armaments+1","Wild Strike","Evolve","Body Slam+1","Flex","Armaments+1","ReplayTheSpireMod:Limb From Limb","Iron Wave","Feed","Thunderclap","Power Through","ReplayTheSpireMod:Limb From Limb","Sword Boomerang","Power Through","Replay:Undeath\u0027s Touch","Carnage","Clothesline"],"relics":["Burning Blood","Iron Hammer","hubris:Icosahedron","Durian","Du-Vu Doll","hubris:ChampionShield","Replay:Wanted Poster","Juzu Bracelet","Gremlin Food","Tiny Chest"],"acts_visited":["Exordium","TheCity"],"potions_floor_usage":[16,16,27,28,30,33],"damage_taken":[{"damage":2.0,"enemies":"2 Louse","floor":1.0,"turns":4.0},{"damage":0.0,"enemies":"Cultist","floor":5.0,"turns":4.0},{"damage":11.0,"enemies":"Lagavulin","floor":6.0,"turns":7.0},{"damage":0,"enemies":"Jaw Worm","floor":11,"turns":3},{"damage":9,"enemies":"Looter","floor":12,"turns":3},{"damage":1,"enemies":"2 Fungi Beasts","floor":13,"turns":2},{"damage":6,"enemies":"Exordium Wildlife","floor":14,"turns":4},{"damage":0,"enemies":"Slime Boss","floor":16,"turns":9},{"damage":14,"enemies":"Shell Parasite","floor":18,"turns":5},{"damage":0,"enemies":"Chosen","floor":20,"turns":4},{"damage":25,"enemies":"Snake Plant","floor":22,"turns":4},{"damage":4,"enemies":"Chosen and Byrds","floor":25,"turns":5},{"damage":24,"enemies":"3 Cultists","floor":27,"turns":6},{"damage":17,"enemies":"Snecko","floor":28,"turns":5},{"damage":9,"enemies":"Centurion and Healer","floor":30,"turns":8},{"damage":20,"enemies":"Snake Plant","floor":33,"turns":5},{"damage":51,"enemies":"Collector","floor":35,"turns":9}],"seed_played":"6581717478554402828","potions_obtained":[{"floor":2.0,"key":"Dexterity Potion"},{"floor":12,"key":"Venom Potion"},{"floor":13,"key":"PowerPotion"},{"floor":22,"key":"Milkshake"},{"floor":27,"key":"Strength Potion"},{"floor":28,"key":"LiquidMemories"},{"floor":30,"key":"Weak Potion"}],"is_trial":false,"path_per_floor":["M","?","$","?","M","E","T","?","T","?","M","M","M","M","R","B",null,"M","?","M","?","M","R","$","M","T","M","M","?","M","PTL","PTL","M","R","B"],"character_chosen":"IRONCLAD","items_purchased":["Iron Hammer","True Grit","Fire Breathing","Metallicize","Armaments+1","Wild Strike","Juzu Bracelet","Gremlin Food"],"campfire_rested":2,"item_purchase_floors":[0,0,0,0,3,3,24,24],"current_hp_per_floor":[37,37,37,37,43,43,43,32,32,32,38,35,40,40,64,70,78,70,70,76,76,57,57,57,62,62,47,36,24,24,24,24,10,36,0,0],"gold":301,"neow_bonus":"","is_daily":false,"chose_seed":false,"campfire_upgraded":1,"win_rate":0.0,"timestamp":1610929463,"path_taken":["M","?","?","?","M","E","?","?","T","?","M","M","?","M","R","BOSS","M","?","?","?","?","R","$","M","T","M","M","?","M","PTL","PTL","M","R","BOSS"],"items_purchased_type":["Relic","Card","Card","Card","Card","Card","Relic","Relic"],"build_version":"2020-12-22","purchased_purges":0,"victory":false,"max_hp_per_floor":[75,75,75,75,75,80,80,80,80,80,80,80,80,80,80,80,80,80,80,80,80,80,80,80,83,83,86,86,86,89,89,89,89,89,89,89],"card_choices":[{"not_picked":["Spot Weakness","Flex"],"picked":"ReplayTheSpireMod:Strike From Hell","floor":1.0},{"not_picked":["Anger","Havoc"],"picked":"Evolve","floor":5.0},{"not_picked":["Entrench","Heavy Blade"],"picked":"Body Slam","floor":6.0},{"not_picked":["Sentinel","Disarm"],"picked":"Flex","floor":11},{"not_picked":["Burning Pact","Cleave"],"picked":"Armaments","floor":12},{"not_picked":["Sever Soul","Perfected Strike"],"picked":"ReplayTheSpireMod:Limb From Limb","floor":13},{"not_picked":["Flex","Impervious"],"picked":"Iron Wave","floor":14},{"not_picked":["Bludgeon","Limit Break"],"picked":"Feed","floor":16},{"not_picked":["Dual Wield+1","Armaments"],"picked":"Thunderclap","floor":18},{"not_picked":["Armaments","Burning Pact+1"],"picked":"Clash","floor":20},{"not_picked":["Searing Blow+1","Headbutt"],"picked":"ReplayTheSpireMod:Limb From Limb","floor":22},{"not_picked":["Headbutt","Heavy Blade"],"picked":"Sword Boomerang","floor":25},{"not_picked":["Pommel Strike","Heavy Blade"],"picked":"Power Through","floor":27},{"not_picked":["Heavy Blade","Pommel Strike+1"],"picked":"Replay:Undeath\u0027s Touch","floor":28},{"not_picked":["Havoc","Flex"],"picked":"Carnage","floor":30},{"not_picked":["Rage","Flex"],"picked":"Clothesline","floor":33}],"player_experience":539733,"relics_obtained":[{"floor":6.0,"key":"Durian"},{"floor":7.0,"key":"Du-Vu Doll"},{"floor":9.0,"key":"hubris:ChampionShield"},{"floor":26,"key":"Tiny Chest"}],"event_choices":[{"damage_healed":0.0,"max_hp_gain":0.0,"max_hp_loss":0.0,"gold_gain":0.0,"event_name":"The Woman in Blue","player_choice":"Bought 1 Potion","floor":2.0,"gold_loss":0.0,"damage_taken":0.0},{"damage_healed":0.0,"max_hp_gain":0.0,"max_hp_loss":0.0,"gold_gain":75.0,"event_name":"World of Goop","player_choice":"Gather Gold","floor":8.0,"gold_loss":0.0,"damage_taken":11.0},{"damage_healed":0.0,"max_hp_gain":0.0,"max_hp_loss":0.0,"gold_gain":54.0,"event_name":"Golden Wing","player_choice":"Gained Gold","floor":10.0,"gold_loss":0.0,"damage_taken":0.0},{"cards_removed":["Feed"],"damage_healed":0,"gold_gain":0,"player_choice":"Give","damage_taken":0,"max_hp_gain":0,"max_hp_loss":0,"event_name":"betterNote:BetterNote","floor":19,"gold_loss":0,"cards_obtained":["None"]},{"damage_healed":0,"gold_gain":0,"cards_transformed":["Clash"],"player_choice":"Transformed","damage_taken":0,"max_hp_gain":0,"max_hp_loss":0,"event_name":"Transmorgrifier","floor":21,"gold_loss":0,"cards_obtained":["Power Through"]},{"damage_healed":0,"gold_gain":90,"player_choice":"GOLD ","damage_taken":12,"max_hp_gain":0,"max_hp_loss":0,"event_name":"Knowing Skull","floor":29,"potions_obtained":[],"gold_loss":0,"cards_obtained":[]}],"is_beta":false,"boss_relics":[{"not_picked":["hubris:BlackHole","Coffee Dripper"],"picked":"Replay:Wanted Poster"}],"items_purged_floors":[],"is_endless":false,"potions_floor_spawned":[5,12,13,22,27,28,30],"killed_by":"Collector","ascension_level":18}}