{"host":"Stephanie","time":1610966163,"event":{"mods":["BaseMod","Colored Powertips","Minty Spire (QoL Compilation)","Rare Cards Sparkle","Relic Stats","StSLib","The Marked"],"gold_per_floor":[112,112,112,15,15,15,31,60,60,89,107,120,120,133,133,234,234,247,247,264,277,295,295,22,22,22],"floor_reached":25,"language":"ENG","playtime":1298,"items_purged":["theMarked:Strike"],"score":213,"play_id":"3019d5b0-6796-414b-b5c8-d7f0d46b1917","local_time":"20210118053603","is_ascension_mode":false,"campfire_choices":[{"floor":6,"key":"REST"},{"floor":13,"key":"REST"},{"data":"theMarked:HeritageOfTheMarked","floor":15,"key":"SMITH"}],"circlet_count":0,"master_deck":["theMarked:Strike","theMarked:Strike","theMarked:Strike","theMarked:Strike+1","theMarked:Defend","theMarked:Defend","theMarked:Defend","theMarked:Defend","theMarked:SoldierOfQuellstein","theMarked:BindingBlade+1","theMarked:WardOff","theMarked:BanishingStrike","theMarked:SuspiciousRaven","theMarked:FavorableWinds+1","theMarked:HeritageOfTheMarked+1","theMarked:Electrocute","theMarked:BindingBlade+1","CurseOfTheBell","theMarked:ComboAttacks","theMarked:MaelstromOfLightning+1","theMarked:ChannelForce+1","theMarked:ElementalBlade+1","theMarked:DeterminationOfTheMarked"],"relics":["theMarked:ArtifactOfAir","Letter Opener","GremlinMask","Lantern","Toxic Egg 2","Calling Bell","Orichalcum","HornCleat","Peace Pipe","Juzu Bracelet","Membership Card"],"acts_visited":["TheCity"],"potions_floor_usage":[8,8,20,22,25],"damage_taken":[{"damage":3,"enemies":"2 Louse","floor":1,"turns":3},{"damage":0,"enemies":"Small Slimes","floor":7,"turns":3},{"damage":18,"enemies":"3 Sentries","floor":8,"turns":11},{"damage":21,"enemies":"Lagavulin","floor":10,"turns":6},{"damage":1,"enemies":"Cultist","floor":11,"turns":4},{"damage":0,"enemies":"Large Slime","floor":12,"turns":2},{"damage":1,"enemies":"2 Fungi Beasts","floor":14,"turns":4},{"damage":25,"enemies":"Hexaghost","floor":16,"turns":6},{"damage":0,"enemies":"Chosen","floor":18,"turns":3},{"damage":5,"enemies":"3 Byrds","floor":20,"turns":4},{"damage":25,"enemies":"Snake Plant","floor":21,"turns":4},{"damage":0,"enemies":"Cultist and Chosen","floor":22,"turns":4},{"damage":35,"enemies":"Masked Bandits","floor":25,"turns":3}],"seed_played":"3912353311709953359","potions_obtained":[{"floor":1,"key":"Dexterity Potion"},{"floor":8,"key":"Swift Potion"},{"floor":16,"key":"Dexterity Potion"},{"floor":20,"key":"SkillPotion"},{"floor":21,"key":"GamblersBrew"}],"is_trial":false,"path_per_floor":["M","?","?","$","?","R","M","E","T","E","M","M","R","M","R","B",null,"M","?","M","M","M","?","$","?"],"character_chosen":"THE_DEFAULT","items_purchased":["Block Potion","SteroidPotion","Membership Card","theMarked:ElementalBlade+1","theMarked:DeterminationOfTheMarked"],"campfire_rested":2,"item_purchase_floors":[4,4,24,24,24],"current_hp_per_floor":[67,55,41,41,41,62,62,44,44,23,22,22,43,42,42,17,70,70,57,52,27,27,27,27,0,0],"gold":22,"neow_bonus":"ONE_RANDOM_RARE_CARD","is_daily":false,"chose_seed":false,"campfire_upgraded":1,"win_rate":0.0,"timestamp":1610966163,"path_taken":["M","?","?","$","?","R","M","E","T","E","?","M","R","M","R","BOSS","M","?","M","M","M","?","$","?"],"items_purchased_type":["Potion","Potion","Relic","Card","Card"],"build_version":"2020-12-18","purchased_purges":1,"victory":false,"max_hp_per_floor":[70,70,70,70,70,70,70,70,70,70,70,70,70,70,70,70,70,70,75,75,75,75,75,75,75,75],"relic_stats":{"Peace Pipe":0,"counters":[13,57],"Juzu Bracelet":1,"Letter Opener":[35],"Orichalcum":[6],"obtain_stats":[{"Calling Bell":17,"Peace Pipe":17,"theMarked:ArtifactOfAir":0,"Lantern":8,"HornCleat":17,"GremlinMask":5,"Juzu Bracelet":23,"Letter Opener":2,"Membership Card":24,"Toxic Egg 2":10,"Orichalcum":17},{"Calling Bell":8,"Peace Pipe":8,"theMarked:ArtifactOfAir":0,"Lantern":3,"HornCleat":8,"GremlinMask":1,"Juzu Bracelet":12,"Letter Opener":1,"Membership Card":12,"Toxic Egg 2":4,"Orichalcum":8},{"Calling Bell":39,"Peace Pipe":39,"theMarked:ArtifactOfAir":0,"Lantern":17,"HornCleat":39,"GremlinMask":3,"Juzu Bracelet":54,"Letter Opener":3,"Membership Card":54,"Toxic Egg 2":23,"Orichalcum":39}]},"card_choices":[{"not_picked":["theMarked:LightningStrikesTwice","theMarked:ResourceFulStrike"],"picked":"theMarked:WardOff","floor":1},{"not_picked":["theMarked:ComboAttacks","theMarked:WastefulDefense"],"picked":"theMarked:BanishingStrike","floor":7},{"not_picked":["theMarked:Opportunist","theMarked:Panic"],"picked":"theMarked:SuspiciousRaven","floor":8},{"not_picked":["theMarked:Electrocute","theMarked:Frustration"],"picked":"theMarked:FavorableWinds+1","floor":10},{"not_picked":["theMarked:WastefulAttack","theMarked:HeightenedSenses+1"],"picked":"theMarked:HeritageOfTheMarked","floor":11},{"not_picked":["theMarked:RepellingDischarge+1","theMarked:GodGivenPower"],"picked":"theMarked:Electrocute","floor":12},{"not_picked":["theMarked:GodGivenPower","theMarked:HeightenedSenses+1","theMarked:TwofoldDefense+1"],"picked":"SKIP","floor":14},{"not_picked":["theMarked:FavorableWinds+1","theMarked:EternalStudent+1"],"picked":"theMarked:BindingBlade+1","floor":16},{"not_picked":["theMarked:ContemptForTheProud+1","theMarked:StartUp"],"picked":"theMarked:ComboAttacks","floor":18},{"not_picked":["theMarked:Frustration","theMarked:BanishingStrike"],"picked":"theMarked:MaelstromOfLightning+1","floor":20},{"not_picked":["theMarked:WastefulDefense+1","theMarked:WastefulAttack+1","theMarked:RepellingDischarge+1"],"picked":"SKIP","floor":21},{"not_picked":["theMarked:BanishingWave","theMarked:LightningStrikesTwice"],"picked":"theMarked:ChannelForce+1","floor":22}],"player_experience":861894,"relics_obtained":[{"floor":8,"key":"Lantern"},{"floor":10,"key":"Toxic Egg 2"},{"floor":17,"key":"Orichalcum"},{"floor":17,"key":"HornCleat"},{"floor":17,"key":"Peace Pipe"}],"event_choices":[{"damage_healed":0,"gold_gain":0,"player_choice":"Success","damage_taken":12,"relics_obtained":["Letter Opener"],"max_hp_gain":0,"max_hp_loss":0,"event_name":"Scrap Ooze","floor":2,"gold_loss":0},{"damage_healed":0,"gold_gain":0,"player_choice":"Entered Light","damage_taken":14,"max_hp_gain":0,"max_hp_loss":0,"event_name":"Shining Light","floor":3,"gold_loss":0,"cards_upgraded":["theMarked:BindingBlade","theMarked:Strike"]},{"damage_healed":0,"gold_gain":0,"player_choice":"Trade","damage_taken":0,"relics_obtained":["GremlinMask"],"max_hp_gain":0,"max_hp_loss":0,"event_name":"FaceTrader","floor":5,"gold_loss":0},{"damage_healed":0,"gold_gain":0,"player_choice":"Shed Blood","damage_taken":18,"max_hp_gain":5,"max_hp_loss":0,"event_name":"Forgotten Altar","floor":19,"gold_loss":0},{"damage_healed":0,"gold_gain":0,"player_choice":"Gave Potion","damage_taken":0,"relics_obtained":["Juzu Bracelet"],"max_hp_gain":0,"max_hp_loss":0,"event_name":"WeMeetAgain","floor":23,"gold_loss":0},{"damage_healed":0,"gold_gain":0,"player_choice":"Fought Bandits","damage_taken":0,"max_hp_gain":0,"max_hp_loss":0,"event_name":"Masked Bandits","floor":25,"gold_loss":0}],"is_beta":true,"boss_relics":[{"not_picked":["Tiny House","SlaversCollar"],"picked":"Calling Bell"}],"items_purged_floors":[24],"is_endless":false,"potions_floor_spawned":[1,8,16,20,21],"killed_by":"Masked Bandits","ascension_level":0}}