{"host":"rylkjufw9dlhr07b","time":1610971233,"event":{"mods":["AchievementEnabler","BaseMod","Better Note","BetterRewards","Hubris","Minty Spire (QoL Compilation)","Quick Restart","Replay The Spire","StSLib"],"gold_per_floor":[119,119,83,83,12,12,23,35,35,25,38,65,340,357,357,459,459,471,482,482,492,509,509,534,534,534,449,466,483,508,448,448,553,553,572,138,158,158,158,193,193,37,37,65,117,117,133,43,43,43],"floor_reached":51,"language":"FRA","playtime":3076,"items_purged":["Regret"],"score":1287,"play_id":"d482e6f1-f4c7-4686-bb3a-182ecdec6f98","local_time":"20210118130033","is_ascension_mode":true,"campfire_choices":[{"floor":6.0,"key":"REST"},{"data":"Defragment","floor":15.0,"key":"SMITH"},{"floor":23.0,"key":"REST"},{"floor":32.0,"key":"REST"},{"floor":41,"key":"REST"},{"data":"Fission","floor":49,"key":"SMITH"}],"circlet_count":0,"master_deck":["AscendersBane","Strike_B","Strike_B","Strike_B","Strike_B","Defend_B","Defend_B","Defend_B","Defend_B","Zap","Dualcast","Apotheosis+1","Bandage Up","ReplayTheSpireMod:Calculation Training","Conserve Battery","Cold Snap+1","Capacitor","Defragment","Compile Driver","Stack","Defragment+1","Fission+1","Chaos","Mirror Shield","Heatsinks","Leap","Feed+1","Panic Button","Cold Snap+1","Ball Lightning","Glacier","Redo","Streamline","Machine Learning","Storm","Coolheaded","Coolheaded","Specialist","Storm","Pot Of Greed","Pot Of Greed","Pot Of Greed","Pot Of Greed","Self Repair","Scrape","Madness","Madness"],"relics":["Cracked Core","Pear","Torii","Ring of Hypnosis","ReplayTheSpireMod:Ring of Addiction","White Beast Statue","Toy Ornithopter","hubris:RGBLights","Mirror","Philosopher\u0027s Stone","PreservedInsect","Potion Belt","Gambling Chip","Garlic","Replay:Grab Bag","Busted Crown","hubris:RunicObelisk","SacredBark","MealTicket","hubris:ToyBattleship","hubris:Icosahedron","Grinning Jar","hubris:TinFlute","Dream Catcher","hubris:MedicalManual"],"acts_visited":["Exordium","TheCity","TheBeyond"],"potions_floor_usage":[40,40,44,44,45,45,45,45,47,50,50,50,50],"damage_taken":[{"damage":1.0,"enemies":"Jaw Worm","floor":1.0,"turns":3.0},{"damage":0.0,"enemies":"2 Louse","floor":7.0,"turns":3.0},{"damage":0.0,"enemies":"Cultist","floor":8.0,"turns":3.0},{"damage":9.0,"enemies":"Exordium Thugs","floor":10.0,"turns":4.0},{"damage":8.0,"enemies":"3 Louse","floor":11.0,"turns":4.0},{"damage":1.0,"enemies":"Lagavulin","floor":12.0,"turns":5.0},{"damage":7.0,"enemies":"Gremlin Gang","floor":14.0,"turns":3.0},{"damage":83.0,"enemies":"Fading Forest","floor":16.0,"turns":11.0},{"damage":2.0,"enemies":"Chosen","floor":18.0,"turns":7.0},{"damage":20.0,"enemies":"Spheric Guardian","floor":19.0,"turns":4.0},{"damage":18.0,"enemies":"Snake Plant","floor":21.0,"turns":6.0},{"damage":15.0,"enemies":"Centurion and Healer","floor":22.0,"turns":12.0},{"damage":92.0,"enemies":"Gremlin Leader","floor":24.0,"turns":12.0},{"damage":0.0,"enemies":"3 Cultists","floor":28.0,"turns":4.0},{"damage":10.0,"enemies":"Sentry and Sphere","floor":29.0,"turns":4.0},{"damage":1.0,"enemies":"Book of Stabbing","floor":30.0,"turns":6.0},{"damage":46.0,"enemies":"Automaton","floor":33.0,"turns":10.0},{"damage":4.0,"enemies":"Orb Walker","floor":35.0,"turns":5.0},{"damage":0.0,"enemies":"3 Shapes","floor":37.0,"turns":6.0},{"damage":36,"enemies":"R_Hoarder","floor":40,"turns":9},{"damage":6,"enemies":"Reptomancer","floor":44,"turns":4},{"damage":23,"enemies":"2 Orb Walkers","floor":45,"turns":5},{"damage":0,"enemies":"Transient","floor":47,"turns":5},{"damage":0,"enemies":"Replay:Hell Engine","floor":50,"turns":9}],"seed_played":"-7545475184447642461","potions_obtained":[{"floor":4.0,"key":"Elixir"},{"floor":4.0,"key":"PowerPotion"},{"floor":4.0,"key":"Dexterity Potion"},{"floor":7.0,"key":"Doom Potion"},{"floor":8.0,"key":"FearPotion"},{"floor":10.0,"key":"Milkshake"},{"floor":12.0,"key":"SneckoOil"},{"floor":14.0,"key":"AttackPotion"},{"floor":16.0,"key":"BlessingOfTheForge"},{"floor":18.0,"key":"EssenceOfSteel"},{"floor":19.0,"key":"FearPotion"},{"floor":21.0,"key":"PowerPotion"},{"floor":22.0,"key":"Weak Potion"},{"floor":24.0,"key":"LifebloodPotion"},{"floor":28.0,"key":"GamblersBrew"},{"floor":29.0,"key":"Weak Potion"},{"floor":30.0,"key":"Energy Potion"},{"floor":33.0,"key":"Energy Potion"},{"floor":35.0,"key":"FearPotion"},{"floor":37.0,"key":"Weak Potion"},{"floor":40,"key":"Fire Potion"},{"floor":44,"key":"Weak Potion"},{"floor":45,"key":"Elixir"},{"floor":47,"key":"AttackPotion"}],"is_trial":false,"path_per_floor":["M","?","$","?","$","R","M","M","T","M","M","E","?","M","R","B",null,"M","M","?","M","M","R","E","?","T","?","M","M","E","?","R","B",null,"M","$","M","?","?","E","R","$","T","E","?","?","M","?","R","B",null],"character_chosen":"DEFECT","items_purchased":["Apotheosis","Pear","Bandage Up","Torii","ReplayTheSpireMod:Calculation Training","Conserve Battery","Capacitor","Defragment","MealTicket","hubris:ToyBattleship","Coolheaded","Specialist","Self Repair"],"campfire_rested":4,"item_purchase_floors":[0,0,0,0,0,0,3,5,36,36,36,36,42],"current_hp_per_floor":[49,49,49,49,49,74,85,85,85,82,74,84,84,78,78,3,65,74,60,60,53,55,80,2,2,2,2,13,13,26,26,52,12,67,76,76,84,84,84,64,92,95,95,93,97,85,97,97,97,97],"gold":43,"neow_bonus":"","is_daily":false,"chose_seed":false,"campfire_upgraded":2,"win_rate":0.0,"timestamp":1610971233,"path_taken":["M","?","$","?","?","R","?","M","T","M","M","E","?","M","R","BOSS","M","?","?","M","M","R","E","?","T","?","M","M","E","?","R","BOSS","M","$","M","?","?","E","R","$","T","E","?","?","M","?","R","BOSS"],"items_purchased_type":["Card","Relic","Card","Relic","Card","Card","Card","Card","Relic","Relic","Card","Card","Card"],"build_version":"2020-12-22","purchased_purges":1,"victory":true,"max_hp_per_floor":[85,85,85,85,85,85,85,85,85,85,85,85,85,85,85,85,85,85,85,85,85,85,85,85,85,85,85,83,87,87,87,87,87,85,89,89,93,93,91,95,95,95,95,93,97,97,97,97,97,97],"card_choices":[{"not_picked":["Skim","hubris:PowerSurge"],"picked":"Cold Snap","floor":1.0},{"not_picked":["Turbo","Panic Button"],"picked":"Compile Driver","floor":7.0},{"not_picked":["Leap","Panic Button"],"picked":"Stack","floor":8.0},{"not_picked":["BootSequence","Crystallizer"],"picked":"Defragment","floor":10.0},{"not_picked":["Turbo","Barrage","BasicCrystalCard"],"picked":"SKIP","floor":11.0},{"not_picked":["Go for the Eyes","Turbo"],"picked":"Fission","floor":12.0},{"not_picked":["Stack","Scrape"],"picked":"Chaos","floor":14.0},{"not_picked":["Hyperbeam","Multi-Cast"],"picked":"Mirror Shield","floor":16.0},{"not_picked":["Fusion","Leap"],"picked":"Heatsinks","floor":18.0},{"not_picked":["BasicCrystalCard+1","Compile Driver"],"picked":"Leap","floor":19.0},{"not_picked":["Rebound","Fission"],"picked":"Panic Button","floor":21.0},{"not_picked":["Auto Shields","Compile Driver"],"picked":"Cold Snap+1","floor":22.0},{"not_picked":["Leap","Cold Snap"],"picked":"Ball Lightning","floor":24.0},{"not_picked":["Compile Driver","Melter+1"],"picked":"Glacier","floor":28.0},{"not_picked":["Sweeping Beam","Reinforced Body"],"picked":"Redo","floor":29.0},{"not_picked":["Compile Driver","Ball Lightning"],"picked":"Streamline","floor":30.0},{"not_picked":["ReplayTheSpireMod:Omega Cannon","Thunder Strike"],"picked":"Machine Learning","floor":33.0},{"not_picked":[],"picked":"Storm","floor":35.0},{"not_picked":["Turbo"],"picked":"SKIP","floor":37.0},{"not_picked":[],"picked":"Storm","floor":40},{"not_picked":["Time Bomb"],"picked":"SKIP","floor":44},{"not_picked":[],"picked":"Scrape","floor":45},{"not_picked":["Conserve Battery"],"picked":"SKIP","floor":47}],"player_experience":542155,"relics_obtained":[{"floor":4.0,"key":"Ring of Hypnosis"},{"floor":4.0,"key":"ReplayTheSpireMod:Ring of Addiction"},{"floor":4.0,"key":"White Beast Statue"},{"floor":4.0,"key":"Toy Ornithopter"},{"floor":9.0,"key":"hubris:RGBLights"},{"floor":12.0,"key":"Mirror"},{"floor":24.0,"key":"PreservedInsect"},{"floor":26.0,"key":"Potion Belt"},{"floor":30.0,"key":"Garlic"},{"floor":40,"key":"Grinning Jar"},{"floor":43,"key":"hubris:TinFlute"},{"floor":44,"key":"Dream Catcher"},{"floor":45,"key":"hubris:MedicalManual"}],"event_choices":[{"damage_healed":0.0,"max_hp_gain":0.0,"max_hp_loss":0.0,"gold_gain":0.0,"event_name":"Living Wall","player_choice":"Grow","floor":2.0,"gold_loss":0.0,"damage_taken":0.0,"cards_upgraded":["Apotheosis"]},{"damage_healed":0.0,"max_hp_gain":0.0,"max_hp_loss":0.0,"gold_gain":275.0,"event_name":"Golden Shrine","player_choice":"Desecrate","floor":13.0,"gold_loss":0.0,"damage_taken":0.0,"cards_obtained":["Regret"]},{"cards_removed":["Apotheosis"],"damage_healed":0.0,"max_hp_gain":0.0,"max_hp_loss":0.0,"gold_gain":0.0,"event_name":"betterNote:BetterNote","player_choice":"Take \u0026 Give","floor":20.0,"gold_loss":0.0,"damage_taken":0.0,"cards_obtained":["Feed"]},{"damage_healed":0.0,"max_hp_gain":0.0,"max_hp_loss":0.0,"gold_gain":0.0,"event_name":"Ghosts","player_choice":"Ignored","floor":25.0,"gold_loss":0.0,"damage_taken":0.0},{"damage_healed":0.0,"max_hp_gain":0.0,"max_hp_loss":0.0,"gold_gain":0.0,"event_name":"Addict","player_choice":"Obtained Relic","floor":27.0,"gold_loss":85.0,"damage_taken":0.0,"relics_obtained":["Gambling Chip"]},{"damage_healed":0.0,"max_hp_gain":0.0,"max_hp_loss":0.0,"gold_gain":0.0,"event_name":"SensoryStone","player_choice":"Memory 1","floor":39.0,"gold_loss":0.0,"damage_taken":0.0},{"damage_healed":0,"gold_gain":0,"player_choice":"Fight","damage_taken":0,"max_hp_gain":0,"max_hp_loss":0,"event_name":"Mysterious Sphere","floor":45,"gold_loss":0},{"damage_healed":0,"gold_gain":0,"player_choice":"Embrace Madness","damage_taken":12,"max_hp_gain":0,"max_hp_loss":0,"event_name":"Winding Halls","floor":46,"gold_loss":0,"cards_obtained":["Madness","Madness"]},{"cards_removed":["Amnesia"],"damage_healed":0,"gold_gain":0,"player_choice":"Upgrade and Remove","damage_taken":0,"max_hp_gain":0,"max_hp_loss":0,"event_name":"Designer","floor":48,"gold_loss":90,"cards_upgraded":["Cold Snap"]}],"is_beta":false,"boss_relics":[{"not_picked":["hubris:Stopwatch","hubris:HollowSoul"],"picked":"Philosopher\u0027s Stone"},{"not_picked":["Black Star","Pandora\u0027s Box"],"picked":"Replay:Grab Bag"},{"not_picked":["hubris:CrackedHourglass","ChewingGum"],"picked":"Busted Crown"},{"not_picked":["Replay:Wanted Poster","hubris:VirtuousBlindfold"],"picked":"hubris:RunicObelisk"},{"not_picked":["SlaversCollar","Inserter"],"picked":"SacredBark"}],"items_purged_floors":[42],"is_endless":false,"potions_floor_spawned":[7,8,10,11,12,14,16,18,19,21,22,24,28,29,30,33,35,37,40,44,45,47],"ascension_level":12}}