{"host":"3498uni0c31c9bdm","time":1610954077,"event":{"mods":["BaseMod","Better Third Choice","Minty Spire (QoL Compilation)","Replay The Spire","StSLib"],"gold_per_floor":[109,124,142,142,119,146,146,146,172,172,187,215,215,164,164,269,269,283,297,12,12,12,12,12,45,45,57,57,57,67,67,67,162,162,174,23,23,23,73,73,86,99,99,99,125,140,53,53,53,53,53,53,4,38,38,38],"floor_reached":55,"language":"ENG","playtime":2483,"items_purged":[],"score":1392,"play_id":"9ebddf50-fa04-4322-a88e-6d835fbe4774","local_time":"20210118181437","is_ascension_mode":true,"campfire_choices":[{"floor":8,"key":"RECALL"},{"floor":10,"key":"REST"},{"floor":15,"key":"REST"},{"floor":29,"key":"REST"},{"floor":32,"key":"REST"},{"floor":40,"key":"REST"},{"floor":44,"key":"DIG"}],"circlet_count":0,"master_deck":["Strike_B","Strike_B","Strike_B","Defend_B","Defend_B","Defend_B","Defend_B","Zap","Dualcast","Sweeping Beam","Turbo","Redo+1","Leap","ReplayTheSpireMod:Omega Cannon","Beam Cell+1","Stack","Lockon+1","Loop","Loop","Echo Form","Conserve Battery+1","White Noise+1","Panache","Apotheosis","Sweeping Beam+1","BasicCrystalCard+1","Storm","Thunder Strike","AbeCurse","Ball Lightning+1","ReplayTheSpireMod:IOU","ReplayTheSpireMod:IOU","Loop+1","White Noise+1","Ball Lightning+1","Core Surge","Aggregate","ReplayTheSpireMod:IOU","ReplayTheSpireMod:IOU","ReplayTheSpireMod:IOU","Turbo+1"],"relics":["Cracked Core","NeowsBlessing","Regal Pillow","Juzu Bracelet","Chameleon Ring","Honey Jar","ReplayTheSpireMod:ShopPack","Bronze Scales","Vajra","Replay:Wax Seal","Replay:Ancient Bell","Pen Nib","HornCleat","Turnip","Letter Opener","Ring of Chaos","Ring of Misfortune","Replay:Multitool","ReplayTheSpireMod:Shallot","Cables","Durian","DataDisk","Mummified Hand"],"acts_visited":["Exordium","TheCity","TheBeyond","TheEnding"],"potions_floor_usage":[12,16,16,25,33,50,54,55],"damage_taken":[{"damage":0,"enemies":"Cultist","floor":1,"turns":1},{"damage":0,"enemies":"2 Louse","floor":2,"turns":1},{"damage":0,"enemies":"Jaw Worm","floor":3,"turns":1},{"damage":25,"enemies":"Replay:BlueRogue","floor":6,"turns":10},{"damage":20,"enemies":"Exordium Thugs","floor":11,"turns":4},{"damage":22,"enemies":"Lagavulin","floor":12,"turns":4},{"damage":69,"enemies":"Hexaghost","floor":16,"turns":15},{"damage":3,"enemies":"Chosen","floor":18,"turns":3},{"damage":11,"enemies":"Spheric Guardian","floor":19,"turns":3},{"damage":21,"enemies":"Gremlin Leader","floor":25,"turns":5},{"damage":35,"enemies":"Centurion and Healer","floor":27,"turns":3},{"damage":0,"enemies":"Snecko","floor":30,"turns":4},{"damage":45,"enemies":"Pondfish","floor":33,"turns":7},{"damage":14,"enemies":"3 Shapes","floor":35,"turns":5},{"damage":2,"enemies":"Mind Bloom Boss Battle","floor":39,"turns":7},{"damage":0,"enemies":"Orb Walker","floor":41,"turns":3},{"damage":11,"enemies":"3 Darklings","floor":42,"turns":3},{"damage":3,"enemies":"Giant Head","floor":45,"turns":5},{"damage":0,"enemies":"4 Shapes","floor":46,"turns":5},{"damage":46,"enemies":"Donu and Deca","floor":50,"turns":6},{"damage":61,"enemies":"Shield and Spear","floor":54,"turns":6},{"damage":80,"enemies":"The Heart","floor":55,"turns":6}],"seed_played":"-1608797832260417918","potions_obtained":[{"floor":2,"key":"SpeedPotion"},{"floor":3,"key":"FocusPotion"},{"floor":12,"key":"Elixir"},{"floor":23,"key":"Venom Potion"},{"floor":23,"key":"DistilledChaos"},{"floor":25,"key":"DuplicationPotion"},{"floor":27,"key":"LiquidMemories"},{"floor":41,"key":"PotionOfCapacity"}],"is_trial":false,"path_per_floor":["M","M","M","?","$","E","?","R","T","R","M","E","?","$","R","B",null,"M","M","$","?","$","R","?","E","T","M","?","R","M","?","R","B",null,"M","$","?","?","?","R","M","M","T","R","E","M","$","?","R","B",null,"R","$","E","B"],"character_chosen":"DEFECT","items_purchased":["Leap","Loop","ReplayTheSpireMod:ShopPack","Bronze Scales","Letter Opener","FairyPotion","Durian","DataDisk"],"campfire_rested":5,"item_purchase_floors":[5,14,20,20,36,36,47,53],"current_hp_per_floor":[68,68,68,68,68,43,43,43,43,75,55,33,33,33,70,1,57,54,43,43,68,68,68,68,47,47,12,12,49,49,49,75,30,64,50,50,50,50,48,75,75,64,64,64,61,61,66,66,80,34,69,80,80,19,0,0],"gold":38,"neow_bonus":"THREE_ENEMY_KILL","is_daily":false,"chose_seed":false,"campfire_upgraded":0,"win_rate":0.0,"timestamp":1610954077,"path_taken":["M","?","M","?","$","E","?","R","T","R","M","E","?","$","R","BOSS","M","M","$","?","?","R","?","E","T","M","?","R","M","?","R","BOSS","M","$","?","?","?","R","M","M","T","R","E","M","$","?","R","BOSS","R","$","E","BOSS"],"items_purchased_type":["Card","Card","Relic","Relic","Relic","Potion","Relic","Relic"],"build_version":"2020-12-22","purchased_purges":0,"victory":false,"max_hp_per_floor":[75,75,75,75,75,75,75,75,75,75,75,75,75,75,75,75,75,75,75,75,75,75,75,75,75,75,75,75,75,75,75,75,75,75,75,75,75,75,75,75,75,75,75,75,75,75,80,80,80,80,80,80,80,80,80,80],"card_choices":[{"not_picked":["BasicCrystalCard","Time Bomb"],"picked":"Sweeping Beam","floor":1},{"not_picked":["BasicCrystalCard","Coolheaded"],"picked":"Turbo","floor":2},{"not_picked":["BasicCrystalCard","FIFO Queue"],"picked":"Redo","floor":3},{"not_picked":["Blizzard","Doom and Gloom"],"picked":"ReplayTheSpireMod:Omega Cannon","floor":6},{"not_picked":["Compile Driver","Coolheaded"],"picked":"Stack","floor":11},{"not_picked":["Hello World","Barrage"],"picked":"Lockon","floor":12},{"not_picked":["Machine Learning","Rainbow"],"picked":"Echo Form","floor":16},{"not_picked":["Cold Snap","Crystallizer","Blizzard+1"],"picked":"Conserve Battery+1","floor":18},{"not_picked":["Compile Driver","Panic Button+1","Redo+1"],"picked":"White Noise","floor":19},{"not_picked":["The Bomb","Violence","Chrysalis"],"picked":"Panache","floor":20},{"not_picked":["Swift Strike","Dark Shackles","Magnetism"],"picked":"Apotheosis","floor":20},{"not_picked":["Deep Breath","Specialist","Secret Weapon"],"picked":"Panacea","floor":20},{"not_picked":["Heatsinks+1","Leap","Hyperbeam"],"picked":"Sweeping Beam+1","floor":25},{"not_picked":["Heatsinks+1","Time Bomb","Doom and Gloom+1"],"picked":"BasicCrystalCard+1","floor":27},{"not_picked":["Crystallizer","Darkness","Turbo"],"picked":"Storm","floor":30},{"not_picked":["Hyperbeam","Creative AI","Mirror Shield"],"picked":"Thunder Strike","floor":33},{"not_picked":["Delirium","Decay","Sickly"],"picked":"Hallucinations","floor":34},{"not_picked":["Parasite","Clumsy","Pain"],"picked":"AbeCurse","floor":34},{"not_picked":["ReplayTheSpireMod:Restless Dread","Hallucinations","ReplayTheSpireMod:Doomed"],"picked":"Shame","floor":34},{"not_picked":["Echo Form","Cold Snap+1","Hologram+1"],"picked":"Ball Lightning+1","floor":35},{"not_picked":["Fusion","Redo+1","Chill+1"],"picked":"Loop+1","floor":39},{"not_picked":["Leap","Rebound+1","Redo+1"],"picked":"White Noise+1","floor":41},{"not_picked":["ReplayGash+1","Conserve Battery+1","Panic Button+1"],"picked":"Ball Lightning+1","floor":42},{"not_picked":["Rebound+1","Panic Button","Blizzard"],"picked":"Core Surge","floor":45},{"not_picked":["Panic Button","Conserve Battery+1","Hologram"],"picked":"Aggregate","floor":46},{"not_picked":["Compile Driver+1","Redo","Fission"],"picked":"Turbo+1","floor":54}],"player_experience":706298,"relics_obtained":[{"floor":6,"key":"Regal Pillow"},{"floor":9,"key":"Juzu Bracelet"},{"floor":12,"key":"Chameleon Ring"},{"floor":25,"key":"Vajra"},{"floor":26,"key":"Replay:Wax Seal"},{"floor":38,"key":"Ring of Chaos"},{"floor":38,"key":"Ring of Misfortune"},{"floor":39,"key":"Replay:Multitool"},{"floor":44,"key":"ReplayTheSpireMod:Shallot"},{"floor":45,"key":"Cables"},{"floor":54,"key":"Mummified Hand"}],"event_choices":[{"damage_healed":0,"gold_gain":0,"player_choice":"Leave","damage_taken":0,"max_hp_gain":0,"max_hp_loss":0,"event_name":"The Cleric","floor":4,"gold_loss":0},{"damage_healed":0,"gold_gain":0,"player_choice":"Upgraded","damage_taken":0,"max_hp_gain":0,"max_hp_loss":0,"event_name":"Upgrade Shrine","floor":13,"gold_loss":0,"cards_upgraded":["Redo"]},{"damage_healed":25,"gold_gain":0,"player_choice":"Heal","damage_taken":0,"max_hp_gain":0,"max_hp_loss":0,"event_name":"The Library","floor":21,"gold_loss":0},{"damage_healed":0,"gold_gain":0,"player_choice":"Adaptability","damage_taken":0,"max_hp_gain":0,"max_hp_loss":0,"event_name":"betterThird:BetterWriting","floor":24,"gold_loss":0},{"damage_healed":0,"gold_gain":0,"player_choice":"Ignored","damage_taken":0,"max_hp_gain":0,"max_hp_loss":0,"event_name":"Vampires","floor":28,"gold_loss":0},{"damage_healed":0,"gold_gain":0,"player_choice":"Ignored","damage_taken":0,"max_hp_gain":0,"max_hp_loss":0,"event_name":"Ghosts","floor":31,"gold_loss":0},{"cards_removed":["Panacea"],"damage_healed":0,"gold_gain":0,"player_choice":"Removed Skill","damage_taken":0,"max_hp_gain":0,"max_hp_loss":0,"event_name":"Falling","floor":37,"gold_loss":0},{"damage_healed":0,"gold_gain":0,"player_choice":"Fight","damage_taken":0,"max_hp_gain":0,"max_hp_loss":0,"event_name":"MindBloom","floor":39,"gold_loss":0},{"cards_removed":["ReplayTheSpireMod:IOU","ReplayTheSpireMod:IOU","ReplayTheSpireMod:IOU","ReplayTheSpireMod:IOU","Shame","AbeCurse","Hallucinations"],"damage_healed":0,"gold_gain":0,"player_choice":"Removed Curses","damage_taken":0,"max_hp_gain":0,"max_hp_loss":0,"event_name":"Fountain of Cleansing","floor":48,"gold_loss":0}],"is_beta":false,"boss_relics":[{"not_picked":["Runic Dome","Philosopher\u0027s Stone"],"picked":"Honey Jar"},{"not_picked":["Replay:Drink Me","Runic Pyramid"],"picked":"Replay:Ancient Bell"},{"not_picked":["Simple Rune","MawBank"],"picked":"Pen Nib"},{"not_picked":["Replay:Bottled Steam","Darkstone Periapt"],"picked":"HornCleat"},{"not_picked":["Prayer Wheel","Peace Pipe"],"picked":"Turnip"}],"items_purged_floors":[],"is_endless":false,"potions_floor_spawned":[2,3,12,25,27,41,42,45],"killed_by":"The Heart","ascension_level":8}}