{"host":"2js2pxuugveqjuf7","time":1610949135,"event":{"mods":["BaseMod","Minty Spire (QoL Compilation)","Relic Stats","StSLib"],"gold_per_floor":[361,376,392,392,61,61,61],"floor_reached":6,"language":"ENG","playtime":481,"items_purged":[],"score":40,"play_id":"90aee72f-1477-4d28-b746-579dcb35f15b","local_time":"20210117235215","is_ascension_mode":true,"campfire_choices":[],"circlet_count":0,"master_deck":["Strike_G","Strike_G","Strike_G","Strike_G","Strike_G","Defend_G","Defend_G","Defend_G","Defend_G","Defend_G","Survivor","Neutralize","Clumsy","Heel Hook","Expertise","Crippling Poison","Pain","Accuracy"],"relics":["Ring of the Snake","WarpedTongs","Shuriken"],"acts_visited":["Exordium"],"potions_floor_usage":[],"damage_taken":[{"damage":1,"enemies":"Cultist","floor":1,"turns":4},{"damage":13,"enemies":"Small Slimes","floor":2,"turns":5},{"damage":0,"enemies":"2 Louse","floor":3,"turns":4},{"damage":10,"enemies":"Lagavulin","floor":6,"turns":5}],"seed_played":"-7961865684031421557","potions_obtained":[{"floor":1,"key":"SpeedPotion"}],"is_trial":false,"path_per_floor":["M","M","M","?","$","E"],"character_chosen":"THE_SILENT","items_purchased":["Shuriken","Accuracy"],"campfire_rested":0,"item_purchase_floors":[5,5],"current_hp_per_floor":[69,56,56,56,56,46,46],"gold":61,"neow_bonus":"TWO_FIFTY_GOLD","is_daily":false,"chose_seed":false,"campfire_upgraded":0,"win_rate":0.0,"timestamp":1610949135,"path_taken":["M","?","M","?","$","E"],"items_purchased_type":["Relic","Card"],"build_version":"2020-12-22","purchased_purges":0,"victory":false,"max_hp_per_floor":[70,70,70,70,70,70,70],"relic_stats":{"counters":[4,18],"Shuriken":[1],"obtain_stats":[{"Shuriken":5,"Ring of the Snake":0,"WarpedTongs":4},{"Shuriken":3,"Ring of the Snake":0,"WarpedTongs":3},{"Shuriken":13,"Ring of the Snake":0,"WarpedTongs":13}],"Ring of the Snake":[8],"WarpedTongs":[5]},"card_choices":[{"not_picked":["Prepared","Acrobatics"],"picked":"Heel Hook","floor":1},{"not_picked":["Blade Dance","Eviscerate"],"picked":"Expertise","floor":2},{"not_picked":["Expertise","Sucker Punch"],"picked":"Crippling Poison","floor":3}],"player_experience":284413,"relics_obtained":[],"event_choices":[{"damage_healed":0,"gold_gain":0,"player_choice":"Rummage","damage_taken":0,"relics_obtained":["WarpedTongs"],"max_hp_gain":0,"max_hp_loss":0,"event_name":"Accursed Blacksmith","floor":4,"gold_loss":0,"cards_obtained":["Pain"]}],"is_beta":false,"boss_relics":[],"items_purged_floors":[],"is_endless":false,"potions_floor_spawned":[1],"killed_by":"Lagavulin","ascension_level":2}}