{"host":"ccw6t0i2dpm5wyxf","time":1610956271,"event":{"mods":["AchievementEnabler","BaseMod","Colored Map","Minty Spire (QoL Compilation)","Permanent Neow","SuperFastMode"],"gold_per_floor":[111,125,47,63,138,169,169,169,193,224,224,255,255,272,272,272,272],"floor_reached":16,"language":"ENG","playtime":594,"items_purged":[],"score":148,"play_id":"315ed1ed-4145-4777-8cb5-fbf0b1f87737","local_time":"20210118015111","is_ascension_mode":true,"campfire_choices":[{"data":"Flechettes","floor":8,"key":"SMITH"},{"floor":11,"key":"REST"},{"floor":13,"key":"REST"},{"floor":15,"key":"REST"}],"circlet_count":0,"master_deck":["Strike_G","Strike_G","Strike_G","Strike_G","Strike_G","Defend_G","Defend_G","Defend_G","Defend_G","Defend_G","Survivor","Neutralize","Flechettes+1","PiercingWail","Crippling Poison","Backflip","Bouncing Flask","Outmaneuver","Night Terror"],"relics":["Snecko Eye","Happy Flower","Lantern","Blood Vial","Unceasing Top"],"acts_visited":["Exordium"],"potions_floor_usage":[6,16],"damage_taken":[{"damage":0,"enemies":"2 Louse","floor":1,"turns":2},{"damage":0,"enemies":"Small Slimes","floor":2,"turns":2},{"damage":0,"enemies":"Cultist","floor":4,"turns":4},{"damage":26,"enemies":"Gremlin Nob","floor":6,"turns":5},{"damage":15,"enemies":"Lagavulin","floor":10,"turns":5},{"damage":29,"enemies":"3 Sentries","floor":12,"turns":12},{"damage":6,"enemies":"3 Louse","floor":14,"turns":2},{"damage":76,"enemies":"Slime Boss","floor":16,"turns":8}],"seed_played":"972680051136203259","potions_obtained":[{"floor":2,"key":"Explosive Potion"},{"floor":6,"key":"SpeedPotion"},{"floor":14,"key":"Energy Potion"}],"is_trial":false,"path_per_floor":["M","M","$","M","?","E","?","R","T","E","R","E","R","M","R","B"],"character_chosen":"THE_SILENT","items_purchased":["Crippling Poison"],"campfire_rested":3,"item_purchase_floors":[3],"current_hp_per_floor":[70,70,70,70,59,33,56,56,56,41,62,35,56,52,70,0,0],"gold":272,"neow_bonus":"BOSS_RELIC","is_daily":false,"chose_seed":false,"campfire_upgraded":1,"win_rate":0.0,"timestamp":1610956271,"path_taken":["M","M","$","M","?","E","?","R","T","E","R","E","R","M","R","BOSS"],"items_purchased_type":["Card"],"build_version":"2020-12-22","purchased_purges":0,"victory":false,"max_hp_per_floor":[70,70,70,70,70,70,70,70,70,70,70,70,70,70,70,70,70],"card_choices":[{"not_picked":["Dagger Throw","Caltrops"],"picked":"Flechettes","floor":1},{"not_picked":["Reflex","All Out Attack"],"picked":"PiercingWail","floor":2},{"not_picked":["Quick Slash","Prepared"],"picked":"Backflip","floor":4},{"not_picked":["Blade Dance","Outmaneuver"],"picked":"Bouncing Flask","floor":6},{"not_picked":["Blur","Poisoned Stab","Deflect"],"picked":"SKIP","floor":10},{"not_picked":["Concentrate","Escape Plan"],"picked":"Outmaneuver","floor":12},{"not_picked":["Deflect","Quick Slash"],"picked":"Night Terror","floor":14}],"player_experience":287229,"relics_obtained":[{"floor":6,"key":"Happy Flower"},{"floor":9,"key":"Lantern"},{"floor":10,"key":"Blood Vial"},{"floor":12,"key":"Unceasing Top"}],"event_choices":[{"damage_healed":0,"gold_gain":75,"player_choice":"Gather Gold","damage_taken":11,"max_hp_gain":0,"max_hp_loss":0,"event_name":"World of Goop","floor":5,"gold_loss":0},{"damage_healed":23,"gold_gain":0,"player_choice":"Banana","damage_taken":0,"max_hp_gain":0,"max_hp_loss":0,"event_name":"Big Fish","floor":7,"gold_loss":0}],"is_beta":false,"boss_relics":[],"items_purged_floors":[],"is_endless":false,"potions_floor_spawned":[2,6,14],"killed_by":"Slime Boss","ascension_level":5}}