{"host":"3j2m8n0ywf988fwb","time":1610946998,"event":{"mods":["2.2 Compatiblity","AchievementEnabler","Aspiration","BaseMod","Bestiary","Better Altar","Better Match","Better Note","Better Sensory Stone","Better Skull","Better Third Choice","CCEM","Colored Map","Colored Powertips","Dark Map","Googly Eyes","Halation","HexUI Lib","Highlight Path","Hubris","Infinite Spire","Jedi Mod","Marked Mod","Mimic Mod","Minty Spire (QoL Compilation)","Random Character Button","Relic Stats","Replay The Spire","Shop Mod","StS++","StSLib","Unceasing Turn Reminder","everything is the same but u backflip on backflip"],"gold_per_floor":[119,119,139,139,139,139,152,77,108,119,119,149,149,149,149],"floor_reached":14,"language":"ENG","playtime":396,"items_purged":[],"score":132,"play_id":"b5fb4e7e-3b8f-4fce-ae3b-d6e9a61d9b5b","local_time":"20210117231638","is_ascension_mode":true,"campfire_choices":[{"data":"Neutralize","floor":6,"key":"SMITH"}],"circlet_count":0,"master_deck":["AscendersBane","Strike_G","Strike_G","Strike_G","Strike_G","Defend_G","Defend_G","Defend_G","Defend_G","Defend_G","Survivor","Neutralize+1","hubris:Counter+1","Infinite Blades","Flying Knee","Crippling Poison+1","Storm of Steel+1","StSpp:NonchalentStrike","Finisher+1","PiercingWail"],"relics":["Ring of the Snake","NeowsBlessing","halation:PrussianBluePaint","Replay:Bottled Steam","CultistMask"],"acts_visited":["Exordium"],"potions_floor_usage":[],"damage_taken":[{"damage":0,"enemies":"Small Slimes","floor":1,"turns":1},{"damage":0,"enemies":"Jaw Worm","floor":3,"turns":1},{"damage":0,"enemies":"Cultist","floor":7,"turns":1},{"damage":6,"enemies":"2 Fungi Beasts","floor":9,"turns":7},{"damage":0,"enemies":"2 Fungi Beasts","floor":10,"turns":2},{"damage":13,"enemies":"Gremlin Nob","floor":12,"turns":3},{"damage":48,"enemies":"3 Sentries","floor":14,"turns":8}],"seed_played":"-3617424647359226568","potions_obtained":[{"floor":1,"key":"Elixir"},{"floor":3,"key":"Strength Potion"}],"is_trial":false,"path_per_floor":["M","?","M","?","?","R","M","?","MIM","M","?","E","?","E"],"character_chosen":"THE_SILENT","items_purchased":[],"campfire_rested":0,"item_purchase_floors":[],"current_hp_per_floor":[63,63,63,63,63,63,63,63,57,57,57,44,44,0,0],"gold":149,"neow_bonus":"THREE_ENEMY_KILL","is_daily":false,"chose_seed":false,"campfire_upgraded":1,"win_rate":0.0,"timestamp":1610946998,"path_taken":["M","?","M","?","?","R","?","?","MIM","M","?","E","?","E"],"items_purchased_type":[],"build_version":"2020-12-22","purchased_purges":0,"victory":false,"max_hp_per_floor":[70,70,70,70,70,70,70,70,70,70,70,70,70,70,70],"relic_stats":{"counters":[7,23],"obtain_stats":[{"NeowsBlessing":0,"halation:PrussianBluePaint":9,"CultistMask":13,"Ring of the Snake":0,"Replay:Bottled Steam":12},{"NeowsBlessing":0,"halation:PrussianBluePaint":4,"CultistMask":6,"Ring of the Snake":0,"Replay:Bottled Steam":6},{"NeowsBlessing":0,"halation:PrussianBluePaint":10,"CultistMask":15,"Ring of the Snake":0,"Replay:Bottled Steam":15}],"Ring of the Snake":[14]},"card_choices":[{"not_picked":["Draining Mist","Predator"],"picked":"hubris:Counter","floor":1},{"not_picked":["Bane","jedi:pocketpoison"],"picked":"Infinite Blades","floor":3},{"not_picked":["jedi:collectorvenom","Distraction"],"picked":"Flying Knee","floor":7},{"not_picked":["Riddle With Holes+1","jedi:acidrain+1"],"picked":"Crippling Poison+1","floor":8},{"not_picked":["Poison Darts+1","aspiration:Lunge+1"],"picked":"Storm of Steel+1","floor":8},{"not_picked":["Dagger Spray","Concentrate"],"picked":"StSpp:NonchalentStrike","floor":9},{"not_picked":["hubris:SlightOfHand","StSpp:Throw"],"picked":"Finisher","floor":10},{"not_picked":["Outmaneuver","Dagger Throw"],"picked":"PiercingWail","floor":12}],"player_experience":754129,"relics_obtained":[{"floor":9,"key":"halation:PrussianBluePaint"},{"floor":12,"key":"Replay:Bottled Steam"}],"event_choices":[{"damage_healed":0,"gold_gain":0,"player_choice":"Leave","damage_taken":0,"max_hp_gain":0,"max_hp_loss":0,"event_name":"The Cleric","floor":2,"gold_loss":0},{"cards_removed":["Strike_G"],"damage_healed":0,"gold_gain":0,"player_choice":"Purged","damage_taken":0,"max_hp_gain":0,"max_hp_loss":0,"event_name":"Purifier","floor":5,"gold_loss":0},{"damage_healed":0,"gold_gain":0,"player_choice":"2","damage_taken":0,"max_hp_gain":0,"max_hp_loss":0,"event_name":"betterMatch:BetterMatch","floor":8,"gold_loss":0,"cards_obtained":["betterMatch:UncommonCard","betterMatch:RareCard"]},{"damage_healed":0,"gold_gain":0,"player_choice":"Grow","damage_taken":0,"max_hp_gain":0,"max_hp_loss":0,"event_name":"Living Wall","floor":11,"gold_loss":0,"cards_upgraded":["Finisher"]},{"damage_healed":0,"gold_gain":0,"player_choice":"Trade","damage_taken":0,"relics_obtained":["CultistMask"],"max_hp_gain":0,"max_hp_loss":0,"event_name":"FaceTrader","floor":13,"gold_loss":0}],"is_beta":false,"boss_relics":[],"items_purged_floors":[],"is_endless":false,"potions_floor_spawned":[1,3],"killed_by":"3 Sentries","ascension_level":10}}