{"host":"0hso8scipor0iz5a","time":1610994700,"event":{"mods":["Act Like it!","BaseMod","Better Altar","Better Match","Better Sensory Stone","Better Skull","Better Third Choice","Gensokyo","GifTheSpireLib","Hallownest","Hubris","Jedi Mod","Minty Spire (QoL Compilation)","Quarter Circle Forward PUNCH!","Replay The Spire","Reworked Bosses","StSLib"],"gold_per_floor":[115,293,307,307,325,325,325],"floor_reached":6,"language":"FRA","playtime":390,"items_purged":[],"score":72,"play_id":"f08f3d92-7d3d-479b-89dc-04aee6f57fd0","local_time":"20210118193140","is_ascension_mode":true,"campfire_choices":[],"circlet_count":0,"master_deck":["AscendersBane","Strike_G","Strike_G","Strike_G","Strike_G","Defend_G","Defend_G","Defend_G","Defend_G+1","Defend_G","Survivor+1","Neutralize","ReplayTheSpireMod:Tripwire","Slice","Predator","hubris:Counter"],"relics":["Ring of the Snake","War Paint","Hallownest:DreamNailRelic"],"acts_visited":["Hallownest:Greenpath"],"potions_floor_usage":[],"damage_taken":[{"damage":7,"enemies":"Hallownest:2_Baldur","floor":1,"turns":8},{"damage":0,"enemies":"Hallownest:monsterHuskWarrior","floor":3,"turns":6},{"damage":3,"enemies":"Hallownest:2_Tiktiks_and_1_Crawlid","floor":5,"turns":5},{"damage":21,"enemies":"Hallownest:eliteMossKnight","floor":6,"turns":16}],"seed_played":"3447985910076506308","potions_obtained":[{"floor":3,"key":"Elixir"}],"is_trial":false,"path_per_floor":["M","?","M","?","M","E"],"character_chosen":"THE_SILENT","items_purchased":[],"campfire_rested":0,"item_purchase_floors":[],"current_hp_per_floor":[52,23,23,23,20,0,0],"gold":325,"neow_bonus":"TRANSFORM_CARD","is_daily":false,"chose_seed":false,"campfire_upgraded":0,"win_rate":0.0,"timestamp":1610994700,"path_taken":["M","?","?","?","?","E"],"items_purchased_type":[],"build_version":"2020-12-22","purchased_purges":0,"victory":false,"max_hp_per_floor":[66,66,66,66,66,66,66],"card_choices":[{"not_picked":["Quick Slash","hubris:SlightOfHand"],"picked":"Slice","floor":1},{"not_picked":["Poisoned Stab","Cloak And Dagger"],"picked":"Predator","floor":3},{"not_picked":["Flying Knee","Poisoned Stab"],"picked":"hubris:Counter","floor":5}],"player_experience":1441414,"relics_obtained":[],"event_choices":[{"damage_healed":0,"gold_gain":178,"player_choice":"RE GO GO ","damage_taken":33,"relics_obtained":["War Paint"],"max_hp_gain":0,"max_hp_loss":0,"event_name":"betterSkull:BetterSkull","floor":2,"gold_loss":0,"cards_upgraded":[]}],"is_beta":false,"boss_relics":[],"items_purged_floors":[],"is_endless":false,"potions_floor_spawned":[3],"killed_by":"Hallownest:eliteMossKnight","ascension_level":20}}