{"host":"ojme7g6xlqwffsso","time":1610952044,"event":{"mods":["BaseMod","Downfall","Lobotomy","Minty Spire (QoL Compilation)","StSLib"],"gold_per_floor":[113,213,213,267,442,442,60,77,77,77,77],"floor_reached":10,"language":"ENG","playtime":155,"items_purged":["Pain"],"score":54,"play_id":"2b110456-bbd7-4283-831b-bade592f5dac","local_time":"20210118154044","is_ascension_mode":false,"campfire_choices":[],"circlet_count":0,"master_deck":["Strike_P","Strike_P","Strike_P+1","Strike_P","Defend_P+1","Defend_P","Defend_P","Defend_P","Eruption","Vigilance","Woodsman","FollowUp","Pain","Parasite","DeusExMachina","downfall:Haunted","Doubt","FollowUp","Bloodbath","WheelKick"],"relics":["PureWater","CogitoBucket","Blue Candle","Pantograph","Gremlin Horn","Darkstone Periapt"],"acts_visited":["Exordium"],"potions_floor_usage":[],"damage_taken":[{"damage":5,"enemies":"2 Louse","floor":1,"turns":2},{"damage":23,"enemies":"Jaw Worm","floor":8,"turns":2},{"damage":57,"enemies":"Gremlin Nob","floor":10,"turns":3}],"seed_played":"2679569357904267116","potions_obtained":[],"is_trial":false,"path_per_floor":["M","?","?","T","?","T","$","M","T","E"],"character_chosen":"WATCHER","items_purchased":["Gremlin Horn","FollowUp"],"campfire_rested":0,"item_purchase_floors":[7,7],"current_hp_per_floor":[67,72,57,57,57,57,57,40,40,0,0],"gold":77,"neow_bonus":"","is_daily":false,"chose_seed":false,"campfire_upgraded":0,"win_rate":0.0,"timestamp":1610952044,"path_taken":["M","?","?","?","?","?","$","M","T","E"],"items_purchased_type":["Relic","Card"],"build_version":"2020-12-22","purchased_purges":1,"victory":false,"max_hp_per_floor":[72,77,77,77,77,77,77,77,77,77,77],"card_choices":[{"not_picked":["MeatLantern","Murderer"],"picked":"Woodsman","floor":1},{"not_picked":["SandsOfTime","LikeWater"],"picked":"FollowUp","floor":1},{"not_picked":["VoidDream","Funeral"],"picked":"Bloodbath","floor":8},{"not_picked":["EmptyBody","SpiritShield","WheelKick"],"picked":"SKIP","floor":8},{"not_picked":["EmptyBody","SpiritShield"],"picked":"WheelKick","floor":8}],"player_experience":885327,"relics_obtained":[{"floor":6,"key":"Pantograph"},{"floor":9,"key":"Darkstone Periapt"}],"event_choices":[{"damage_healed":0,"gold_gain":0,"player_choice":"Entered Light","damage_taken":15,"max_hp_gain":0,"max_hp_loss":0,"event_name":"Shining Light","floor":3,"gold_loss":0,"cards_upgraded":["Defend_P","Strike_P"]},{"damage_healed":0,"gold_gain":175,"player_choice":"AGREE","damage_taken":0,"max_hp_gain":0,"max_hp_loss":0,"event_name":"Liars Game","floor":5,"gold_loss":0,"cards_obtained":["Doubt"]}],"is_beta":false,"boss_relics":[],"items_purged_floors":[7],"is_endless":false,"potions_floor_spawned":[],"killed_by":"Gremlin Nob","ascension_level":0}}