{"host":"l4he167voxkef95j","time":1610989343,"event":{"mods":["BaseMod","Infinite Spire","Minty Spire (QoL Compilation)","Rare Cards Sparkle","StSLib"],"gold_per_floor":[113,183,38,58,58,88,88,107,107,123,123,167,181,216,216,216,216],"floor_reached":16,"language":"RUS","playtime":480,"items_purged":[],"score":120,"play_id":"71979bc1-d85f-46fc-98ca-b6e2ad9220c2","local_time":"20210118210223","is_ascension_mode":false,"campfire_choices":[{"data":"Armaments","floor":7.0,"key":"SMITH"},{"floor":15.0,"key":"REST"}],"circlet_count":0,"master_deck":["Strike_R","Strike_R","Strike_R","Strike_R","Strike_R","Defend_R","Defend_R","Defend_R","Defend_R","Bash","Heavy Blade","Iron Wave","Armaments+1","Cleave","Brutality","Injury","Perfected Strike","Clothesline","Dark Embrace"],"relics":["Burning Blood","Bag of Marbles","Regal Pillow","Blue Candle","Meat on the Bone","Golden Idol","infinitespire:ShieldingShard","The Courier"],"acts_visited":["Exordium"],"potions_floor_usage":[16,16],"damage_taken":[{"damage":1.0,"enemies":"Cultist","floor":1.0,"turns":3.0},{"damage":5.0,"enemies":"Jaw Worm","floor":4.0,"turns":4.0},{"damage":15.0,"enemies":"Gremlin Nob","floor":6.0,"turns":4.0},{"damage":2.0,"enemies":"Small Slimes","floor":8.0,"turns":4.0},{"damage":11.0,"enemies":"2 Fungi Beasts","floor":10.0,"turns":3.0},{"damage":36.0,"enemies":"3 Sentries","floor":12.0,"turns":7.0},{"damage":2.0,"enemies":"Looter","floor":13.0,"turns":2.0},{"damage":27.0,"enemies":"Lagavulin","floor":14.0,"turns":6.0},{"damage":80,"enemies":"Hexaghost","floor":16,"turns":13}],"seed_played":"-8048196680329448943","potions_obtained":[{"floor":1.0,"key":"Swift Potion"},{"floor":4.0,"key":"Explosive Potion"},{"floor":12.0,"key":"PowerPotion"},{"floor":14.0,"key":"SteroidPotion"}],"is_trial":false,"path_per_floor":["M","?","$","M","$","E","R","M","T","M","?","E","M","E","R","B"],"character_chosen":"IRONCLAD","items_purchased":["Regal Pillow"],"campfire_rested":1,"item_purchase_floors":[3],"current_hp_per_floor":[80,80,80,80,80,71,71,75,75,70,70,52,56,47,80,0,0],"gold":216,"neow_bonus":"RANDOM_COMMON_RELIC","is_daily":false,"chose_seed":false,"campfire_upgraded":1,"win_rate":0.0,"timestamp":1610989343,"path_taken":["M","?","?","M","$","E","R","M","T","M","?","E","M","E","R","BOSS"],"items_purchased_type":["Relic"],"build_version":"2020-12-22","purchased_purges":0,"victory":false,"max_hp_per_floor":[80,80,80,80,80,80,80,80,80,80,80,80,80,80,80,80,80],"card_choices":[{"not_picked":["Havoc","Warcry"],"picked":"Heavy Blade","floor":1.0},{"not_picked":["Entrench","Clash"],"picked":"Iron Wave","floor":4.0},{"not_picked":["Wild Strike","Metallicize"],"picked":"Armaments","floor":6.0},{"not_picked":["Havoc","Dropkick"],"picked":"Cleave","floor":8.0},{"not_picked":["Evolve","Iron Wave"],"picked":"Brutality","floor":10.0},{"not_picked":["Feed","Entrench"],"picked":"Perfected Strike","floor":12.0},{"not_picked":["Heavy Blade","Body Slam"],"picked":"Clothesline","floor":13.0},{"not_picked":["Carnage","Exhume"],"picked":"Dark Embrace","floor":14.0}],"player_experience":174058,"relics_obtained":[{"floor":6.0,"key":"Blue Candle"},{"floor":9.0,"key":"Meat on the Bone"},{"floor":12.0,"key":"infinitespire:ShieldingShard"},{"floor":14.0,"key":"The Courier"}],"event_choices":[{"damage_healed":0.0,"max_hp_gain":0.0,"max_hp_loss":0.0,"gold_gain":70.0,"event_name":"Golden Wing","player_choice":"Gained Gold","floor":2.0,"gold_loss":0.0,"damage_taken":0.0},{"damage_healed":0.0,"max_hp_gain":0.0,"max_hp_loss":0.0,"gold_gain":0.0,"event_name":"Golden Idol","player_choice":"Take Wound","floor":11.0,"gold_loss":0.0,"damage_taken":0.0,"relics_obtained":["Golden Idol"],"cards_obtained":["Injury"]}],"is_beta":false,"boss_relics":[],"items_purged_floors":[],"is_endless":false,"potions_floor_spawned":[1,4,12,14],"killed_by":"Hexaghost","ascension_level":0}}