{"host":"uq4ng344qg9ygyoi","time":1610986275,"event":{"mods":["BaseMod","Minty Spire (QoL Compilation)","Quick Restart","Shop Mod","StSLib","[IsaacMod]ÒÔÈö¼âËþ"],"gold_per_floor":[29,41,41,66,99,138,138,138,192,232,75,75,108,128,128,288,288,334,334,334,373,411,481,481,520,520,568,284,351,378,404,404,533,533,553,553,553,607,607,607,633,668,691,771,771,771,323,287,287,322],"floor_reached":51,"language":"ZHS","playtime":50052,"items_purged":["Strike_R","Evolve","Defend_R"],"score":871,"play_id":"4473b03d-59b0-45a1-acee-91959e3cafb3","local_time":"20210119001115","is_ascension_mode":true,"campfire_choices":[{"data":"Armaments","floor":8.0,"key":"SMITH"},{"data":"Body Slam","floor":15.0,"key":"SMITH"},{"floor":24.0,"key":"REST"},{"floor":32.0,"key":"REST"},{"data":"Limit Break","floor":40.0,"key":"SMITH"},{"floor":46.0,"key":"REST"},{"floor":49.0,"key":"REST"}],"circlet_count":0,"master_deck":["Defend_R","Defend_R","Defend_R","Bash+1","Iron Wave","Cleave+1","Body Slam+1","Armaments+1","Flame Barrier","Panacea","Infernal Blade","Limit Break+1","Headbutt","Uppercut","Flex","Spot Weakness","Battle Trance","Warcry+1","Sword Boomerang+1","Headbutt+1","Shrug It Off+1","Parasite","Intimidate+1"],"relics":["Black Blood","HushsDoor","SalivaCoin","TuHaoJin","BelialBook","Incense Burner","Paper Frog","Vajra","Letter Opener","MerchantsRug","Gambling Chip","Smiling Mask","Art of War","Bottled Lightning","Frozen Eye"],"acts_visited":["Exordium","TheCity","TheBeyond"],"potions_floor_usage":[50],"damage_taken":[{"damage":7.0,"enemies":"2 Louse","floor":1.0,"turns":3.0},{"damage":0.0,"enemies":"Cultist","floor":2.0,"turns":3.0},{"damage":2.0,"enemies":"Jaw Worm","floor":4.0,"turns":3.0},{"damage":12.0,"enemies":"2 Fungi Beasts","floor":5.0,"turns":3.0},{"damage":31.0,"enemies":"Gremlin Nob","floor":6.0,"turns":4.0},{"damage":30.0,"enemies":"Lagavulin","floor":10.0,"turns":6.0},{"damage":0.0,"enemies":"3 Sentries","floor":13.0,"turns":1.0},{"damage":1.0,"enemies":"Exordium Wildlife","floor":14.0,"turns":2.0},{"damage":61.0,"enemies":"The Guardian","floor":16.0,"turns":12.0},{"damage":36.0,"enemies":"Shell Parasite","floor":18.0,"turns":7.0},{"damage":18.0,"enemies":"2 Thieves","floor":21.0,"turns":5.0},{"damage":13.0,"enemies":"Centurion and Healer","floor":22.0,"turns":6.0},{"damage":43.0,"enemies":"Gremlin Leader","floor":23.0,"turns":6.0},{"damage":10.0,"enemies":"Snecko","floor":25.0,"turns":5.0},{"damage":18.0,"enemies":"3 Cultists","floor":27.0,"turns":4.0},{"damage":46.0,"enemies":"Slavers","floor":29.0,"turns":5.0},{"damage":6.0,"enemies":"Shelled Parasite and Fungi","floor":30.0,"turns":6.0},{"damage":1.0,"enemies":"Centurion and Healer","floor":31.0,"turns":5.0},{"damage":53.0,"enemies":"Automaton","floor":33.0,"turns":8.0},{"damage":9.0,"enemies":"Orb Walker","floor":35.0,"turns":3.0},{"damage":26.0,"enemies":"3 Shapes","floor":38.0,"turns":5.0},{"damage":2.0,"enemies":"Maw","floor":41.0,"turns":6.0},{"damage":36.0,"enemies":"Jaw Worm Horde","floor":42.0,"turns":3.0},{"damage":63.0,"enemies":"Nemesis","floor":44.0,"turns":5.0},{"damage":36.0,"enemies":"Writhing Mass","floor":48.0,"turns":5.0},{"damage":62,"enemies":"Awakened One","floor":50,"turns":10}],"seed_played":"2260016666477735230","potions_obtained":[{"floor":1.0,"key":"GamblersBrew"},{"floor":4.0,"key":"Explosive Potion"},{"floor":7.0,"key":"LiquidBronze"},{"floor":7.0,"key":"LiquidBronze"},{"floor":7.0,"key":"SkillPotion"},{"floor":13.0,"key":"Strength Potion"},{"floor":16.0,"key":"FearPotion"},{"floor":18.0,"key":"DistilledChaos"},{"floor":29.0,"key":"Block Potion"},{"floor":31.0,"key":"Swift Potion"},{"floor":33.0,"key":"SpeedPotion"},{"floor":35.0,"key":"SneckoOil"},{"floor":41.0,"key":"AttackPotion"},{"floor":48.0,"key":"Swift Potion"}],"is_trial":false,"path_per_floor":["M","M","$","M","M","E","?","R","T","E","$","?","E","M","R","B",null,"M","?","?","M","M","E","R","M","T","M","$","E","M","M","R","B",null,"M","T","?","M","?","R","M","M","T","E","?","R","$","M","R","B",null],"character_chosen":"IRONCLAD","items_purchased":["Panacea","MerchantsRug","Battle Trance","Bottled Lightning","Frozen Eye","Strength Potion"],"campfire_rested":4,"item_purchase_floors":[11,28,28,47,47,47],"current_hp_per_floor":[95,96,96,96,90,65,65,65,65,41,41,73,79,84,84,29,96,72,72,72,66,65,34,62,64,64,58,58,24,30,41,69,28,96,96,96,96,82,106,106,106,82,82,31,31,62,62,38,69,19],"gold":322,"neow_bonus":"TWENTY_PERCENT_HP_BONUS","is_daily":false,"chose_seed":false,"campfire_upgraded":3,"win_rate":0.0,"timestamp":1610986275,"path_taken":["M","M","$","M","M","E","?","R","T","E","$","?","E","M","R","BOSS","M","?","?","?","M","E","R","M","T","M","$","E","M","M","R","BOSS","M","?","?","M","?","R","?","M","T","E","?","R","$","M","R","BOSS"],"items_purchased_type":["Card","Relic","Card","Relic","Relic","Potion"],"build_version":"2020-12-22","purchased_purges":3,"victory":true,"max_hp_per_floor":[96,96,96,96,96,96,96,96,96,96,96,96,96,96,96,96,96,96,96,96,96,96,96,96,96,96,96,96,96,96,96,96,96,96,96,96,96,96,106,106,106,106,106,106,106,106,106,106,106,106],"card_choices":[{"not_picked":[],"picked":"DoctorFetus","floor":0.0},{"not_picked":["Havoc","True Grit"],"picked":"Iron Wave","floor":1.0},{"not_picked":["Entrench","Intimidate"],"picked":"Bomb","floor":2.0},{"not_picked":["Dual Wield","Flex"],"picked":"Cleave","floor":4.0},{"not_picked":["Headbutt","Fire Breathing"],"picked":"Body Slam","floor":5.0},{"not_picked":["Headbutt","Uppercut"],"picked":"Armaments","floor":6.0},{"not_picked":["Corruption","Clash"],"picked":"Flame Barrier","floor":10.0},{"not_picked":["Evolve","Wild Strike"],"picked":"Infernal Blade","floor":13.0},{"not_picked":["True Grit","Armaments"],"picked":"Bomb","floor":14.0},{"not_picked":["Feed","Fiend Fire"],"picked":"Limit Break","floor":16.0},{"not_picked":["Iron Wave+1","Armaments+1"],"picked":"Headbutt","floor":18.0},{"not_picked":["Pummel","Rampage+1"],"picked":"Flex","floor":21.0},{"not_picked":["True Grit","Carnage"],"picked":"Spot Weakness","floor":22.0},{"not_picked":["Twin Strike","Clothesline","Havoc+1"],"picked":"SKIP","floor":23.0},{"not_picked":["Exhume","Heavy Blade"],"picked":"Entrench","floor":25.0},{"not_picked":["Combust+1","Searing Blow","Clash"],"picked":"SKIP","floor":27.0},{"not_picked":["Bloodletting","Body Slam"],"picked":"Warcry+1","floor":29.0},{"not_picked":["Dual Wield","Warcry","Anger"],"picked":"SKIP","floor":30.0},{"not_picked":["Warcry","Thunderclap","Pommel Strike"],"picked":"SKIP","floor":31.0},{"not_picked":["Twin Strike","True Grit+1"],"picked":"Sword Boomerang+1","floor":35.0},{"not_picked":["Flex+1","Clash","Havoc"],"picked":"SKIP","floor":38.0},{"not_picked":["Perfected Strike+1","Whirlwind+1"],"picked":"Headbutt+1","floor":41.0},{"not_picked":["Flex+1","Pommel Strike+1","Juggernaut"],"picked":"SKIP","floor":42.0},{"not_picked":["Armaments+1","Sword Boomerang+1"],"picked":"Shrug It Off+1","floor":44.0},{"not_picked":["Havoc+1","Headbutt+1"],"picked":"Intimidate+1","floor":48.0}],"player_experience":416913,"relics_obtained":[{"floor":6.0,"key":"TuHaoJin"},{"floor":9.0,"key":"BelialBook"},{"floor":10.0,"key":"Incense Burner"},{"floor":13.0,"key":"Paper Frog"},{"floor":23.0,"key":"Vajra"},{"floor":26.0,"key":"Letter Opener"},{"floor":29.0,"key":"Whetstone"},{"floor":36.0,"key":"Gambling Chip"},{"floor":43.0,"key":"Smiling Mask"},{"floor":44.0,"key":"Art of War"}],"event_choices":[{"damage_healed":0.0,"max_hp_gain":0.0,"max_hp_loss":0.0,"gold_gain":0.0,"event_name":"Lab","player_choice":"Got Potions","floor":7.0,"gold_loss":0.0,"damage_taken":0.0},{"damage_healed":32.0,"max_hp_gain":0.0,"max_hp_loss":0.0,"gold_gain":0.0,"event_name":"Big Fish","player_choice":"Banana","floor":12.0,"gold_loss":0.0,"damage_taken":0.0},{"damage_healed":0.0,"max_hp_gain":0.0,"max_hp_loss":0.0,"gold_gain":0.0,"cards_transformed":["Strike_R","Strike_R"],"event_name":"Drug Dealer","player_choice":"Became Test Subject","floor":19.0,"gold_loss":0.0,"damage_taken":0.0,"cards_obtained":["Uppercut","Evolve"]},{"cards_removed":["Strike_R"],"damage_healed":0.0,"max_hp_gain":0.0,"max_hp_loss":0.0,"gold_gain":0.0,"event_name":"Back to Basics","player_choice":"Elegance","floor":20.0,"gold_loss":0.0,"damage_taken":0.0},{"cards_removed":["DoctorFetus"],"damage_healed":14.0,"max_hp_gain":10.0,"max_hp_loss":0.0,"gold_gain":0.0,"event_name":"Bonfire Elementals","player_choice":"Offered Rare","floor":39.0,"gold_loss":0.0,"damage_taken":0.0},{"damage_healed":0.0,"max_hp_gain":0.0,"max_hp_loss":0.0,"gold_gain":0.0,"event_name":"Tomb of Lord Red Mask","player_choice":"Ignored","floor":45.0,"gold_loss":0.0,"damage_taken":0.0}],"is_beta":false,"boss_relics":[{"not_picked":["Pandora\u0027s Box","Runic Cube"],"picked":"Black Blood"},{"not_picked":[]},{"not_picked":["Runic Pyramid","Runic Dome"],"picked":"Empty Cage"},{"not_picked":[]}],"items_purged_floors":[11,28,47],"is_endless":false,"potions_floor_spawned":[1,4,13,16,18,22,29,31,33,35,41,48],"ascension_level":3}}