{"host":"7l2t4psy44vpcd9q","time":1610932860,"event":{"mods":["AchievementEnabler","BaseMod","DeckTracker","Minty Spire (QoL Compilation)","SuperFastMode"],"gold_per_floor":[109,128,143,66,85,85,105,123,123,136,136,170,170,187,187,266,266,279,291,291,291],"floor_reached":20,"language":"KOR","playtime":857,"items_purged":[],"score":360,"play_id":"ccaa5308-34a2-4d11-89db-fe60a6a5c1fa","local_time":"20210118102100","is_ascension_mode":true,"campfire_choices":[{"floor":6,"key":"REST"},{"floor":11,"key":"REST"},{"data":"Defragment","floor":15,"key":"SMITH"}],"circlet_count":0,"master_deck":["AscendersBane","Strike_B","Strike_B","Strike_B","Strike_B","Defend_B","Defend_B","Defend_B","Defend_B","Zap","Dualcast","Rebound","Loop","Conserve Battery","Melter","Sunder","Defragment+1","Steam","Ball Lightning","Tempest","Thunder Strike","Hologram+1","BootSequence"],"relics":["Inserter","Pocketwatch","Question Card","SacredBark"],"acts_visited":["Exordium","TheCity"],"potions_floor_usage":[10,12,12,16,20],"damage_taken":[{"damage":6,"enemies":"Cultist","floor":1,"turns":4},{"damage":9,"enemies":"Jaw Worm","floor":2,"turns":5},{"damage":1,"enemies":"2 Louse","floor":3,"turns":2},{"damage":45,"enemies":"Large Slime","floor":5,"turns":8},{"damage":0,"enemies":"3 Louse","floor":7,"turns":3},{"damage":8,"enemies":"Blue Slaver","floor":8,"turns":5},{"damage":0,"enemies":"Lots of Slimes","floor":10,"turns":2},{"damage":17,"enemies":"Lagavulin","floor":12,"turns":6},{"damage":7,"enemies":"3 Louse","floor":14,"turns":3},{"damage":26,"enemies":"The Guardian","floor":16,"turns":9},{"damage":29,"enemies":"Shell Parasite","floor":18,"turns":5},{"damage":28,"enemies":"2 Thieves","floor":19,"turns":4},{"damage":11,"enemies":"Snake Plant","floor":20,"turns":2}],"seed_played":"5113290954627032442","potions_obtained":[{"floor":5,"key":"Explosive Potion"},{"floor":7,"key":"Energy Potion"},{"floor":10,"key":"LiquidBronze"},{"floor":12,"key":"ColorlessPotion"},{"floor":18,"key":"LiquidBronze"}],"is_trial":false,"path_per_floor":["M","M","M","$","M","R","M","M","T","M","R","E","?","M","R","B",null,"M","M","M"],"character_chosen":"DEFECT","items_purchased":["Melter"],"campfire_rested":2,"item_purchase_floors":[4],"current_hp_per_floor":[58,49,48,48,3,24,24,16,16,16,37,20,71,64,64,38,63,34,6,0,0],"gold":291,"neow_bonus":"BOSS_RELIC","is_daily":false,"chose_seed":false,"campfire_upgraded":1,"win_rate":0.0,"timestamp":1610932860,"path_taken":["M","?","M","$","M","R","M","M","T","M","R","E","?","M","R","BOSS","M","M","?"],"items_purchased_type":["Card"],"build_version":"2020-12-22","purchased_purges":0,"victory":false,"max_hp_per_floor":[71,71,71,71,71,71,71,71,71,71,71,71,71,71,71,71,71,71,71,71,71],"card_choices":[{"not_picked":["Hologram","Leap"],"picked":"Rebound","floor":1},{"not_picked":["Steam","Rebound"],"picked":"Loop","floor":2},{"not_picked":["Darkness","Auto Shields"],"picked":"Conserve Battery","floor":3},{"not_picked":["Steam Power","Ball Lightning"],"picked":"Sunder","floor":5},{"not_picked":["Sweeping Beam","Go for the Eyes"],"picked":"Defragment","floor":7},{"not_picked":["Darkness","Leap"],"picked":"Steam","floor":8},{"not_picked":["Lockon","Static Discharge"],"picked":"Ball Lightning","floor":10},{"not_picked":["Conserve Battery","Genetic Algorithm"],"picked":"White Noise","floor":12},{"not_picked":["Coolheaded","Barrage","Stack"],"picked":"Tempest","floor":14},{"not_picked":["Multi-Cast","Echo Form","Buffer"],"picked":"Thunder Strike","floor":16},{"not_picked":["White Noise","Capacitor","Streamline"],"picked":"Hologram+1","floor":18},{"not_picked":["Reprogram","FTL","Steam Power"],"picked":"BootSequence","floor":19}],"player_experience":1251704,"relics_obtained":[{"floor":9,"key":"Pocketwatch"},{"floor":12,"key":"Question Card"}],"event_choices":[{"cards_removed":["White Noise"],"damage_healed":51,"gold_gain":0,"player_choice":"Offered Uncommon","damage_taken":0,"max_hp_gain":0,"max_hp_loss":0,"event_name":"Bonfire Elementals","floor":13,"gold_loss":0}],"is_beta":false,"boss_relics":[{"not_picked":["Pandora\u0027s Box","Busted Crown"],"picked":"SacredBark"}],"items_purged_floors":[],"is_endless":false,"potions_floor_spawned":[5,7,10,12,18],"killed_by":"Snake Plant","ascension_level":20}}