{"host":"bf9sa99gaumonoeu","time":1610991436,"event":{"mods":["AchievementEnabler","Act Like it!","Aspiration","BaseMod","Bestiary","Better Note","Block Reminder","Colored Map","Colored Powertips","Fox Events","Friendly Minions","Gensokyo","GifTheSpireLib","Googly Eyes","Hallownest","Hermit","Highlight Path","Hubris","Jorbs\u0027s Wanderer Trilogy","KinomotoSakuraMod(????)","Koishi","Marisa????????","Minty Spire (QoL Compilation)","Rare Cards Sparkle","Reimu??????","Relic Stats","Remilia??????","Replay The Spire","StS++","StSLib","The Administrix","The Animator","The Blue Laboratory","The Bug Knight","The Construct","The Cursed","The Hierophant","The Mystic","The Necromancer","The Poker Player","The Runesmith","The Senshi","The Servant 0.9.4"],"gold_per_floor":[116,17,34,53,73,104,104,104,104,117,117,135,170,4,4,4,4],"floor_reached":16,"language":"ENG","playtime":905,"items_purged":["Strike_G"],"score":224,"play_id":"c667db91-2893-4ff6-97e7-483db29721d5","local_time":"20210118153716","is_ascension_mode":true,"campfire_choices":[{"data":"Malaise","floor":11,"key":"SMITH"},{"data":"Crippling Poison","floor":15,"key":"SMITH"}],"circlet_count":0,"master_deck":["AscendersBane","Strike_G","Strike_G","Strike_G","Defend_G","Defend_G","Defend_G","Defend_G","Defend_G","Survivor","Neutralize","Slice","StSpp:TimeParadox","Flying Knee","Calculated Gamble","All Out Attack","Draining Mist","Malaise+1","ReplayTheSpireMod:Tripwire","StSpp:StrikeFirst","Crippling Poison+1","Backflip"],"relics":["Ring of the Snake","Matryoshka","Dream Catcher","hubris:MysteriousPyramids","ReplayTheSpireMod:Shallot"],"acts_visited":["Exordium"],"potions_floor_usage":[6,6,13],"damage_taken":[{"damage":6.0,"enemies":"Cultist","floor":1.0,"turns":5.0},{"damage":1.0,"enemies":"2 Louse","floor":3.0,"turns":3.0},{"damage":6.0,"enemies":"Jaw Worm","floor":4.0,"turns":4.0},{"damage":0,"enemies":"2 Fungi Beasts","floor":5,"turns":3},{"damage":11,"enemies":"Gremlin Nob","floor":6,"turns":3},{"damage":4,"enemies":"Red Slaver","floor":10,"turns":4},{"damage":12,"enemies":"Large Slime","floor":12,"turns":5},{"damage":17,"enemies":"3 Sentries","floor":13,"turns":5},{"damage":33,"enemies":"Hexaghost","floor":16,"turns":15}],"seed_played":"1917165032999908511","potions_obtained":[{"floor":1.0,"key":"Swift Potion"},{"floor":3.0,"key":"blueLaboratory:SuffocatingSmog"},{"floor":6,"key":"PowerPotion"}],"is_trial":false,"path_per_floor":["M","$","M","M","M","E","?","?","T","M","R","M","E","$","R","B"],"character_chosen":"THE_SILENT","items_purchased":["StSpp:TimeParadox","Flying Knee","Crippling Poison","Backflip"],"campfire_rested":0,"item_purchase_floors":[2,2,14,14],"current_hp_per_floor":[53,53,52,46,46,35,35,66,66,62,62,50,33,33,33,0,0],"gold":4,"neow_bonus":"RANDOM_EVENT","is_daily":false,"chose_seed":false,"campfire_upgraded":2,"win_rate":0.0,"timestamp":1610991436,"path_taken":["M","?","M","M","M","E","?","?","T","M","R","?","E","?","R","BOSS"],"items_purchased_type":["Card","Card","Card","Card"],"build_version":"2020-12-22","purchased_purges":1,"victory":false,"max_hp_per_floor":[66,66,66,66,66,66,66,66,66,66,66,66,66,66,66,66,66],"relic_stats":{"Dream Catcher":0,"counters":[9,47],"obtain_stats":[{"Dream Catcher":9,"Matryoshka":6,"ReplayTheSpireMod:Shallot":13,"hubris:MysteriousPyramids":9,"Ring of the Snake":0},{"Dream Catcher":5,"Matryoshka":5,"ReplayTheSpireMod:Shallot":8,"hubris:MysteriousPyramids":5,"Ring of the Snake":0},{"Dream Catcher":18,"Matryoshka":18,"ReplayTheSpireMod:Shallot":32,"hubris:MysteriousPyramids":18,"Ring of the Snake":0}],"Ring of the Snake":[18]},"card_choices":[{"not_picked":["ReplayTheSpireMod:The Works","Reflex"],"picked":"Slice","floor":1.0},{"not_picked":["Concentrate","Reflex","Setup"],"picked":"SKIP","floor":3.0},{"not_picked":["StSpp:StrikeFirst","StSpp:SpareBlade"],"picked":"Calculated Gamble","floor":4.0},{"not_picked":["Replay:Bag of Tricks","Fluid Movement"],"picked":"All Out Attack","floor":5},{"not_picked":["Bouncing Flask","Eviscerate"],"picked":"Draining Mist","floor":6},{"not_picked":["ReplayTheSpireMod:From All Sides","Phantasmal Killer"],"picked":"Malaise","floor":10},{"not_picked":["Choke","Catalyst"],"picked":"ReplayTheSpireMod:Tripwire","floor":12},{"not_picked":["Infinite Blades","ReplayTheSpireMod:Shiv Toss"],"picked":"StSpp:StrikeFirst","floor":13}],"player_experience":986186,"relics_obtained":[{"floor":6,"key":"Matryoshka"},{"floor":9,"key":"Dream Catcher"},{"floor":9,"key":"hubris:MysteriousPyramids"},{"floor":13,"key":"ReplayTheSpireMod:Shallot"}],"event_choices":[{"damage_healed":0,"gold_gain":0,"player_choice":"Ignored","damage_taken":0,"max_hp_gain":0,"max_hp_loss":0,"event_name":"Liars Game","floor":7,"gold_loss":0},{"damage_healed":31,"gold_gain":0,"player_choice":"Full Heal","damage_taken":0,"max_hp_gain":0,"max_hp_loss":0,"event_name":"Wheel of Change","floor":8,"gold_loss":0}],"is_beta":false,"boss_relics":[],"items_purged_floors":[14],"is_endless":false,"potions_floor_spawned":[1,3,6],"killed_by":"Hexaghost","ascension_level":20}}