{"host":"d66n7ln59ex8canu","time":1610942821,"event":{"mods":["AchievementEnabler","BaseMod","Colored Map","Minty Spire (QoL Compilation)","Quick Restart","StSLib"],"gold_per_floor":[111,111,86,86,86,86,111,131,131,156,331,347,347,379,379,483,483,496,496,515,361,276,276,276],"floor_reached":23,"language":"ENG","playtime":518,"items_purged":[],"score":276,"play_id":"f6420ace-6c81-4572-8f55-fc913ba6266d","local_time":"20210117230701","is_ascension_mode":true,"campfire_choices":[{"data":"Dagger Spray","floor":6,"key":"SMITH"},{"data":"Dodge and Roll","floor":13,"key":"SMITH"},{"data":"Poisoned Stab","floor":15,"key":"SMITH"}],"circlet_count":0,"master_deck":["Strike_G","Strike_G","Strike_G","Strike_G","Strike_G","Defend_G","Defend_G","Defend_G","Defend_G","Defend_G","Survivor","Neutralize+1","Deadly Poison+1","Dagger Spray+1","Blade Dance","Dodge and Roll+1","Terror","Cloak And Dagger","Poisoned Stab+1","Storm of Steel","Infinite Blades","Bandage Up","Neutralize"],"relics":["Ring of the Snake","NeowsBlessing","Omamori","Boot","HornCleat","Pen Nib","Cursed Key","Regal Pillow","Potion Belt"],"acts_visited":["Exordium","TheCity"],"potions_floor_usage":[10,14,23],"damage_taken":[{"damage":0,"enemies":"2 Louse","floor":1,"turns":1},{"damage":0,"enemies":"3 Sentries","floor":7,"turns":1},{"damage":0,"enemies":"Cultist","floor":8,"turns":1},{"damage":9,"enemies":"Gremlin Nob","floor":10,"turns":3},{"damage":10,"enemies":"Small Slimes","floor":12,"turns":2},{"damage":11,"enemies":"3 Sentries","floor":14,"turns":7},{"damage":1,"enemies":"Hexaghost","floor":16,"turns":9},{"damage":22,"enemies":"Shell Parasite","floor":18,"turns":5},{"damage":22,"enemies":"2 Thieves","floor":20,"turns":2},{"damage":35,"enemies":"Slavers","floor":23,"turns":3}],"seed_played":"-6696650304351989918","potions_obtained":[{"floor":1,"key":"CultistPotion"},{"floor":12,"key":"Fire Potion"},{"floor":18,"key":"LiquidMemories"}],"is_trial":false,"path_per_floor":["M","?","$","?","$","R","E","M","T","E","?","M","R","E","R","B",null,"M","?","M","$","?","E"],"character_chosen":"THE_SILENT","items_purchased":["Dagger Spray","Regal Pillow"],"campfire_rested":0,"item_purchase_floors":[3,21],"current_hp_per_floor":[70,70,70,70,70,70,70,70,70,61,61,51,51,40,40,39,70,48,48,26,26,26,0,0],"gold":276,"neow_bonus":"THREE_ENEMY_KILL","is_daily":false,"chose_seed":false,"campfire_upgraded":3,"win_rate":0.0,"timestamp":1610942821,"path_taken":["M","?","?","?","$","R","E","M","T","E","?","M","R","E","R","BOSS","M","?","?","$","?","E"],"items_purchased_type":["Card","Relic"],"build_version":"2020-12-22","purchased_purges":0,"victory":false,"max_hp_per_floor":[70,70,70,70,70,70,70,70,70,70,70,70,70,70,70,70,70,70,70,70,70,70,70,70],"card_choices":[{"not_picked":["Slice","Masterful Stab"],"picked":"Deadly Poison","floor":1},{"not_picked":["Outmaneuver","Flechettes"],"picked":"Blade Dance","floor":7},{"not_picked":["Dagger Throw","Bane"],"picked":"Dodge and Roll","floor":8},{"not_picked":["Sucker Punch","Masterful Stab"],"picked":"Terror","floor":10},{"not_picked":["Bane","Dagger Throw"],"picked":"Cloak And Dagger","floor":12},{"not_picked":["Predator","Dagger Spray"],"picked":"Poisoned Stab","floor":14},{"not_picked":["Glass Knife","Unload"],"picked":"Storm of Steel","floor":16},{"not_picked":["Outmaneuver","Dagger Throw"],"picked":"Infinite Blades","floor":18},{"not_picked":["Escape Plan","Bane","PiercingWail"],"picked":"SKIP","floor":20}],"player_experience":330410,"relics_obtained":[{"floor":7,"key":"Omamori"},{"floor":9,"key":"Boot"},{"floor":10,"key":"HornCleat"},{"floor":14,"key":"Pen Nib"}],"event_choices":[{"damage_healed":0,"gold_gain":0,"player_choice":"Upgraded","damage_taken":0,"max_hp_gain":0,"max_hp_loss":0,"event_name":"Upgrade Shrine","floor":2,"gold_loss":0,"cards_upgraded":["Deadly Poison"]},{"damage_healed":0,"gold_gain":0,"player_choice":"Grow","damage_taken":0,"max_hp_gain":0,"max_hp_loss":0,"event_name":"Living Wall","floor":4,"gold_loss":0,"cards_upgraded":["Neutralize"]},{"damage_healed":0,"gold_gain":175,"player_choice":"AGREE","damage_taken":0,"max_hp_gain":0,"max_hp_loss":0,"event_name":"Liars Game","floor":11,"gold_loss":0,"cards_obtained":["Doubt"]},{"damage_healed":0,"gold_gain":0,"player_choice":"2 cards matched","damage_taken":0,"max_hp_gain":0,"max_hp_loss":0,"event_name":"Match and Keep!","floor":19,"gold_loss":0,"cards_obtained":["Bandage Up","Neutralize"]},{"damage_healed":0,"gold_gain":0,"player_choice":"Obtained Relic","damage_taken":0,"relics_obtained":["Potion Belt"],"max_hp_gain":0,"max_hp_loss":0,"event_name":"Addict","floor":22,"gold_loss":85}],"is_beta":false,"boss_relics":[{"not_picked":["Fusion Hammer","Tiny House"],"picked":"Cursed Key"}],"items_purged_floors":[],"is_endless":false,"potions_floor_spawned":[1,12,18],"killed_by":"Slavers","ascension_level":4}}