{"host":"cv77zuuuekizn3ic","time":1610961223,"event":{"mods":["AchievementEnabler","BaseMod","Downfall","Marisa£®ÏF”Í°°ƒß¿Ì…≥£©","Minty Spire (QoL Compilation)","StSLib"],"gold_per_floor":[99,99,18,18,118,145,168,168,268,283,294,308,308,308],"floor_reached":13,"language":"ZHS","playtime":528,"items_purged":[],"score":181,"play_id":"dcb22ddc-9ed4-4002-ae66-8952438d707a","local_time":"20210118171343","is_ascension_mode":false,"campfire_choices":[{"data":"bronze:Goto","floor":1.0,"key":"SMITH"}],"circlet_count":0,"master_deck":["bronze:Strike","bronze:Strike","bronze:Strike","bronze:Defend","bronze:Defend","bronze:Defend","bronze:Defend","bronze:Replicate","bronze:Goto+1","bronze:Iterate","bronze:Constructor","bronze:Mutator","bronze:ChosenStrike","Normality","CurseOfTheBell","downfall:Bewildered","bronze:Mutator","Shame","Parasite","bronze:Turbo","bronze:Return","bronze:Verify"],"relics":["bronze:BronzeCore","downfall:HeartsMalice","Calling Bell","Bronze Scales","Blue Candle","Gambling Chip","Nunchaku","Bag of Marbles","downfall:GremlinWheel"],"acts_visited":["Exordium"],"potions_floor_usage":[9,12,13],"damage_taken":[{"damage":0.0,"enemies":"2 Louse","floor":2.0,"turns":1.0},{"damage":0.0,"enemies":"downfall:FleeingMerchant","floor":3.0,"turns":1.0},{"damage":0.0,"enemies":"Jaw Worm","floor":4.0,"turns":1.0},{"damage":26.0,"enemies":"Lagavulin","floor":6.0,"turns":8.0},{"damage":22,"enemies":"Lagavulin","floor":9,"turns":5},{"damage":0,"enemies":"Cultist","floor":10,"turns":2},{"damage":6,"enemies":"2 Fungi Beasts","floor":11,"turns":3},{"damage":8,"enemies":"Large Slime","floor":12,"turns":4},{"damage":14,"enemies":"3 Sentries","floor":13,"turns":2}],"seed_played":"-7304994500446100475","potions_obtained":[{"floor":6.0,"key":"Guardian:BlockOnCardUsePotion"},{"floor":9,"key":"GamblersBrew"},{"floor":10,"key":"LiquidMemories"}],"is_trial":false,"path_per_floor":["R","M","$","M","?","E","T","?","?","M","M","M","E"],"character_chosen":"THE_AUTOMATON","items_purchased":["bronze:Mutator"],"campfire_rested":0,"item_purchase_floors":[3],"current_hp_per_floor":[70,70,70,70,75,49,49,49,27,27,21,13,0,0],"gold":308,"neow_bonus":"THREE_ENEMY_KILL","is_daily":false,"chose_seed":false,"campfire_upgraded":1,"win_rate":0.0,"timestamp":1610961223,"path_taken":["R","M","$","M","?","E","T","?","?","M","M","M","E"],"items_purchased_type":["Card"],"build_version":"2020-12-22","purchased_purges":0,"victory":false,"max_hp_per_floor":[70,70,70,70,75,75,75,75,75,75,75,75,75,75],"card_choices":[{"not_picked":["bronze:Frontload","bronze:Allocate"],"picked":"bronze:Iterate","floor":2.0},{"not_picked":["bronze:Fortify","bronze:FineTuning"],"picked":"bronze:Constructor","floor":3.0},{"not_picked":["bronze:DelayedSlice","bronze:Boost"],"picked":"bronze:ChosenStrike","floor":4.0},{"not_picked":["bronze:Invalidate","bronze:Allocate","bronze:Turbo"],"picked":"SKIP","floor":6.0},{"not_picked":["bronze:Invalidate","bronze:Allocate"],"picked":"bronze:Turbo","floor":6.0},{"not_picked":["bronze:DelayedSlice","bronze:ItsAFeature"],"picked":"bronze:Return","floor":10},{"not_picked":["bronze:BitShift","bronze:DigitalCarnage"],"picked":"bronze:Verify","floor":11},{"not_picked":["bronze:CutThrough","bronze:Deprecate","bronze:Fortify"],"picked":"SKIP","floor":12}],"player_experience":988003,"relics_obtained":[{"floor":5.0,"key":"Bronze Scales"},{"floor":5.0,"key":"Blue Candle"},{"floor":5.0,"key":"Gambling Chip"},{"floor":6.0,"key":"Nunchaku"},{"floor":7.0,"key":"Bag of Marbles"},{"floor":9,"key":"downfall:GremlinWheel"}],"event_choices":[],"is_beta":false,"boss_relics":[],"items_purged_floors":[],"is_endless":false,"potions_floor_spawned":[6,9,10],"killed_by":"3 Sentries","ascension_level":0}}