{"host":"8oeebsytg2tzguhe","time":1610953410,"event":{"mods":["BaseMod","GungeonMod","Minty Spire (QoL Compilation)","Replay The Spire","StSLib","The Animator","The Bug Knight"],"gold_per_floor":[114,133,64,64,84,84,84,84,107,135,135,60,60,88,88,88,88],"floor_reached":16,"language":"ZHS","playtime":707,"items_purged":["Parasite"],"score":111,"play_id":"b1306c31-b458-416f-a432-4684800f7c59","local_time":"20210118150330","is_ascension_mode":true,"campfire_choices":[{"data":"HollowMod:HuntersJournal","floor":6,"key":"SMITH"},{"data":"HollowMod:FocusHealStart","floor":11,"key":"SMITH"},{"data":"HollowMod:WraithStrike","floor":13,"key":"SMITH"},{"data":"HollowMod:NailStrikeStart","floor":15,"key":"PURGE"}],"circlet_count":0,"master_deck":["HollowMod:NailStrikeStart","HollowMod:QuickDashStart","HollowMod:QuickDashStart","HollowMod:QuickDashStart","HollowMod:QuickDashStart","HollowMod:FocusHealStart+1","HollowMod:PogoStrike","HollowMod:GoodIntentions","HollowMod:WraithStrike+1","HollowMod:DescendingDark","HollowMod:HuntersJournal+1","HollowMod:DoubleDash","HollowMod:DashSlash"],"relics":["HollowMod:VesselMask","Blue Doll","Replay:Baseball","Potion Belt","Akabeko"],"acts_visited":["Exordium"],"potions_floor_usage":[16],"damage_taken":[{"damage":0,"enemies":"Small Slimes","floor":1,"turns":4},{"damage":0,"enemies":"Cultist","floor":2,"turns":3},{"damage":0,"enemies":"2 Louse","floor":5,"turns":1},{"damage":16,"enemies":"3 Sentries","floor":10,"turns":9},{"damage":9,"enemies":"Gremlin Nob","floor":14,"turns":4},{"damage":66,"enemies":"Hexaghost","floor":16,"turns":16}],"seed_played":"-6487103560264459450","potions_obtained":[{"floor":10,"key":"Dexterity Potion"},{"floor":14,"key":"Explosive Potion"}],"is_trial":false,"path_per_floor":["M","M","?","$","M","R","?","?","T","E","R","$","R","E","R","B"],"character_chosen":"THE_BUGKNIGHT","items_purchased":[],"campfire_rested":0,"item_purchase_floors":[],"current_hp_per_floor":[54,54,54,54,54,54,54,72,72,56,56,56,56,53,53,0,0],"gold":88,"neow_bonus":"TRANSFORM_TWO_CARDS","is_daily":false,"chose_seed":false,"campfire_upgraded":3,"win_rate":0.0,"timestamp":1610953410,"path_taken":["M","M","?","$","?","R","?","?","T","E","R","?","R","E","R","BOSS"],"items_purchased_type":[],"build_version":"2020-12-22","purchased_purges":1,"victory":false,"max_hp_per_floor":[75,75,75,75,75,75,75,75,75,75,75,72,72,72,72,72,72],"card_choices":[{"not_picked":["HollowMod:HeavyBlow","HollowMod:DungDefenderAura"],"picked":"HollowMod:DescendingDark","floor":1},{"not_picked":["HollowMod:MawleksShell","HollowMod:NewLittleFool"],"picked":"HollowMod:HuntersJournal","floor":2},{"not_picked":["HollowMod:InfectedAttack","HollowMod:SharpenedNail"],"picked":"HollowMod:DoubleDash","floor":5},{"not_picked":["HollowMod:ChannelNail","HollowMod:HeavyBlow"],"picked":"HollowMod:DashSlash","floor":10},{"not_picked":["HollowMod:CrystalDash","HollowMod:QuirrelsAssistance","HollowMod:InfectionAssault"],"picked":"SKIP","floor":14}],"player_experience":62972,"relics_obtained":[{"floor":9,"key":"Replay:Baseball"},{"floor":10,"key":"Potion Belt"},{"floor":14,"key":"Akabeko"}],"event_choices":[{"damage_healed":0,"gold_gain":0,"player_choice":"Paid Gold","damage_taken":0,"relics_obtained":["Blue Doll"],"max_hp_gain":0,"max_hp_loss":0,"event_name":"WeMeetAgain","floor":3,"gold_loss":69},{"damage_healed":18,"gold_gain":0,"player_choice":"Healed and dodged fight","damage_taken":0,"max_hp_gain":0,"max_hp_loss":0,"event_name":"Mushrooms","floor":8,"gold_loss":0,"cards_obtained":["Parasite"]}],"is_beta":false,"boss_relics":[],"items_purged_floors":[12],"is_endless":false,"potions_floor_spawned":[10,14],"killed_by":"Hexaghost","ascension_level":1}}