{"host":"5c3kjl7nos5i2inu","time":1610937799,"event":{"mods":["BaseMod","Dark Map","Downfall","Hermit","Minty Spire (QoL Compilation)","StSLib"],"gold_per_floor":[110,22,32,32,47,47,76,95,95,95,114,170,186,186,186,186,186],"floor_reached":16,"language":"ENG","playtime":1130,"items_purged":[],"score":102,"play_id":"f1bc8694-779e-465e-9a55-ae5f005b4749","local_time":"20210117214319","is_ascension_mode":false,"campfire_choices":[{"data":"Distraction","floor":6,"key":"SMITH"},{"data":"Flying Knee","floor":10,"key":"SMITH"},{"data":"Deflect","floor":15,"key":"SMITH"}],"circlet_count":0,"master_deck":["Strike_G","Strike_G","Strike_G","Strike_G","Strike_G","Defend_G","Defend_G","Defend_G","Defend_G","Survivor","Neutralize","Deflect+1","Noxious Fumes","Dodge and Roll","Distraction+1","Blade Dance","Flying Knee+1","Crippling Poison","Slice","Dodge and Roll","Leg Sweep"],"relics":["Ring of the Snake","Vajra","Bag of Preparation","Question Card","Tough Bandages"],"acts_visited":["Exordium"],"potions_floor_usage":[12],"damage_taken":[{"damage":1,"enemies":"Cultist","floor":1,"turns":4},{"damage":0,"enemies":"Small Slimes","floor":3,"turns":4},{"damage":0,"enemies":"2 Louse","floor":5,"turns":4},{"damage":21,"enemies":"Gremlin Nob","floor":7,"turns":5},{"damage":0,"enemies":"Large Slime","floor":8,"turns":5},{"damage":4,"enemies":"2 Fungi Beasts","floor":11,"turns":3},{"damage":0,"enemies":"Gremlin Nob","floor":12,"turns":2},{"damage":0,"enemies":"Looter","floor":13,"turns":3},{"damage":49,"enemies":"Slime Boss","floor":16,"turns":8}],"seed_played":"6676542239095318526","potions_obtained":[{"floor":7,"key":"Dexterity Potion"},{"floor":11,"key":"Fire Potion"},{"floor":12,"key":"Ancient Potion"}],"is_trial":false,"path_per_floor":["M","$","M","?","M","R","E","M","T","R","M","?","M","?","R","B"],"character_chosen":"THE_SILENT","items_purchased":["Noxious Fumes","Dodge and Roll"],"campfire_rested":0,"item_purchase_floors":[2,2],"current_hp_per_floor":[69,69,69,74,74,74,53,53,53,53,49,49,49,42,42,0,0],"gold":186,"neow_bonus":"RANDOM_COMMON_RELIC","is_daily":false,"chose_seed":false,"campfire_upgraded":3,"win_rate":0.0,"timestamp":1610937799,"path_taken":["M","$","M","?","M","R","E","M","T","R","M","?","M","?","R","BOSS"],"items_purchased_type":["Card","Card"],"build_version":"2020-12-22","purchased_purges":0,"victory":false,"max_hp_per_floor":[70,70,70,75,75,75,75,75,75,75,75,75,75,75,75,75,75],"card_choices":[{"not_picked":["Blade Dance","Calculated Gamble"],"picked":"Deflect","floor":1},{"not_picked":["Skewer","PiercingWail"],"picked":"Distraction","floor":3},{"not_picked":["Finisher","Reflex"],"picked":"Blade Dance","floor":5},{"not_picked":["Dagger Throw","All Out Attack"],"picked":"Flying Knee","floor":7},{"not_picked":["Escape Plan","Distraction"],"picked":"Crippling Poison","floor":8},{"not_picked":["Glass Knife","Outmaneuver","Dagger Throw"],"picked":"Slice","floor":11},{"not_picked":["Eviscerate","Escape Plan","Catalyst"],"picked":"Dodge and Roll","floor":12},{"not_picked":["Footwork","Deadly Poison","Eviscerate"],"picked":"Leg Sweep","floor":13}],"player_experience":96696,"relics_obtained":[{"floor":7,"key":"Bag of Preparation"},{"floor":9,"key":"Question Card"}],"event_choices":[{"damage_healed":0,"gold_gain":0,"player_choice":"Donut","damage_taken":0,"max_hp_gain":5,"max_hp_loss":0,"event_name":"Big Fish","floor":4,"gold_loss":0},{"damage_healed":0,"gold_gain":0,"player_choice":"Searched \u00272\u0027 times","damage_taken":0,"relics_obtained":["Tough Bandages"],"max_hp_gain":0,"max_hp_loss":0,"event_name":"Dead Adventurer","floor":12,"gold_loss":0},{"cards_removed":["Defend_G"],"damage_healed":0,"gold_gain":0,"player_choice":"Card Removal","damage_taken":7,"max_hp_gain":0,"max_hp_loss":0,"event_name":"Golden Wing","floor":14,"gold_loss":0}],"is_beta":false,"boss_relics":[],"items_purged_floors":[],"is_endless":false,"potions_floor_spawned":[7,11,12],"killed_by":"Slime Boss","ascension_level":0}}