{"host":"hwui1o2d2vvxl1xp","time":1610943371,"event":{"mods":["ATMod(阿瑾Mod)","AchievementEnabler","Act Like it!","Alarm Clock","BaseMod","CapriCore","Colored Map","Colored Powertips","Dota2Spire","Gensokyo","LagranYue(拉格朗・月)","Lobotomy","LobotomyExtend","Minty Spire (QoL Compilation)","MostiFishMod","Pale of the Ancients","Quick Restart","RumiaBox-露米娅的神秘盒子","Shop Mod","StSLib","TestMod","Waifu the Spire","[功能]功能增强和修复MOD","simple","【功能Mod】混沌之环修复补丁","【功能Mod】聪明的最终Boss","【遗物卡牌】REMEMod","篝火指南"],"gold_per_floor":[110,124,76,76,86,40,40,74,74,35,63,53,53,78,85,183,183,197,197,170,570,585,581,643,643,667,692,692,706,614,614,587,682,682,701,626,646,582,596,589,697,697,745,771,739,768,24,54,37,51,51,3,17,60,151],"floor_reached":56,"language":"ZHS","playtime":3889,"items_purged":["MasterReality"],"score":1977,"play_id":"8de22f8e-70e2-4e3a-b7b8-ea257f431611","local_time":"20210118121611","is_ascension_mode":true,"campfire_choices":[{"floor":25,"key":"RECALL"}],"circlet_count":0,"master_deck":["LongBird","Strike_P","Strike_P","Strike_P","Strike_P","Defend_P","Defend_P","Defend_P","Defend_P","Vigilance","REME_WheelOfFate","Consecrate","CrumblingArmor","CarveReality","MostiFishMod:PathToVictory","REME_FirmDetermination","ClearTheMind","DeusExMachina","AT_ChampionKick","AT_TearsDenial","ShyLook","REME_EyeOfCthun","FearNoEvil","Alpha","MostiFishMod:Neptune","MostiFishMod:TheEndOfMoonlight","MostiFishMod:SparklingWater","MostiFishMod:FantasySummer","MostiFishMod:NightSea","AT_RealFormLess","Apotheosis+1","Crescendo","REME_EyeOfCthun","AT_ChampionStep+1","Pray","Gensokyo:FourOfAKind+1","Gensokyo:FourOfAKind","Gensokyo:FourOfAKind","Gensokyo:FourOfAKind","BattleHymn","AT_EmpoweredMortalDraw","MostiFishMod:PathToVictory","MentalFortress","FlurryOfBlows","MostiFishMod:StarOceanP+1","MostiFishMod:EE1D","MostiFishMod:EE1D","MostiFishMod:EE1D","WindmillStrike+1","testmod-SelfRegulatingSystem+1","Consecrate","Bandage Up","Halt+1","REME_FirmDetermination","MostiFishMod:DustFall+1","Scarecrow","testmod-HeadAttack","MostiFishMod:Nomercy","Gensokyo:Dawn+1","BigBadWolf","MostiFishMod:CyberBuddha+1","MentalFortress","Freischutz","MostiFishMod:BrokenBlackCloak+1","MostiFishMod:KingOfFree+1","Pray"],"relics":["PureWater","REME_ComplimentaryCards","AT_ATBox","ThornShield","testmod-IWantAll","LagranYue:RandomDrawCardRelic","CogitoBucket","SynthV:TestCard","LetterFromLob","Civilization","MerchantsRug","ImprovedEquipment","Darkstone Periapt","Dota2Spire:EchoSabre","REME_HourglassOfDeath","Question Card","Gensokyo:OccultBall","AT_EbonyIvory","Matryoshka","testmod-ObsoleteBoomerang","Dota2Spire:UrnOfShadows","Toy Ornithopter","Damaru","Ancient Tea Set","ClockworkSouvenir","Gensokyo:Mercy","GoldenEye","Dota2Spire:BattleFury","Dota2Spire:PowerTreads","MoonlightInvasionPlan","SkinProphecy","Gensokyo:DirgeOfMelancholy","Bag of Marbles","Bird Faced Urn","Dota2Spire:MaskOfMadness","Dota2Spire:PhaseBoots","DollysMirror","GodSword1","Ccalipers","AT_BladeRuinedKing","LagranYue:WskJewelryRelic","InkBottle","Technique","DaveBox","Pear","BrkXgEgg","EE1DDrone","Theresia","ZombieArmy","Dota2Spire:ArcaneBoots","LagranYue:NewUniverseRelic","SentryEyes","Pen Nib","HandDrill","Bronze Scales","Dota2Spire:ArmletOfMordiggian","testmod-Antiphasic","Anchor","Nunchaku","Justitia_r","testmod-Alchemist","Dota2Spire:OrchidMalevolence","MagicDraw4","Peace Pipe","The Courier","Bottled Flame","testmod-Acrobat","MealTicket","Boot","Dota2Spire:DrumOfEndurance","Centennial Puzzle","Art of War","Strange Spoon","AT_SpeedBoots","REME_HandOfSuture","Dota2Spire:ShadowBlade","testmod-HeartOfStrike","testmod-MagicalMallet","testmod-TurbochargingSystem","Dota2Spire:Vanguard","Dota2Spire:LinkenSphere"],"acts_visited":["Gensokyo:Gensokyo","Gensokyo:Gensokyoer","Gensokyo:Gensokyoest","TheEnding"],"potions_floor_usage":[2,10,16,24,38,46,55],"damage_taken":[{"damage":0,"enemies":"Gensokyo:3_Fairies","floor":1,"turns":3},{"damage":2,"enemies":"Gensokyo:Gryphon","floor":2,"turns":2},{"damage":0,"enemies":"Gensokyo:2_Kodama","floor":5,"turns":1},{"damage":0,"enemies":"Gensokyo:Mamizou","floor":8,"turns":4},{"damage":0,"enemies":"Gensokyo:Aya","floor":11,"turns":3},{"damage":0,"enemies":"Gensokyo:Mamizou","floor":14,"turns":3},{"damage":0,"enemies":"Gensokyo:Kokoro","floor":16,"turns":3},{"damage":0,"enemies":"Gensokyo:3_Dogs","floor":18,"turns":1},{"damage":0,"enemies":"Gensokyo:AngelMirror","floor":22,"turns":3},{"damage":0,"enemies":"Gensokyo:Reisen","floor":24,"turns":1},{"damage":0,"enemies":"Gensokyo:Tenshi","floor":27,"turns":2},{"damage":0,"enemies":"Gensokyo:Swordslinger","floor":29,"turns":1},{"damage":0,"enemies":"Gensokyo:Eternal_Rivals","floor":33,"turns":4},{"damage":0,"enemies":"Gensokyo:3_Bats","floor":35,"turns":1},{"damage":0,"enemies":"Gensokyo:3_Boulders","floor":37,"turns":2},{"damage":0,"enemies":"Gensokyo:Rafflesia","floor":39,"turns":2},{"damage":0,"enemies":"Gensokyo:Doremy","floor":41,"turns":1},{"damage":0,"enemies":"Gensokyo:Doremy","floor":42,"turns":2},{"damage":0,"enemies":"Gensokyo:Marisa","floor":44,"turns":2},{"damage":0,"enemies":"Gensokyo:Kasen","floor":46,"turns":1},{"damage":0,"enemies":"Gensokyo:Doremy","floor":48,"turns":1},{"damage":0,"enemies":"Gensokyo:Shinki","floor":50,"turns":4},{"damage":0,"enemies":"Shield and Spear","floor":54,"turns":1},{"damage":2,"enemies":"The Heart","floor":55,"turns":3}],"seed_played":"5938436056304155346","potions_obtained":[{"floor":1,"key":"LiquidMemories"},{"floor":1,"key":"Strength Potion"},{"floor":2,"key":"BlessingOfTheForge"},{"floor":8,"key":"StancePotion"},{"floor":11,"key":"Regen Potion"},{"floor":14,"key":"Ancient Potion"},{"floor":16,"key":"REME_GoldPotion"},{"floor":18,"key":"Strength Potion"},{"floor":24,"key":"StancePotion"},{"floor":37,"key":"BottledMiracle"},{"floor":46,"key":"Fruit Juice"}],"is_trial":false,"path_per_floor":["M","M","$","?","M","R","?","E","T","R","E","R","?","E","R","B",null,"M","?","$","?","M","R","E","R","T","E","?","M","R","?","R","B",null,"M","$","M","$","M","R","E","?","T","E","R","E","R","E","R","B",null,"R","$","E","B",null],"character_chosen":"WATCHER","items_purchased":["Civilization","MerchantsRug","Weak Potion","PowerPotion","ColorlessPotion","ImprovedEquipment","Darkstone Periapt","REME_HourglassOfDeath","Question Card","REME_FirmDetermination","PowerPotion","Swift Potion","testmod-TestPotion","Matryoshka","testmod-ObsoleteBoomerang","REME_GoldPotion","SpeedPotion","FairyPotion","DeusExMachina","AT_ChampionKick","AT_TearsDenial","Damaru","Ancient Tea Set","ClockworkSouvenir","ColorlessPotion","ColorlessPotion","Explosive Potion","REME_EyeOfCthun","Dota2Spire:BattleFury","Dota2Spire:PowerTreads","SteroidPotion","EssenceOfSteel","Dota2Spire:HealingSalve","Bag of Marbles","Bird Faced Urn","Apotheosis","PowerPotion","FearPotion","ColorlessPotion","Dota2Spire:MaskOfMadness","Dota2Spire:PhaseBoots","DollysMirror","DuplicationPotion","BlessingOfTheForge","REME_GoldPotion","LagranYue:WskJewelryRelic","InkBottle","Technique","AT_EmpoweredMortalDraw","Pear","BrkXgEgg","MostiFishMod:PathToVictory","MentalFortress","FlurryOfBlows","ZombieArmy","Dota2Spire:ArcaneBoots","LagranYue:NewUniverseRelic","testmod-SelfRegulatingSystem+1","Consecrate","Bandage Up","SentryEyes","Pen Nib","HandDrill","testmod-SpacePotion","BlessingOfTheForge","Strength Potion","REME_FirmDetermination","Bronze Scales","Dota2Spire:ArmletOfMordiggian","FearPotion","BlessingOfTheForge","BottledMiracle","testmod-HeadAttack","Dota2Spire:OrchidMalevolence","MagicDraw4","SteroidPotion","Weak Potion","BottledMiracle","The Courier","Bottled Flame","testmod-Acrobat","MealTicket","Boot","Dota2Spire:DrumOfEndurance","Centennial Puzzle","Fire Potion","Dexterity Potion","Ancient Potion","Art of War","Strange Spoon","REME_HandOfSuture","Dota2Spire:ShadowBlade","SpeedPotion","SpeedPotion","SkillPotion","MostiFishMod:BrokenBlackCloak+1","testmod-HeartOfStrike","testmod-MagicalMallet","MostiFishMod:KingOfFree+1","ColorlessPotion","Swift Potion","AttackPotion","testmod-TurbochargingSystem","Dota2Spire:Vanguard"],"campfire_rested":0,"item_purchase_floors":[3,3,3,3,3,3,3,6,6,6,6,6,6,10,10,10,10,10,10,10,10,12,12,12,12,12,12,12,15,15,15,15,15,20,20,20,20,20,20,23,23,23,23,23,23,30,30,30,30,32,32,32,32,32,36,36,36,36,36,36,38,38,38,38,38,38,38,40,40,40,40,40,40,45,45,45,45,45,47,47,47,47,47,47,47,47,47,47,47,47,49,49,49,49,49,49,52,52,52,53,53,53,53,53],"current_hp_per_floor":[72,70,70,56,58,58,58,61,61,61,65,65,65,70,70,80,91,96,96,96,96,97,97,103,103,103,108,82,85,85,85,95,106,106,103,103,108,113,120,120,131,131,131,143,143,155,155,156,156,169,169,169,169,176,181],"gold":151,"neow_bonus":"","is_daily":false,"chose_seed":false,"campfire_upgraded":0,"win_rate":0.0,"timestamp":1610943371,"path_taken":["M","M","$","?","M","R","?","E","T","R","E","R","?","E","R","BOSS","M","?","$","?","?","R","E","R","T","E","?","M","R","?","R","BOSS","M","$","M","$","M","R","E","?","T","E","R","E","R","E","R","BOSS","R","$","E","BOSS"],"items_purchased_type":["Relic","Relic","Potion","Potion","Potion","Relic","Relic","Relic","Relic","Card","Potion","Potion","Potion","Relic","Relic","Potion","Potion","Potion","Card","Card","Card","Relic","Relic","Relic","Potion","Potion","Potion","Card","Relic","Relic","Potion","Potion","Potion","Relic","Relic","Card","Potion","Potion","Potion","Relic","Relic","Relic","Potion","Potion","Potion","Relic","Relic","Relic","Card","Relic","Relic","Card","Card","Card","Relic","Relic","Relic","Card","Card","Card","Relic","Relic","Relic","Potion","Potion","Potion","Card","Relic","Relic","Potion","Potion","Potion","Card","Relic","Relic","Potion","Potion","Potion","Relic","Relic","Relic","Relic","Relic","Relic","Relic","Potion","Potion","Potion","Relic","Relic","Relic","Relic","Potion","Potion","Potion","Card","Relic","Relic","Card","Potion","Potion","Potion","Relic","Relic"],"build_version":"2020-12-22","purchased_purges":1,"victory":true,"max_hp_per_floor":[72,72,72,72,74,74,74,77,77,77,81,81,81,86,86,91,91,96,96,96,96,103,103,110,110,110,117,82,89,89,89,99,106,106,115,115,122,122,129,129,136,136,136,143,143,155,155,162,162,169,169,169,169,176,183],"card_choices":[{"not_picked":["BigBird","CherryBlossoms"],"picked":"BeautyBeast","floor":1},{"not_picked":["FlyingSleeves","ReachHeaven"],"picked":"Consecrate","floor":1},{"not_picked":["SpiderBud","CherryBlossoms"],"picked":"CrumblingArmor","floor":2},{"not_picked":["Protect","ThirdEye","JustLucky","FollowUp"],"picked":"CarveReality","floor":2},{"not_picked":["JustLucky","Conclude","Wallop","Pray"],"picked":"MostiFishMod:PathToVictory","floor":5},{"not_picked":["EmptyMind","MostiFishMod:Clarity","ThirdEye","EmptyBody","FlyingSleeves"],"picked":"ClearTheMind","floor":8},{"not_picked":["MostiFishMod:Speedup","Fasting2","FlyingSleeves","Evaluate","JustLucky"],"picked":"MasterReality","floor":11},{"not_picked":["OSAHOGD","VoidDream"],"picked":"ShyLook","floor":11},{"not_picked":["ClearTheMind","WheelKick","REME_Repentance","EmptyMind","Omniscience"],"picked":"FearNoEvil","floor":14},{"not_picked":["MostiFishMod:StarOceanP","MostiFishMod:Minus","MasterReality","LessonLearned","ConjureBlade"],"picked":"Alpha","floor":16},{"not_picked":["EmptyBody+1","EmptyFist","CrushJoints","ClearTheMind","CutThroughFate"],"picked":"AT_RealFormLess","floor":18},{"not_picked":["SashWhip","LikeWater","CutThroughFate","FearNoEvil","BowlingBash"],"picked":"Crescendo","floor":22},{"not_picked":["Collect","Prostrate+1","MostiFishMod:FlowState","REME_MusicOfDeath","MostiFishMod:Disappear"],"picked":"AT_ChampionStep+1","floor":24},{"not_picked":["Evaluate+1","FlurryOfBlows","FlyingSleeves","SignatureMove","JustLucky"],"picked":"Pray","floor":27},{"not_picked":["EmptyFist","Evaluate+1","CutThroughFate","PathToVictory","Crescendo"],"picked":"BattleHymn","floor":29},{"not_picked":["MostiFishMod:ScryFuture+1","AT_IrregularMenstruation+1","REME_WorshipGod+1","MostiFishMod:Moonprays+1","MostiFishMod:StarLaLaLa+1"],"picked":"MostiFishMod:StarOceanP+1","floor":33},{"not_picked":["SnowQueen","DespairKnight"],"picked":"LongBird","floor":35},{"not_picked":["MostiFishMod:DisColor+1","Halt+1","Sanctity+1","WreathOfFlame","EmptyBody"],"picked":"WindmillStrike+1","floor":35},{"not_picked":["SignatureMove+1","EmptyMind","ThirdEye","REME_Repentance+1","Pray"],"picked":"Halt+1","floor":37},{"not_picked":["Consecrate+1","FlurryOfBlows+1","ForeignInfluence+1","Prostrate+1","ThirdEye"],"picked":"MostiFishMod:DustFall+1","floor":39},{"not_picked":["Variant","SingingMachine"],"picked":"Scarecrow","floor":39},{"not_picked":["Collect+1","CutThroughFate","Tantrum+1","REME_MusicOfDeath","MostiFishMod:Moonprays+1"],"picked":"MostiFishMod:Nomercy","floor":41},{"not_picked":["Gensokyo:UnhurriedMind+1","Gensokyo:LifeSpringInfinity+1"],"picked":"Gensokyo:Dawn+1","floor":42},{"not_picked":["EmptyFist+1","SashWhip+1","ClearTheMind","CrushJoints","FearNoEvil"],"picked":"Consecrate+1","floor":44},{"not_picked":["Yin","BeautyBeast"],"picked":"BigBadWolf","floor":44},{"not_picked":["Crescendo","Protect","Halt","Prostrate","AT_SoftenMuscles+1"],"picked":"MostiFishMod:CyberBuddha+1","floor":46},{"not_picked":["Evaluate+1","FlyingSleeves","Indignation+1","REME_Repentance","ClearTheMind"],"picked":"MentalFortress","floor":48},{"not_picked":["Wellcheers","Porccubus"],"picked":"Freischutz","floor":48},{"not_picked":["Wallop","CrushJoints","Study","InnerPeace+1","MostiFishMod:DustFall+1"],"picked":"Pray","floor":54}],"player_experience":21227,"relics_obtained":[{"floor":1,"key":"SynthV:TestCard"},{"floor":1,"key":"LetterFromLob"},{"floor":8,"key":"AT_EbonyIvory"},{"floor":11,"key":"Toy Ornithopter"},{"floor":14,"key":"GoldenEye"},{"floor":16,"key":"Gensokyo:OccultBall"},{"floor":22,"key":"Gensokyo:OccultBall"},{"floor":24,"key":"GodSword1"},{"floor":26,"key":"Ccalipers"},{"floor":26,"key":"AT_BladeRuinedKing"},{"floor":33,"key":"Gensokyo:OccultBall"},{"floor":41,"key":"testmod-Antiphasic"},{"floor":43,"key":"Anchor"},{"floor":43,"key":"Nunchaku"},{"floor":44,"key":"testmod-Alchemist"},{"floor":46,"key":"Gensokyo:OccultBall"},{"floor":46,"key":"Peace Pipe"},{"floor":48,"key":"AT_SpeedBoots"},{"floor":54,"key":"Dota2Spire:LinkenSphere"}],"event_choices":[{"damage_healed":0,"gold_gain":400,"player_choice":"Sell","damage_taken":0,"max_hp_gain":0,"max_hp_loss":0,"event_name":"恩洛斯的盘子","floor":21,"relics_lost":["testmod-TestBox"],"gold_loss":0},{"damage_healed":0,"gold_gain":0,"player_choice":"Swap Relic","damage_taken":0,"relics_obtained":["DaveBox"],"max_hp_gain":0,"max_hp_loss":0,"event_name":"给自己的盒子","floor":31,"relics_lost":["DaveBox"],"gold_loss":0}],"is_beta":false,"boss_relics":[{"not_picked":["Busted Crown","REME_LowDesire"],"picked":"MoonlightInvasionPlan"},{"not_picked":["Empty Cage","Jackal-EndForJourney"],"picked":"EE1DDrone"}],"items_purged_floors":[32],"is_endless":false,"potions_floor_spawned":[1,1,2,8,11,14,14,16,18,22,24,24,24,33,35,35,37,37,41,41,46,54,54],"ascension_level":1}}