{"host":"ebj6lkgm8suah319","time":1610999748,"event":{"mods":["2.2 Compatiblity","AchievementEnabler","BaseMod","Block Reminder","Colored Map","Colored Powertips","Minty Spire (QoL Compilation)","Quick Restart","Rare Cards Sparkle","Relic Stats","SuperFastMode"],"gold_per_floor":[118,118,136,156,166,194,194,194,194,194,228,228,241,0,0,125,125,144,169,169,187,203,203,242,242,242,278,80,80,123,161,161,286,286,300,323,323,338,8,8,46,46,71,71,115,176,176,215,215,215],"floor_reached":51,"language":"ENG","playtime":1731,"items_purged":["Strike_R","Strike_R"],"score":1050,"play_id":"e02930cb-4cc1-4bd8-b114-d827686df8d3","local_time":"20210118145548","is_ascension_mode":true,"campfire_choices":[{"floor":8,"key":"REST"},{"floor":10,"key":"REST"},{"data":"Corruption","floor":12,"key":"SMITH"},{"data":"Panache","floor":15,"key":"SMITH"},{"floor":23,"key":"REST"},{"floor":25,"key":"REST"},{"data":"Feel No Pain","floor":29,"key":"SMITH"},{"floor":32,"key":"REST"},{"data":"Feel No Pain","floor":40,"key":"SMITH"},{"data":"Evolve","floor":42,"key":"SMITH"},{"data":"Disarm","floor":47,"key":"SMITH"},{"data":"Uppercut","floor":49,"key":"SMITH"}],"circlet_count":0,"master_deck":["Strike_R","Strike_R","Strike_R","Defend_R","Defend_R","Defend_R+1","Defend_R","Bash+1","Shrug It Off","Wild Strike","Corruption+1","Shrug It Off","Dual Wield+1","Power Through","Uppercut+1","Evolve+1","Panache+1","Juggernaut","Entrench","Disarm+1","Pommel Strike","Power Through","True Grit+1","Feel No Pain+1","Shrug It Off","Reaper","Feed","Inflame","Second Wind+1","Feel No Pain+1","Iron Wave+1"],"relics":["SlaversCollar","Bag of Preparation","Golden Idol","Bronze Scales","Bottled Tornado","Mark of Pain","WingedGreaves","Ornamental Fan","Mercury Hourglass","Blood Vial","War Paint","Centennial Puzzle","Busted Crown","OrangePellets","TungstenRod","Toy Ornithopter","Omamori","Magic Flower","Pocketwatch","Letter Opener"],"acts_visited":["Exordium","TheCity","TheBeyond"],"potions_floor_usage":[16,19,27,31,33,45,45,50,50],"damage_taken":[{"damage":9,"enemies":"2 Louse","floor":1,"turns":3},{"damage":1,"enemies":"Cultist","floor":3,"turns":4},{"damage":4,"enemies":"Jaw Worm","floor":4,"turns":4},{"damage":20,"enemies":"Exordium Wildlife","floor":5,"turns":4},{"damage":32,"enemies":"3 Sentries","floor":6,"turns":9},{"damage":17,"enemies":"Gremlin Nob","floor":11,"turns":4},{"damage":4,"enemies":"Red Slaver","floor":13,"turns":3},{"damage":15,"enemies":"Slime Boss","floor":16,"turns":6},{"damage":0,"enemies":"Chosen","floor":18,"turns":3},{"damage":2,"enemies":"Shell Parasite","floor":19,"turns":4},{"damage":18,"enemies":"Snake Plant","floor":21,"turns":2},{"damage":19,"enemies":"Snecko","floor":22,"turns":7},{"damage":30,"enemies":"Gremlin Leader","floor":24,"turns":4},{"damage":3,"enemies":"Book of Stabbing","floor":27,"turns":4},{"damage":9,"enemies":"Slavers","floor":30,"turns":4},{"damage":14,"enemies":"Book of Stabbing","floor":31,"turns":4},{"damage":24,"enemies":"Automaton","floor":33,"turns":10},{"damage":0,"enemies":"3 Darklings","floor":35,"turns":3},{"damage":6,"enemies":"Orb Walker","floor":36,"turns":4},{"damage":25,"enemies":"3 Darklings","floor":38,"turns":4},{"damage":11,"enemies":"Nemesis","floor":41,"turns":9},{"damage":14,"enemies":"Reptomancer","floor":45,"turns":6},{"damage":11,"enemies":"2 Orb Walkers","floor":46,"turns":4},{"damage":1,"enemies":"Giant Head","floor":48,"turns":8},{"damage":25,"enemies":"Awakened One","floor":50,"turns":11}],"seed_played":"4448182126773239867","potions_obtained":[{"floor":6,"key":"SkillPotion"},{"floor":11,"key":"SpeedPotion"},{"floor":13,"key":"LiquidMemories"},{"floor":16,"key":"BloodPotion"},{"floor":19,"key":"LiquidBronze"},{"floor":21,"key":"Strength Potion"},{"floor":27,"key":"Explosive Potion"},{"floor":31,"key":"FearPotion"},{"floor":35,"key":"SpeedPotion"},{"floor":41,"key":"ColorlessPotion"},{"floor":46,"key":"LiquidBronze"}],"is_trial":false,"path_per_floor":["M","?","M","M","M","E","?","R","T","R","E","R","M","$","R","B",null,"M","M","?","M","M","R","E","R","T","E","$","R","E","E","R","B",null,"M","M","?","M","$","R","E","R","T","T","E","?","R","E","R","B",null],"character_chosen":"IRONCLAD","items_purchased":["Evolve","Panache","Feel No Pain","Shrug It Off","OrangePellets","Feel No Pain"],"campfire_rested":5,"item_purchase_floors":[14,14,28,28,39,39],"current_hp_per_floor":[63,63,62,58,38,6,6,28,28,50,33,33,29,29,29,14,59,59,71,71,53,34,56,26,48,48,45,45,45,38,35,57,38,65,67,71,71,51,51,51,51,51,51,51,66,74,74,86,86,75],"gold":215,"neow_bonus":"BOSS_RELIC","is_daily":false,"chose_seed":false,"campfire_upgraded":7,"win_rate":0.0,"timestamp":1610999748,"path_taken":["M","?","M","?","M","E","?","R","T","R","E","R","M","$","R","BOSS","M","M","?","?","M","R","E","R","T","E","$","R","E","E","R","BOSS","M","M","?","M","$","R","E","R","T","?","E","?","R","E","R","BOSS"],"items_purchased_type":["Card","Card","Card","Card","Relic","Card"],"build_version":"2020-12-22","purchased_purges":2,"victory":true,"max_hp_per_floor":[80,80,80,80,80,80,74,74,74,74,74,74,74,74,74,74,74,74,74,74,74,74,74,74,74,74,74,74,74,74,74,74,74,74,74,74,74,77,77,77,77,77,77,77,80,83,83,86,86,86],"relic_stats":{"counters":[25,127],"Golden Idol":182,"Magic Flower":[13],"Bag of Preparation":[40],"Letter Opener":[0],"War Paint":["Dual Wield","Defend_R"],"Mercury Hourglass":[309],"Blood Vial":22,"OrangePellets":[2],"Centennial Puzzle":[24],"Busted Crown":14,"Ornamental Fan":[84],"Bronze Scales":[327],"obtain_stats":[{"Golden Idol":7,"Magic Flower":45,"Bag of Preparation":6,"Omamori":44,"Letter Opener":48,"Bottled Tornado":11,"War Paint":30,"Burning Blood":0,"Mercury Hourglass":26,"Blood Vial":27,"SlaversCollar":0,"OrangePellets":39,"Centennial Puzzle":31,"Busted Crown":34,"Ornamental Fan":24,"Bronze Scales":9,"Mark of Pain":17,"WingedGreaves":20,"TungstenRod":41,"Toy Ornithopter":43,"Pocketwatch":46},{"Golden Idol":5,"Magic Flower":22,"Bag of Preparation":5,"Omamori":21,"Letter Opener":24,"Bottled Tornado":6,"War Paint":15,"Burning Blood":0,"Mercury Hourglass":13,"Blood Vial":14,"SlaversCollar":0,"OrangePellets":20,"Centennial Puzzle":16,"Busted Crown":17,"Ornamental Fan":13,"Bronze Scales":5,"Mark of Pain":8,"WingedGreaves":10,"TungstenRod":21,"Toy Ornithopter":21,"Pocketwatch":23},{"Golden Idol":24,"Magic Flower":104,"Bag of Preparation":24,"Omamori":98,"Letter Opener":116,"Bottled Tornado":28,"War Paint":65,"Burning Blood":0,"Mercury Hourglass":57,"Blood Vial":61,"SlaversCollar":0,"OrangePellets":90,"Centennial Puzzle":69,"Busted Crown":79,"Ornamental Fan":57,"Bronze Scales":24,"Mark of Pain":37,"WingedGreaves":44,"TungstenRod":98,"Toy Ornithopter":98,"Pocketwatch":108}],"TungstenRod":7,"Toy Ornithopter":10,"Pocketwatch":[6]},"card_choices":[{"not_picked":["Headbutt","Intimidate"],"picked":"Shrug It Off","floor":1},{"not_picked":["Warcry","Perfected Strike"],"picked":"Wild Strike","floor":3},{"not_picked":["Sword Boomerang","Cleave"],"picked":"Corruption","floor":4},{"not_picked":["Metallicize","True Grit"],"picked":"Shrug It Off","floor":5},{"not_picked":["True Grit","Entrench"],"picked":"Dual Wield","floor":6},{"not_picked":["Clothesline","Wild Strike"],"picked":"Power Through","floor":11},{"not_picked":["Sword Boomerang","Iron Wave"],"picked":"Uppercut","floor":13},{"not_picked":["Exhume","Reaper"],"picked":"Juggernaut","floor":16},{"not_picked":["Sword Boomerang","Warcry+1"],"picked":"Entrench","floor":18},{"not_picked":["True Grit","Rampage"],"picked":"Disarm","floor":19},{"not_picked":["Flex","Combust"],"picked":"Pommel Strike","floor":21},{"not_picked":["Perfected Strike","Rupture","Infernal Blade"],"picked":"SKIP","floor":22},{"not_picked":["Thunderclap","Pommel Strike"],"picked":"Power Through","floor":24},{"not_picked":["Second Wind","Whirlwind"],"picked":"True Grit+1","floor":27},{"not_picked":["Twin Strike","True Grit"],"picked":"Reaper","floor":30},{"not_picked":["Combust+1","Thunderclap","Wild Strike"],"picked":"SKIP","floor":31},{"not_picked":["Immolate","Fiend Fire"],"picked":"Feed","floor":33},{"not_picked":["Perfected Strike"],"picked":"SKIP","floor":35},{"not_picked":[],"picked":"Inflame","floor":36},{"not_picked":[],"picked":"Second Wind+1","floor":38},{"not_picked":["True Grit"],"picked":"SKIP","floor":41},{"not_picked":["Evolve"],"picked":"SKIP","floor":45},{"not_picked":[],"picked":"Iron Wave+1","floor":48}],"player_experience":21025,"relics_obtained":[{"floor":6,"key":"Bag of Preparation"},{"floor":9,"key":"Bronze Scales"},{"floor":11,"key":"Bottled Tornado"},{"floor":24,"key":"Ornamental Fan"},{"floor":26,"key":"Mercury Hourglass"},{"floor":27,"key":"Blood Vial"},{"floor":30,"key":"War Paint"},{"floor":31,"key":"Centennial Puzzle"},{"floor":41,"key":"TungstenRod"},{"floor":43,"key":"Toy Ornithopter"},{"floor":44,"key":"Omamori"},{"floor":45,"key":"Magic Flower"},{"floor":46,"key":"Pocketwatch"},{"floor":48,"key":"Letter Opener"}],"event_choices":[{"damage_healed":0,"gold_gain":0,"player_choice":"Upgraded","damage_taken":0,"max_hp_gain":0,"max_hp_loss":0,"event_name":"Upgrade Shrine","floor":2,"gold_loss":0,"cards_upgraded":["Bash"]},{"damage_healed":0,"gold_gain":0,"player_choice":"Lose Max HP","damage_taken":0,"relics_obtained":["Golden Idol"],"max_hp_gain":0,"max_hp_loss":6,"event_name":"Golden Idol","floor":7,"gold_loss":0},{"damage_healed":0,"gold_gain":0,"player_choice":"Gave Potion","damage_taken":0,"relics_obtained":["WingedGreaves"],"max_hp_gain":0,"max_hp_loss":0,"event_name":"WeMeetAgain","floor":20,"gold_loss":0},{"damage_healed":0,"gold_gain":0,"player_choice":"Ignored","damage_taken":0,"max_hp_gain":0,"max_hp_loss":0,"event_name":"Tomb of Lord Red Mask","floor":37,"gold_loss":0},{"damage_healed":0,"gold_gain":0,"player_choice":"Fight","damage_taken":0,"max_hp_gain":0,"max_hp_loss":0,"event_name":"Mysterious Sphere","floor":46,"gold_loss":0}],"is_beta":false,"boss_relics":[{"not_picked":["Black Star","Astrolabe"],"picked":"Mark of Pain"},{"not_picked":["Runic Cube","Empty Cage"],"picked":"Busted Crown"}],"items_purged_floors":[28,39],"is_endless":false,"potions_floor_spawned":[6,11,13,16,19,21,24,27,31,35,38,41,46],"ascension_level":6}}