{"host":"i7jfea87xc8lz16p","time":1610967548,"event":{"mods":["AchievementEnabler","BaseMod","Colored Powertips","Minty Spire (QoL Compilation)","Relic Stats"],"gold_per_floor":[119,119,135,135,154,154,79,110,110,110,136,136,152,9,9,9,9],"floor_reached":16,"language":"ENG","playtime":552,"items_purged":[],"score":196,"play_id":"2b199c32-27c7-4e8d-b484-02e8948f09b2","local_time":"20210118115908","is_ascension_mode":true,"campfire_choices":[{"data":"Coolheaded","floor":6,"key":"SMITH"},{"floor":10,"key":"DIG"},{"floor":12,"key":"DIG"},{"data":"Static Discharge","floor":15,"key":"SMITH"}],"circlet_count":0,"master_deck":["AscendersBane","Strike_B","Strike_B","Defend_B","Defend_B","Defend_B","Defend_B","Zap","Dualcast","Aggregate","Coolheaded+1","Cold Snap","Static Discharge+1","Leap","Chaos"],"relics":["Cracked Core","Bird Faced Urn","Shovel","Strawberry","Odd Mushroom","Centennial Puzzle"],"acts_visited":["Exordium"],"potions_floor_usage":[8],"damage_taken":[{"damage":11,"enemies":"Jaw Worm","floor":1,"turns":4},{"damage":5,"enemies":"Small Slimes","floor":3,"turns":3},{"damage":0,"enemies":"2 Louse","floor":5,"turns":4},{"damage":10,"enemies":"3 Sentries","floor":8,"turns":12},{"damage":27,"enemies":"The Mushroom Lair","floor":11,"turns":7},{"damage":6,"enemies":"Looter","floor":13,"turns":3},{"damage":24,"enemies":"Hexaghost","floor":16,"turns":9}],"seed_played":"-190702189313860255","potions_obtained":[{"floor":5,"key":"FocusPotion"},{"floor":11,"key":"Fire Potion"}],"is_trial":false,"path_per_floor":["M","?","M","?","M","R","?","E","T","R","?","R","M","$","R","B"],"character_chosen":"DEFECT","items_purchased":["Chaos","Energy Potion"],"campfire_rested":0,"item_purchase_floors":[14,14],"current_hp_per_floor":[53,58,53,53,53,53,53,43,43,50,23,23,17,17,17,0,0],"gold":9,"neow_bonus":"TRANSFORM_CARD","is_daily":false,"chose_seed":false,"campfire_upgraded":2,"win_rate":0.0,"timestamp":1610967548,"path_taken":["M","?","M","?","M","R","?","E","T","R","?","R","M","?","R","BOSS"],"items_purchased_type":["Card","Potion"],"build_version":"2020-12-22","purchased_purges":0,"victory":false,"max_hp_per_floor":[71,76,76,76,76,76,76,76,76,83,83,83,83,83,83,83,83],"relic_stats":{"Centennial Puzzle":[6],"Shovel":2,"counters":[7,42],"Bird Faced Urn":[2],"obtain_stats":[{"Centennial Puzzle":12,"Shovel":9,"Bird Faced Urn":8,"Strawberry":10,"Odd Mushroom":11,"Cracked Core":0},{"Centennial Puzzle":5,"Shovel":4,"Bird Faced Urn":4,"Strawberry":4,"Odd Mushroom":5,"Cracked Core":0},{"Centennial Puzzle":30,"Shovel":23,"Bird Faced Urn":23,"Strawberry":23,"Odd Mushroom":30,"Cracked Core":0}]},"card_choices":[{"not_picked":["Redo","Stack"],"picked":"Coolheaded","floor":1},{"not_picked":["Beam Cell","Rip and Tear"],"picked":"Cold Snap","floor":3},{"not_picked":["Redo","Cold Snap","Barrage"],"picked":"SKIP","floor":5},{"not_picked":["Fusion","Fission","White Noise"],"picked":"SKIP","floor":8},{"not_picked":["Beam Cell","FTL"],"picked":"Static Discharge","floor":11},{"not_picked":["Tempest","Sweeping Beam"],"picked":"Leap","floor":13}],"player_experience":1805601,"relics_obtained":[{"floor":8,"key":"Bird Faced Urn"},{"floor":9,"key":"Shovel"},{"floor":10,"key":"Strawberry"},{"floor":11,"key":"Odd Mushroom"},{"floor":12,"key":"Centennial Puzzle"}],"event_choices":[{"damage_healed":0,"gold_gain":0,"player_choice":"Donut","damage_taken":0,"max_hp_gain":5,"max_hp_loss":0,"event_name":"Big Fish","floor":2,"gold_loss":0},{"damage_healed":0,"gold_gain":0,"player_choice":"Ignored","damage_taken":0,"max_hp_gain":0,"max_hp_loss":0,"event_name":"Shining Light","floor":4,"gold_loss":0},{"cards_removed":["Strike_B"],"damage_healed":0,"gold_gain":0,"player_choice":"Card Removal","damage_taken":0,"max_hp_gain":0,"max_hp_loss":0,"event_name":"The Cleric","floor":7,"gold_loss":75},{"damage_healed":0,"gold_gain":0,"player_choice":"Fought Mushrooms","damage_taken":0,"max_hp_gain":0,"max_hp_loss":0,"event_name":"Mushrooms","floor":11,"gold_loss":0}],"is_beta":false,"boss_relics":[],"items_purged_floors":[],"is_endless":false,"potions_floor_spawned":[5,11],"killed_by":"Hexaghost","ascension_level":20}}