{"host":"wwo1kwxjf4eyz37q","time":1610993905,"event":{"mods":["AchievementEnabler","BaseMod","Colored Map","Minty Spire (QoL Compilation)","Quick Restart","SuperFastMode"],"gold_per_floor":[118,118,39,49,68,68,100,120,144,144,144,163,163,88,88,184,184,124,124,124,124,124,124,124,124,124],"floor_reached":25,"language":"KOR","playtime":825,"items_purged":["Strike_B"],"score":304,"play_id":"b4b69b1d-aa7f-4a9c-89f0-906532989b11","local_time":"20210119031825","is_ascension_mode":true,"campfire_choices":[{"data":"Dualcast","floor":6.0,"key":"SMITH"},{"data":"Beam Cell","floor":10.0,"key":"SMITH"},{"data":"Skim","floor":13.0,"key":"SMITH"},{"data":"Undo","floor":15.0,"key":"SMITH"},{"data":"J.A.X.","floor":23.0,"key":"SMITH"}],"circlet_count":0,"master_deck":["Strike_B","Strike_B","Strike_B+1","Defend_B","Defend_B","Defend_B","Defend_B","Zap+1","Dualcast+1","Beam Cell+1","All For One","Skim+1","Undo+1","All For One","J.A.X.+1","Steam"],"relics":["Cracked Core","TungstenRod","Juzu Bracelet","Bag of Preparation","Ectoplasm","Omamori","CaptainsWheel"],"acts_visited":["Exordium","TheCity"],"potions_floor_usage":[],"damage_taken":[{"damage":6.0,"enemies":"Small Slimes","floor":1.0,"turns":4.0},{"damage":4.0,"enemies":"2 Louse","floor":4.0,"turns":2.0},{"damage":1.0,"enemies":"Jaw Worm","floor":5.0,"turns":2.0},{"damage":15.0,"enemies":"Gremlin Nob","floor":7.0,"turns":3.0},{"damage":5.0,"enemies":"Exordium Thugs","floor":8.0,"turns":3.0},{"damage":1.0,"enemies":"2 Fungi Beasts","floor":12.0,"turns":2.0},{"damage":20.0,"enemies":"Slime Boss","floor":16.0,"turns":9.0},{"damage":8.0,"enemies":"2 Thieves","floor":18.0,"turns":4.0},{"damage":42,"enemies":"Slavers","floor":24,"turns":5},{"damage":0,"enemies":"Spheric Guardian","floor":25,"turns":2}],"seed_played":"-599328230808452621","potions_obtained":[{"floor":5.0,"key":"ColorlessPotion"},{"floor":8.0,"key":"Ancient Potion"},{"floor":12.0,"key":"SpeedPotion"}],"is_trial":false,"path_per_floor":["M","?","$","M","M","R","E","M","T","R","?","M","R","$","R","B",null,"M","?","?","?","?","R","E","M"],"character_chosen":"DEFECT","items_purchased":["All For One"],"campfire_rested":0,"item_purchase_floors":[3],"current_hp_per_floor":[62,49,49,45,44,44,29,24,24,24,46,45,45,45,45,25,57,49,49,49,49,44,44,2,2,2],"gold":124,"neow_bonus":"ONE_RARE_RELIC","is_daily":false,"chose_seed":false,"campfire_upgraded":5,"win_rate":0.0,"timestamp":1610993905,"path_taken":["M","?","$","M","M","R","E","M","T","R","?","M","R","$","R","BOSS","M","?","?","?","?","R","E","M"],"items_purchased_type":["Card"],"build_version":"2020-12-22","purchased_purges":1,"victory":false,"max_hp_per_floor":[68,68,68,68,68,68,68,68,68,68,68,68,68,68,68,68,68,68,68,68,68,68,68,68,68,68],"card_choices":[{"not_picked":["Redo","Heatsinks"],"picked":"Beam Cell","floor":1.0},{"not_picked":["Steam","Conserve Battery"],"picked":"Skim","floor":4.0},{"not_picked":["Coolheaded","Static Discharge","Stack"],"picked":"SKIP","floor":5.0},{"not_picked":["Compile Driver","Turbo","Coolheaded"],"picked":"SKIP","floor":7.0},{"not_picked":["Consume","Redo","White Noise"],"picked":"SKIP","floor":8.0},{"not_picked":["Echo Form","Compile Driver"],"picked":"Undo","floor":12.0},{"not_picked":["Multi-Cast","Electrodynamics"],"picked":"All For One","floor":16.0},{"not_picked":["Loop+1","Barrage+1","Sweeping Beam"],"picked":"SKIP","floor":18.0},{"not_picked":["All For One","Melter"],"picked":"Steam","floor":24}],"player_experience":247780,"relics_obtained":[{"floor":7.0,"key":"Juzu Bracelet"},{"floor":9.0,"key":"Bag of Preparation"},{"floor":24,"key":"CaptainsWheel"}],"event_choices":[{"damage_healed":0.0,"max_hp_gain":0.0,"max_hp_loss":0.0,"gold_gain":0.0,"event_name":"Shining Light","player_choice":"Entered Light","floor":2.0,"gold_loss":0.0,"damage_taken":14.0,"cards_upgraded":["Strike_B","Zap"]},{"damage_healed":22.0,"max_hp_gain":0.0,"max_hp_loss":0.0,"gold_gain":0.0,"event_name":"Big Fish","player_choice":"Banana","floor":11.0,"gold_loss":0.0,"damage_taken":0.0},{"damage_healed":0.0,"max_hp_gain":0.0,"max_hp_loss":0.0,"gold_gain":99.0,"event_name":"Nest","player_choice":"Stole From Cult","floor":19.0,"gold_loss":0.0,"damage_taken":0.0},{"damage_healed":0.0,"max_hp_gain":0.0,"max_hp_loss":0.0,"gold_gain":0.0,"event_name":"WeMeetAgain","player_choice":"Gave Potion","floor":20.0,"gold_loss":0.0,"damage_taken":0.0,"relics_obtained":["Omamori"]},{"damage_healed":0.0,"max_hp_gain":0.0,"max_hp_loss":0.0,"gold_gain":0.0,"event_name":"Drug Dealer","player_choice":"Obtain J.A.X.","floor":21.0,"gold_loss":0.0,"damage_taken":0.0,"cards_obtained":["J.A.X."]},{"damage_healed":0.0,"max_hp_gain":0.0,"max_hp_loss":0.0,"gold_gain":0.0,"event_name":"Knowing Skull","player_choice":"","floor":22.0,"potions_obtained":[],"gold_loss":0.0,"damage_taken":6.0,"cards_obtained":[]}],"is_beta":false,"boss_relics":[{"not_picked":["Black Star","Pandora\u0027s Box"],"picked":"Ectoplasm"}],"items_purged_floors":[14],"is_endless":false,"potions_floor_spawned":[5,8,12],"killed_by":"Spheric Guardian","ascension_level":8}}