{"host":"baymyijz6sxaqj5s","time":1610977247,"event":{"mods":["AchievementEnabler","BaseMod","Colored Map","Colored Powertips","DeckTracker","Highlight Path","KOR Keyword Fix","Keyboard Shortcuts","Minty Spire (QoL Compilation)","StSLib","SuperFastMode","everything is the same but u backflip on backflip"],"gold_per_floor":[111,124,124,139,139,139,139,153,177,31,45,64,64,82,82,180,180,191,391,411,215,231,231,231,231],"floor_reached":24,"language":"KOR","playtime":614,"items_purged":[],"score":200,"play_id":"ec320ddd-ef52-48dc-8dd9-611dccf0a520","local_time":"20210118224047","is_ascension_mode":true,"campfire_choices":[{"data":"Dualcast","floor":6,"key":"SMITH"},{"floor":13,"key":"REST"},{"floor":15,"key":"REST"},{"floor":23,"key":"REST"}],"circlet_count":0,"master_deck":["Strike_B","Strike_B","Strike_B","Strike_B+1","Defend_B","Defend_B","Defend_B","Defend_B","Zap+1","Dualcast+1","Darkness","Conserve Battery","Redo+1","Hologram","Reinforced Body","Amplify","Beam Cell","Coolheaded"],"relics":["Cracked Core","Toy Ornithopter","Runic Capacitor","Lee\u0027s Waffle"],"acts_visited":["Exordium","TheCity"],"potions_floor_usage":[8,11,16,16,16,24],"damage_taken":[{"damage":6,"enemies":"Jaw Worm","floor":1,"turns":3},{"damage":1,"enemies":"Cultist","floor":2,"turns":3},{"damage":0,"enemies":"Small Slimes","floor":4,"turns":3},{"damage":10,"enemies":"Looter","floor":8,"turns":2},{"damage":16,"enemies":"Exordium Wildlife","floor":11,"turns":5},{"damage":16,"enemies":"Exordium Thugs","floor":12,"turns":4},{"damage":6,"enemies":"2 Fungi Beasts","floor":14,"turns":3},{"damage":34,"enemies":"Slime Boss","floor":16,"turns":8},{"damage":38,"enemies":"Spheric Guardian","floor":18,"turns":7},{"damage":9,"enemies":"Chosen","floor":20,"turns":5},{"damage":84,"enemies":"3 Cultists","floor":22,"turns":8},{"damage":36,"enemies":"Slavers","floor":24,"turns":6}],"seed_played":"870579031351504909","potions_obtained":[{"floor":1,"key":"Regen Potion"},{"floor":3,"key":"Regen Potion"},{"floor":3,"key":"AttackPotion"},{"floor":11,"key":"LiquidBronze"},{"floor":12,"key":"ColorlessPotion"},{"floor":22,"key":"ColorlessPotion"}],"is_trial":false,"path_per_floor":["M","M","?","M","?","R","?","M","T","$","M","M","R","M","R","B",null,"M","?","M","$","M","R","E"],"character_chosen":"DEFECT","items_purchased":["Runic Capacitor","Lee\u0027s Waffle","Coolheaded"],"campfire_rested":3,"item_purchase_floors":[10,21,21],"current_hp_per_floor":[76,75,75,75,59,59,59,54,54,54,55,39,63,57,81,53,82,44,44,35,89,5,31,0,0],"gold":231,"neow_bonus":"TEN_PERCENT_HP_BONUS","is_daily":false,"chose_seed":false,"campfire_upgraded":1,"win_rate":0.0,"timestamp":1610977247,"path_taken":["M","M","?","?","?","R","?","M","T","?","M","?","R","M","R","BOSS","M","?","M","?","M","R","E"],"items_purchased_type":["Relic","Relic","Card"],"build_version":"2020-12-22","purchased_purges":0,"victory":false,"max_hp_per_floor":[82,82,82,82,82,82,82,82,82,82,82,82,82,82,82,82,82,82,82,82,89,89,89,89,89],"card_choices":[{"not_picked":["Loop","Go for the Eyes"],"picked":"Darkness","floor":1},{"not_picked":["Blizzard","Go for the Eyes"],"picked":"Conserve Battery","floor":2},{"not_picked":["Recycle","Genetic Algorithm"],"picked":"Redo","floor":4},{"not_picked":["Go for the Eyes","Gash","Melter"],"picked":"SKIP","floor":8},{"not_picked":["Sweeping Beam","Steam Power","Conserve Battery"],"picked":"SKIP","floor":11},{"not_picked":["Gash","Melter"],"picked":"Hologram","floor":12},{"not_picked":["Gash","Beam Cell"],"picked":"Reinforced Body","floor":14},{"not_picked":["Meteor Strike","Fission"],"picked":"Amplify","floor":16},{"not_picked":["Streamline+1","Genetic Algorithm"],"picked":"Beam Cell","floor":18},{"not_picked":["Rebound+1","Skim","Beam Cell+1"],"picked":"SKIP","floor":20},{"not_picked":["Glacier","Redo","Undo+1"],"picked":"SKIP","floor":22}],"player_experience":51473,"relics_obtained":[{"floor":9,"key":"Toy Ornithopter"}],"event_choices":[{"damage_healed":0,"gold_gain":0,"player_choice":"Got Potions","damage_taken":0,"max_hp_gain":0,"max_hp_loss":0,"event_name":"Lab","floor":3,"gold_loss":0},{"damage_healed":0,"gold_gain":0,"player_choice":"Entered Light","damage_taken":16,"max_hp_gain":0,"max_hp_loss":0,"event_name":"Shining Light","floor":5,"gold_loss":0,"cards_upgraded":["Strike_B","Redo"]},{"damage_healed":0,"gold_gain":0,"player_choice":"Grow","damage_taken":0,"max_hp_gain":0,"max_hp_loss":0,"event_name":"Living Wall","floor":7,"gold_loss":0,"cards_upgraded":["Zap"]},{"damage_healed":0,"gold_gain":200,"player_choice":"Gold","damage_taken":0,"max_hp_gain":0,"max_hp_loss":0,"event_name":"Wheel of Change","floor":19,"gold_loss":0}],"is_beta":false,"boss_relics":[{"not_picked":["Fusion Hammer","Cursed Key","Ectoplasm"]}],"items_purged_floors":[],"is_endless":false,"potions_floor_spawned":[1,4,11,12,22],"killed_by":"Slavers","ascension_level":1}}