{"host":"t6r1isv2bex5ovch","time":1610944979,"event":{"mods":["AchievementEnabler","Act Like it!","Aspiration","BaseMod","Better Altar","Better Match","Better Note","Better Sensory Stone","Better Skull","Better Third Choice","Better Vampires","Colored Powertips","Displayed Cursed Tome","Evolution","Fox Events","Hubris","Minty Spire (QoL Compilation)","StSLib","The Disciple","The Jungle"],"gold_per_floor":[117,42,53,66,66,101,101,129,153,173,173,73,93,111,111,216,216,236,248,248,123,123,151,151,183,210,210,210],"floor_reached":27,"language":"ENG","playtime":3663,"items_purged":["Strike_Br","Strike_Br","Defend_Br"],"score":299,"play_id":"3510e2e0-2a12-44d4-ba9a-fb81195a3fd0","local_time":"20210118144259","is_ascension_mode":true,"campfire_choices":[{"floor":11,"key":"RECALL"},{"data":"PatternShift","floor":15,"key":"SMITH"}],"circlet_count":0,"master_deck":["SecondHand","PatternShift+1","ReapSow","LockedBlood","PrimeTime","WindUp","ExoVibe","LockedBlood","LockedAnchor","ExoVibe","OracleForm","WindUp","HandsUpC","WindUp"],"relics":["Chronometer","Pen Nib","Prayer Wheel","SlaversCollar","theJungle:SpiritDisease","aspiration:FetidBarrel","theJungle:WildMango"],"acts_visited":["Exordium","Exordium"],"potions_floor_usage":[6,13,16,23],"damage_taken":[{"damage":0,"enemies":"Small Slimes","floor":1,"turns":4},{"damage":2,"enemies":"2 Louse","floor":3,"turns":3},{"damage":2,"enemies":"Jaw Worm","floor":4,"turns":5},{"damage":27,"enemies":"Gremlin Nob","floor":6,"turns":4},{"damage":47,"enemies":"Lagavulin","floor":8,"turns":8},{"damage":2,"enemies":"3 Louse","floor":10,"turns":4},{"damage":0,"enemies":"2 Fungi Beasts","floor":13,"turns":5},{"damage":0,"enemies":"Exordium Wildlife","floor":14,"turns":6},{"damage":38,"enemies":"The Guardian","floor":16,"turns":20},{"damage":52,"enemies":"theJungle:Flameango_and_Byrd","floor":18,"turns":15},{"damage":4,"enemies":"theJungle:MUSHROOMGANG","floor":19,"turns":8},{"damage":3,"enemies":"theJungle:2_Phrogs","floor":23,"turns":8},{"damage":39,"enemies":"theJungle:MamaSnecko","floor":25,"turns":8},{"damage":32,"enemies":"theJungle:2_Snecko_Cultists","floor":27,"turns":2}],"seed_played":"-5734570974654700182","potions_obtained":[{"floor":3,"key":"PowerPotion"},{"floor":10,"key":"LiquidMemories"},{"floor":13,"key":"ColorlessPotion"},{"floor":19,"key":"Energy Potion"}],"is_trial":false,"path_per_floor":["M","$","M","M","?","E","?","E","T","M","R","$","M","M","R","B",null,"M","M","?","$","?","E","?","E","T","M"],"character_chosen":"CHRONO_CLASS","items_purchased":[],"campfire_rested":0,"item_purchase_floors":[],"current_hp_per_floor":[71,71,69,71,71,48,48,7,7,11,11,11,23,35,35,9,71,31,39,39,39,29,38,52,25,25,0,0],"gold":210,"neow_bonus":"TEN_PERCENT_HP_BONUS","is_daily":false,"chose_seed":false,"campfire_upgraded":1,"win_rate":0.0,"timestamp":1610944979,"path_taken":["M","$","M","M","?","E","?","E","T","M","R","$","M","M","R","BOSS","M","M","?","$","?","E","?","E","T","M"],"items_purchased_type":[],"build_version":"2020-12-22","purchased_purges":3,"victory":false,"max_hp_per_floor":[71,71,71,71,71,71,71,71,71,71,71,71,71,71,71,71,71,71,71,71,71,71,71,85,85,85,85,85],"card_choices":[{"not_picked":["Tempo","PrimeTime"],"picked":"ReapSow","floor":1},{"not_picked":["PrimeTime","LockedMedicine"],"picked":"LockedBlood","floor":3},{"not_picked":["WakeUpCall","CrunchTime"],"picked":"PrimeTime","floor":4},{"not_picked":["Pendulum","BiteCommand"],"picked":"WindUp","floor":6},{"not_picked":["WindUp","ReapSow"],"picked":"ExoVibe","floor":8},{"not_picked":["VestedLegacy","BlueShift"],"picked":"LockedBlood","floor":10},{"not_picked":["ShortSighted","LockedMercury","Accruing"],"picked":"SKIP","floor":10},{"not_picked":["LockedMedicine","Engulf","Keepsakes"],"picked":"SKIP","floor":13},{"not_picked":["HandsUpB","FormalWear","WatchCommand"],"picked":"SKIP","floor":13},{"not_picked":["LockedScales","BiteCommand"],"picked":"LockedAnchor","floor":14},{"not_picked":["Echoward","Cuckoo"],"picked":"ExoVibe","floor":14},{"not_picked":["LockedBell","BackFourSeconds"],"picked":"OracleForm","floor":16},{"not_picked":["ReapSow","LockedBlood"],"picked":"WindUp","floor":18},{"not_picked":["Stagnate","Keepsakes"],"picked":"HandsUpC","floor":18},{"not_picked":["WakeUpCall","LockedTurtyl","SlimeSpray"],"picked":"SKIP","floor":19},{"not_picked":["CrunchTime","LockedUrn+1","ShortSighted"],"picked":"SKIP","floor":19},{"not_picked":["ReapSow","LockedWhetstone"],"picked":"WindUp","floor":23},{"not_picked":["LockedMedicine+1","ReapSow","TiringSlam"],"picked":"SKIP","floor":25}],"player_experience":351046,"relics_obtained":[{"floor":6,"key":"Pen Nib"},{"floor":8,"key":"Prayer Wheel"},{"floor":23,"key":"aspiration:FetidBarrel"}],"event_choices":[{"cards_removed":["Strike_Br"],"damage_healed":0,"gold_gain":0,"player_choice":"Forget","damage_taken":0,"max_hp_gain":0,"max_hp_loss":0,"event_name":"Living Wall","floor":5,"gold_loss":0},{"damage_healed":0,"gold_gain":0,"player_choice":"Ignored","damage_taken":101,"max_hp_gain":0,"max_hp_loss":0,"event_name":"betterThird:BetterSerpent","floor":7,"gold_loss":0}],"is_beta":false,"boss_relics":[{"not_picked":["hubris:BlackHole","hubris:VirtuousBlindfold"],"picked":"SlaversCollar"}],"items_purged_floors":[2,12,21],"is_endless":false,"potions_floor_spawned":[3,10,13,19],"killed_by":"theJungle:2_Snecko_Cultists","ascension_level":1}}