{"host":"lh9qfzqeqctr28d2","time":1610959754,"event":{"mods":["BaseMod","Luminous","Minty Spire (QoL Compilation)","Quick Restart","Relic Stats","Remilia£®¿Ÿ√◊¿Ú—«£©","Replay The Spire","StSLib","Yakumo Yukari mod"],"gold_per_floor":[119,119,133,31,81,81,81,99,126,174,174,205,223,261,261,261,261],"floor_reached":16,"language":"ZHS","playtime":951,"items_purged":["Regret"],"score":148,"play_id":"afa026d7-3314-4ad0-a42c-cf7e66c29ab3","local_time":"20210118164914","is_ascension_mode":true,"campfire_choices":[{"floor":6,"key":"RECALL"},{"data":"TwelveNightmare","floor":15,"key":"SMITH"}],"circlet_count":0,"master_deck":["Strike_RM","Strike_RM","Strike_RM","Strike_RM","Defend_RM","Defend_RM","Defend_RM","RedMoon","ScarletShoot","MillenniumVampire+1","ScarletNetherworld","FavorOfDestiny","Decay","DiffusionOfMisfortune","QueenOfMidnight+1","ScarletSymphony+1","Gluttony_TH","BloodHunter","Septette","TwelveNightmare+1"],"relics":["ScarletHat","NeowsBlessing","The Courier","ReplayTheSpireMod:Ring of Exchange","Ring of Greed","Golden Egg","Replay:Wax Seal","Dream Catcher","War Paint","Mango"],"acts_visited":["Exordium"],"potions_floor_usage":[12,16],"damage_taken":[{"damage":0,"enemies":"Jaw Worm","floor":1,"turns":1},{"damage":0,"enemies":"2 Louse","floor":3,"turns":1},{"damage":0,"enemies":"Small Slimes","floor":8,"turns":1},{"damage":3,"enemies":"Lagavulin","floor":10,"turns":11},{"damage":0,"enemies":"Looter","floor":12,"turns":5},{"damage":2,"enemies":"2 Fungi Beasts","floor":13,"turns":4},{"damage":0,"enemies":"Red Slaver","floor":14,"turns":4},{"damage":140,"enemies":"Fading Forest","floor":16,"turns":10}],"seed_played":"7241579985622746752","potions_obtained":[{"floor":1,"key":"Strength Potion"},{"floor":3,"key":"FearPotion"},{"floor":13,"key":"FairyPotion"},{"floor":14,"key":"AttackPotion"}],"is_trial":false,"path_per_floor":["M","?","M","$","?","R","?","M","T","E","?","M","M","M","R","B"],"character_chosen":"REMILIA","items_purchased":["FavorOfDestiny"],"campfire_rested":0,"item_purchase_floors":[4],"current_hp_per_floor":[68,68,68,68,68,68,35,35,35,49,49,49,48,48,48,6,6],"gold":261,"neow_bonus":"THREE_ENEMY_KILL","is_daily":false,"chose_seed":false,"campfire_upgraded":1,"win_rate":0.0,"timestamp":1610959754,"path_taken":["M","?","M","$","?","R","?","?","T","E","?","M","M","M","R","BOSS"],"items_purchased_type":["Card"],"build_version":"2020-12-22","purchased_purges":1,"victory":false,"max_hp_per_floor":[75,75,75,75,75,75,75,75,75,89,89,89,89,89,89,89,89],"relic_stats":{"Dream Catcher":0,"counters":[8,37],"War Paint":["MillenniumVampire","Defend_RM"],"obtain_stats":[{"ReplayTheSpireMod:Ring of Exchange":5,"Golden Egg":5,"Dream Catcher":7,"NeowsBlessing":0,"Mango":10,"The Courier":2,"Ring of Greed":5,"Replay:Wax Seal":5,"War Paint":9,"ScarletHat":0},{"ReplayTheSpireMod:Ring of Exchange":2,"Golden Egg":2,"Dream Catcher":2,"NeowsBlessing":0,"Mango":4,"The Courier":1,"Ring of Greed":2,"Replay:Wax Seal":2,"War Paint":3,"ScarletHat":0},{"ReplayTheSpireMod:Ring of Exchange":2,"Golden Egg":2,"Dream Catcher":2,"NeowsBlessing":0,"Mango":14,"The Courier":1,"Ring of Greed":2,"Replay:Wax Seal":2,"War Paint":3,"ScarletHat":0}]},"card_choices":[{"not_picked":["ScarletGensokyo","AfternoonTea"],"picked":"MillenniumVampire","floor":1},{"not_picked":["BombardNight","GlobalNightmare"],"picked":"ScarletNetherworld","floor":3},{"not_picked":["EternalNight","BloodyMagicSquare"],"picked":"DiffusionOfMisfortune","floor":8},{"not_picked":["AfternoonTea","BloodyCatastrophe"],"picked":"QueenOfMidnight","floor":10},{"not_picked":["ScarletDevil","MastersStateliness"],"picked":"BloodHunter","floor":12},{"not_picked":["Stigmanizer","BloodAndWine"],"picked":"Septette","floor":13},{"not_picked":["ScarletDevilSign","BloodHunter"],"picked":"TwelveNightmare","floor":14}],"player_experience":425228,"relics_obtained":[{"floor":5,"key":"ReplayTheSpireMod:Ring of Exchange"},{"floor":5,"key":"Ring of Greed"},{"floor":5,"key":"Golden Egg"},{"floor":5,"key":"Replay:Wax Seal"},{"floor":9,"key":"War Paint"},{"floor":10,"key":"Mango"}],"event_choices":[{"damage_healed":0,"gold_gain":0,"player_choice":"Box","damage_taken":0,"relics_obtained":["The Courier"],"max_hp_gain":0,"max_hp_loss":0,"event_name":"Big Fish","floor":2,"gold_loss":0,"cards_obtained":["Regret"]},{"damage_healed":0,"gold_gain":0,"player_choice":"Success","damage_taken":33,"relics_obtained":["Dream Catcher"],"max_hp_gain":0,"max_hp_loss":0,"event_name":"Scrap Ooze","floor":7,"gold_loss":0}],"is_beta":false,"boss_relics":[],"items_purged_floors":[4],"is_endless":false,"potions_floor_spawned":[1,3,14],"killed_by":"Fading Forest","ascension_level":9}}