{"host":"g2yp6paluzgljz05","time":1610977126,"event":{"mods":["BaseMod","Bestiary","Colored Powertips","DeckTracker","Highlight Path","Minty Spire (QoL Compilation)","Quick Restart"],"gold_per_floor":[119,71,71,71,87,117,117,152,179,179,129,141,141,167,167,266,266,276,276,300,314,314,314,24,53,134,178,190,235,257,282,294,306,306],"floor_reached":33,"language":"ENG","playtime":1912,"items_purged":["Defend_R","Writhe"],"score":413,"play_id":"9c435a44-96bd-4e6c-b7c9-ff5b997a6a0e","local_time":"20210119003846","is_ascension_mode":true,"campfire_choices":[{"data":"Intimidate","floor":7.0,"key":"SMITH"},{"data":"Perfected Strike","floor":10.0,"key":"SMITH"},{"data":"Rampage","floor":15.0,"key":"SMITH"},{"data":"Fiend Fire","floor":23.0,"key":"SMITH"},{"data":"Berserk","floor":28.0,"key":"SMITH"},{"floor":32,"key":"REST"}],"circlet_count":0,"master_deck":["Strike_R+1","Strike_R+1","Strike_R+1","Strike_R+1","Defend_R+1","Defend_R+1","Defend_R+1","Bash","Shrug It Off","Rampage+1","Intimidate+1","Perfected Strike+1","Headbutt","Dark Embrace","Fiend Fire+1","Perfected Strike+1","Berserk+1","Forethought","Pommel Strike"],"relics":["Burning Blood","NeowsBlessing","Smiling Mask","Ancient Tea Set","Shuriken","Bronze Scales","HornCleat","Mark of Pain","Darkstone Periapt","Centennial Puzzle","MawBank","Bottled Tornado","Blood Vial","Happy Flower"],"acts_visited":["Exordium","TheCity"],"potions_floor_usage":[33,33,33],"damage_taken":[{"damage":0.0,"enemies":"Jaw Worm","floor":1.0,"turns":1.0},{"damage":0.0,"enemies":"Small Slimes","floor":5.0,"turns":1.0},{"damage":0.0,"enemies":"Lagavulin","floor":6.0,"turns":1.0},{"damage":13.0,"enemies":"Gremlin Nob","floor":8.0,"turns":4.0},{"damage":4.0,"enemies":"2 Louse","floor":12.0,"turns":2.0},{"damage":35.0,"enemies":"3 Sentries","floor":14.0,"turns":6.0},{"damage":42.0,"enemies":"The Guardian","floor":16.0,"turns":10.0},{"damage":3.0,"enemies":"Chosen","floor":18.0,"turns":3.0},{"damage":11.0,"enemies":"3 Byrds","floor":21.0,"turns":3.0},{"damage":23.0,"enemies":"Gremlin Leader","floor":25.0,"turns":3.0},{"damage":14.0,"enemies":"Book of Stabbing","floor":27.0,"turns":2.0},{"damage":44.0,"enemies":"Slavers","floor":29.0,"turns":6.0},{"damage":10,"enemies":"Snake Plant","floor":30,"turns":2},{"damage":10,"enemies":"3 Cultists","floor":31,"turns":5},{"damage":45,"enemies":"Champ","floor":33,"turns":6}],"seed_played":"-7425291553536256267","potions_obtained":[{"floor":5.0,"key":"ColorlessPotion"},{"floor":12.0,"key":"Explosive Potion"},{"floor":14.0,"key":"SkillPotion"},{"floor":25.0,"key":"GamblersBrew"},{"floor":29,"key":"Ancient Potion"},{"floor":30,"key":"PowerPotion"},{"floor":31,"key":"Explosive Potion"}],"is_trial":false,"path_per_floor":["M","$","?","?","M","E","R","E","T","R","$","M","?","E","R","B",null,"M","?","T","M","?","R","$","E","T","E","R","E","M","M","R","B"],"character_chosen":"IRONCLAD","items_purchased":["Shrug It Off","Berserk","Forethought"],"campfire_rested":1,"item_purchase_floors":[2,24,24],"current_hp_per_floor":[80,80,73,66,72,78,78,71,71,71,71,73,73,44,44,8,80,80,86,86,81,81,81,81,64,64,56,56,20,18,16,41,0,0],"gold":306,"neow_bonus":"THREE_ENEMY_KILL","is_daily":false,"chose_seed":false,"campfire_upgraded":5,"win_rate":0.0,"timestamp":1610977126,"path_taken":["M","$","?","?","M","E","R","E","T","R","$","?","?","E","R","BOSS","M","?","?","M","?","R","?","E","T","E","R","E","M","M","R","BOSS"],"items_purchased_type":["Card","Card","Card"],"build_version":"2020-12-22","purchased_purges":2,"victory":false,"max_hp_per_floor":[80,80,80,80,80,80,80,80,80,80,80,80,80,80,80,80,80,80,86,86,86,86,86,86,86,86,86,86,86,86,86,86,86,86],"card_choices":[{"not_picked":["Iron Wave","Sword Boomerang","Havoc"],"picked":"SKIP","floor":1.0},{"not_picked":["Rage","Sentinel"],"picked":"Rampage","floor":5.0},{"not_picked":["Flex","Anger"],"picked":"Intimidate","floor":6.0},{"not_picked":["Body Slam","Pummel"],"picked":"Perfected Strike","floor":8.0},{"not_picked":["Feed","Twin Strike"],"picked":"Headbutt","floor":12.0},{"not_picked":["Combust","Power Through"],"picked":"Dark Embrace","floor":14.0},{"not_picked":["Offering","Feed"],"picked":"Fiend Fire","floor":16.0},{"not_picked":["Havoc","Heavy Blade+1","True Grit"],"picked":"SKIP","floor":18.0},{"not_picked":["Shockwave","Rampage"],"picked":"Perfected Strike+1","floor":21.0},{"not_picked":["Sword Boomerang+1","Armaments","Searing Blow"],"picked":"SKIP","floor":25.0},{"not_picked":["Clothesline","Blood for Blood+1","Searing Blow"],"picked":"SKIP","floor":27.0},{"not_picked":["Combust","Power Through+1","Blood for Blood"],"picked":"SKIP","floor":29},{"not_picked":["Rampage","Second Wind","Heavy Blade"],"picked":"SKIP","floor":30},{"not_picked":["Searing Blow+1","Entrench"],"picked":"Pommel Strike","floor":31}],"player_experience":220529,"relics_obtained":[{"floor":6.0,"key":"Ancient Tea Set"},{"floor":8.0,"key":"Shuriken"},{"floor":9.0,"key":"Bronze Scales"},{"floor":14.0,"key":"HornCleat"},{"floor":20.0,"key":"Centennial Puzzle"},{"floor":25.0,"key":"MawBank"},{"floor":26.0,"key":"Bottled Tornado"},{"floor":27.0,"key":"Blood Vial"},{"floor":29,"key":"Happy Flower"}],"event_choices":[{"damage_healed":0.0,"max_hp_gain":0.0,"max_hp_loss":0.0,"gold_gain":0.0,"event_name":"Scrap Ooze","player_choice":"Success","floor":3.0,"gold_loss":0.0,"damage_taken":7.0,"relics_obtained":["Smiling Mask"]},{"cards_removed":["Strike_R"],"damage_healed":0.0,"max_hp_gain":0.0,"max_hp_loss":0.0,"gold_gain":0.0,"event_name":"Golden Wing","player_choice":"Card Removal","floor":4.0,"gold_loss":0.0,"damage_taken":7.0},{"damage_healed":0.0,"max_hp_gain":0.0,"max_hp_loss":0.0,"gold_gain":0.0,"event_name":"Liars Game","player_choice":"Ignored","floor":13.0,"gold_loss":0.0,"damage_taken":0.0},{"damage_healed":0.0,"max_hp_gain":0.0,"max_hp_loss":0.0,"gold_gain":0.0,"event_name":"The Mausoleum","player_choice":"Opened","floor":19.0,"gold_loss":0.0,"damage_taken":0.0,"relics_obtained":["Darkstone Periapt"],"cards_obtained":["Writhe"]},{"damage_healed":0.0,"max_hp_gain":0.0,"max_hp_loss":0.0,"gold_gain":0.0,"event_name":"Back to Basics","player_choice":"Simplicity","floor":22.0,"gold_loss":0.0,"damage_taken":0.0,"cards_upgraded":["Strike_R","Strike_R","Strike_R","Strike_R","Defend_R","Defend_R","Defend_R"]}],"is_beta":false,"boss_relics":[{"not_picked":["Astrolabe","Coffee Dripper"],"picked":"Mark of Pain"}],"items_purged_floors":[11,24],"is_endless":false,"potions_floor_spawned":[5,12,14,25,29,30,31],"killed_by":"Champ","ascension_level":4}}