{"host":"ml2ro5l6hu6y0pll","time":1610985906,"event":{"mods":["AchievementEnabler","BaseMod","Colored Map","Colored Powertips","Custom Start","Googly Eyes","Minty Spire (QoL Compilation)","Quick Restart","Rare Cards Sparkle","Relic Stats","StSLib","everything is the same but u backflip on backflip"],"gold_per_floor":[118,129,129,142,160,195,224,255,255,283,311,311,330,358,358,434,434,452,472,472,472,55,389,389,419,419,447,249,282,311,330,330,401,401,411,217,229,248,248,279,308,333,360,390,415,251,278,151,151,151,151,151,151,38,65,65],"floor_reached":57,"language":"ENG","playtime":1907,"items_purged":[],"score":4119,"play_id":"abbe9278-cd1e-406a-aec9-0711f1f5a4c3","local_time":"20210118160506","daily_mods":["Purple Cards","Flight","Elite Swarm"],"is_ascension_mode":true,"campfire_choices":[{"data":"Whirlwind","floor":12,"key":"SMITH"},{"data":"Demon Form","floor":15,"key":"SMITH"},{"data":"Collect","floor":24,"key":"SMITH"},{"data":"Wallop","floor":32,"key":"SMITH"},{"floor":49,"key":"RECALL"},{"data":"SpiritShield","floor":53,"key":"SMITH"}],"circlet_count":0,"master_deck":["Twin Strike+1","Twin Strike","Pommel Strike+1","Whirlwind+1","Shrug It Off+1","True Grit+1","True Grit+1","Flame Barrier+1","Feel No Pain+1","Corruption+1","SandsOfTime","Shrug It Off","FearNoEvil","Fiend Fire","Immolate","Demon Form+1","Omniscience","DevaForm","Collect+1","Impervious","Offering","Necronomicurse","Wallop+1","Vault+1","SpiritShield+1","Omniscience+1","Feed","Demon Form+1","Reaper","Barricade","Reaper+1","Double Tap+1"],"relics":["Burning Blood","Snecko Eye","HornCleat","Akabeko","Blue Candle","The Courier","Meat on the Bone","Peace Pipe","MealTicket","Velvet Choker","Necronomicon","Vajra","Pantograph","Old Coin","Nunchaku","Bottled Flame","Thread and Needle","Membership Card","War Paint","Turnip","Toxic Egg 2","Coffee Dripper","Incense Burner","Bag of Preparation","Bag of Marbles","Bronze Scales","StoneCalendar","Omamori","Ornamental Fan","Whetstone","Paper Frog","Oddly Smooth Stone","Gambling Chip","Bottled Tornado","Mercury Hourglass"],"acts_visited":["Exordium","TheCity","TheBeyond","TheEnding"],"potions_floor_usage":[7],"damage_taken":[{"damage":0,"enemies":"2 Louse","floor":1,"turns":1},{"damage":0,"enemies":"Cultist","floor":2,"turns":2},{"damage":0,"enemies":"Small Slimes","floor":4,"turns":2},{"damage":0,"enemies":"3 Louse","floor":5,"turns":1},{"damage":4,"enemies":"Lagavulin","floor":6,"turns":5},{"damage":10,"enemies":"3 Sentries","floor":7,"turns":4},{"damage":0,"enemies":"Gremlin Nob","floor":8,"turns":1},{"damage":0,"enemies":"3 Sentries","floor":10,"turns":2},{"damage":0,"enemies":"Lagavulin","floor":11,"turns":3},{"damage":0,"enemies":"Looter","floor":13,"turns":1},{"damage":0,"enemies":"3 Sentries","floor":14,"turns":1},{"damage":30,"enemies":"Hexaghost","floor":16,"turns":6},{"damage":6,"enemies":"3 Byrds","floor":18,"turns":1},{"damage":0,"enemies":"Chosen","floor":19,"turns":2},{"damage":0,"enemies":"Slavers","floor":23,"turns":1},{"damage":6,"enemies":"Book of Stabbing","floor":25,"turns":3},{"damage":6,"enemies":"Gremlin Leader","floor":27,"turns":1},{"damage":26,"enemies":"Book of Stabbing","floor":29,"turns":2},{"damage":0,"enemies":"Slavers","floor":30,"turns":1},{"damage":0,"enemies":"3 Cultists","floor":31,"turns":1},{"damage":1,"enemies":"Automaton","floor":33,"turns":5},{"damage":0,"enemies":"Orb Walker","floor":35,"turns":1},{"damage":0,"enemies":"3 Shapes","floor":37,"turns":1},{"damage":0,"enemies":"Transient","floor":38,"turns":7},{"damage":1,"enemies":"Nemesis","floor":40,"turns":4},{"damage":6,"enemies":"Giant Head","floor":41,"turns":4},{"damage":0,"enemies":"Nemesis","floor":42,"turns":3},{"damage":0,"enemies":"Giant Head","floor":44,"turns":5},{"damage":0,"enemies":"Reptomancer","floor":45,"turns":1},{"damage":0,"enemies":"Nemesis","floor":47,"turns":1},{"damage":22,"enemies":"Time Eater","floor":50,"turns":5},{"damage":16,"enemies":"Donu and Deca","floor":51,"turns":6},{"damage":0,"enemies":"Shield and Spear","floor":55,"turns":1},{"damage":9,"enemies":"The Heart","floor":56,"turns":8}],"seed_played":"-6649469577720356043","potions_obtained":[{"floor":4,"key":"CultistPotion"},{"floor":7,"key":"Regen Potion"},{"floor":10,"key":"Weak Potion"},{"floor":16,"key":"CultistPotion"}],"is_trial":true,"path_per_floor":["M","M","?","M","M","E","E","E","T","E","E","R","M","E","R","B",null,"M","M","?","?","$","E","R","E","T","E","$","E","E","M","R","B",null,"M","$","M","M","?","E","E","E","T","E","E","$","E","$","R","B","B",null,"R","$","E","B",null],"character_chosen":"IRONCLAD","items_purchased":["Wallop","Vajra","Pantograph","Membership Card","War Paint","Incense Burner","Bag of Preparation","Whetstone","Paper Frog","Gambling Chip","Bottled Tornado"],"campfire_rested":0,"item_purchase_floors":[22,22,22,28,28,36,36,46,46,48,54],"current_hp_per_floor":[74,75,80,80,80,80,76,80,80,80,80,80,80,80,80,56,74,74,80,59,59,74,80,80,80,80,80,80,60,66,72,72,80,80,80,80,80,83,83,86,86,86,86,86,86,86,86,86,86,86,89,89,89,89,89,89],"gold":65,"neow_bonus":"","is_daily":false,"chose_seed":false,"campfire_upgraded":5,"win_rate":0.0,"timestamp":1610985906,"path_taken":["M","M","?","M","M","E","E","E","T","E","E","R","M","E","R","BOSS","M","M","?","?","$","E","R","E","T","E","$","E","E","M","R","BOSS","M","$","M","M","?","E","E","E","T","E","E","$","E","$","R","BOSS","BOSS","R","$","E","BOSS"],"items_purchased_type":["Card","Relic","Relic","Relic","Relic","Relic","Relic","Relic","Relic","Relic","Relic"],"build_version":"2020-12-22","purchased_purges":0,"victory":true,"max_hp_per_floor":[75,75,80,80,80,80,80,80,80,80,80,80,80,80,80,80,80,80,80,80,80,80,80,80,80,80,80,80,80,80,80,80,80,80,80,80,80,83,83,86,86,86,86,86,86,86,86,86,86,86,89,89,89,89,89,89],"relic_stats":{"counters":[34,93],"Blue Candle":[10],"StoneCalendar":[32],"Bag of Preparation":[24],"Whetstone":["Reaper","Twin Strike"],"War Paint":["Flame Barrier","Vault"],"Burning Blood":86,"Mercury Hourglass":[24],"Peace Pipe":0,"Nunchaku":[11],"Ornamental Fan":[36],"Pantograph":8,"Bronze Scales":[144],"Gambling Chip":[23],"Snecko Eye":[170,169,157,149],"MealTicket":15,"Turnip":[3],"Necronomicon":[43],"obtain_stats":[{"Vajra":22,"StoneCalendar":42,"Incense Burner":36,"Bag of Preparation":36,"Whetstone":46,"Bottled Tornado":54,"Burning Blood":0,"Old Coin":23,"Nunchaku":25,"HornCleat":6,"Pantograph":22,"Gambling Chip":48,"MealTicket":14,"Necronomicon":20,"Toxic Egg 2":30,"Paper Frog":46,"Blue Candle":8,"Velvet Choker":17,"Oddly Smooth Stone":47,"Thread and Needle":27,"The Courier":9,"Omamori":44,"War Paint":28,"Akabeko":7,"Mercury Hourglass":55,"Peace Pipe":11,"Bottled Flame":26,"Ornamental Fan":45,"Bronze Scales":41,"Snecko Eye":0,"Turnip":29,"Coffee Dripper":34,"Bag of Marbles":40,"Membership Card":28,"Meat on the Bone":10},{"Vajra":14,"StoneCalendar":27,"Incense Burner":22,"Bag of Preparation":22,"Whetstone":29,"Bottled Tornado":32,"Burning Blood":0,"Old Coin":15,"Nunchaku":16,"HornCleat":5,"Pantograph":14,"Gambling Chip":30,"MealTicket":11,"Necronomicon":14,"Toxic Egg 2":19,"Paper Frog":29,"Blue Candle":7,"Velvet Choker":12,"Oddly Smooth Stone":30,"Thread and Needle":17,"The Courier":7,"Omamori":28,"War Paint":17,"Akabeko":6,"Mercury Hourglass":33,"Peace Pipe":9,"Bottled Flame":16,"Ornamental Fan":29,"Bronze Scales":26,"Snecko Eye":0,"Turnip":18,"Coffee Dripper":21,"Bag of Marbles":25,"Membership Card":17,"Meat on the Bone":8},{"Vajra":32,"StoneCalendar":66,"Incense Burner":47,"Bag of Preparation":47,"Whetstone":72,"Bottled Tornado":84,"Burning Blood":0,"Old Coin":33,"Nunchaku":36,"HornCleat":11,"Pantograph":32,"Gambling Chip":73,"MealTicket":23,"Necronomicon":32,"Toxic Egg 2":40,"Paper Frog":72,"Blue Candle":16,"Velvet Choker":29,"Oddly Smooth Stone":73,"Thread and Needle":37,"The Courier":16,"Omamori":71,"War Paint":37,"Akabeko":15,"Mercury Hourglass":85,"Peace Pipe":21,"Bottled Flame":36,"Ornamental Fan":72,"Bronze Scales":63,"Snecko Eye":0,"Turnip":39,"Coffee Dripper":46,"Bag of Marbles":59,"Membership Card":37,"Meat on the Bone":18}],"Meat on the Bone":0},"card_choices":[{"not_picked":["PathToVictory","Cleave"],"picked":"SandsOfTime","floor":1},{"not_picked":["CutThroughFate","Thunderclap"],"picked":"Shrug It Off","floor":2},{"not_picked":["ThirdEye","True Grit","FollowUp"],"picked":"SKIP","floor":4},{"not_picked":["Consecrate","Hemokinesis"],"picked":"FearNoEvil","floor":5},{"not_picked":["Offering","Devotion"],"picked":"Fiend Fire","floor":6},{"not_picked":["Brutality","ConjureBlade"],"picked":"Immolate","floor":7},{"not_picked":["Double Tap","Wish"],"picked":"Demon Form","floor":8},{"not_picked":["Demon Form","Barricade"],"picked":"Omniscience","floor":10},{"not_picked":["Double Tap","MasterReality"],"picked":"DevaForm","floor":11},{"not_picked":["Burning Pact","Iron Wave"],"picked":"Collect","floor":13},{"not_picked":["ConjureBlade","Ragnarok"],"picked":"Impervious","floor":14},{"not_picked":["Corruption","Immolate"],"picked":"Offering","floor":16},{"not_picked":["FlurryOfBlows","Combust+1","ThirdEye"],"picked":"SKIP","floor":18},{"not_picked":["Havoc","CarveReality","Rampage"],"picked":"SKIP","floor":19},{"not_picked":["Alpha","Immolate","Fiend Fire"],"picked":"SKIP","floor":23},{"not_picked":["Devotion","Corruption"],"picked":"Vault","floor":25},{"not_picked":["LessonLearned","Blasphemy","Exhume"],"picked":"SKIP","floor":27},{"not_picked":["Corruption","Judgement"],"picked":"SpiritShield","floor":29},{"not_picked":["ConjureBlade+1","SpiritShield+1"],"picked":"Omniscience+1","floor":30},{"not_picked":["Iron Wave","Twin Strike","Body Slam"],"picked":"SKIP","floor":31},{"not_picked":["Judgement+1","Scrawl+1"],"picked":"Feed","floor":33},{"not_picked":["Cleave","Reckless Charge","Sword Boomerang"],"picked":"SKIP","floor":35},{"not_picked":["SashWhip","CutThroughFate","WreathOfFlame+1"],"picked":"SKIP","floor":37},{"not_picked":["Conclude+1","EmptyFist","Power Through+1"],"picked":"SKIP","floor":38},{"not_picked":["SpiritShield+1","Vault+1"],"picked":"Reaper","floor":40},{"not_picked":["Corruption","Alpha+1"],"picked":"Barricade","floor":41},{"not_picked":["Ragnarok","Corruption"],"picked":"Reaper","floor":42},{"not_picked":["Omniscience+1","LessonLearned"],"picked":"Double Tap+1","floor":44},{"not_picked":["Juggernaut","Double Tap+1","Brilliance"],"picked":"SKIP","floor":45},{"not_picked":["Devotion","Berserk","Brilliance"],"picked":"SKIP","floor":47},{"not_picked":["Reaper","Corruption","Offering+1"],"picked":"SKIP","floor":55}],"player_experience":829006,"relics_obtained":[{"floor":6,"key":"HornCleat"},{"floor":7,"key":"Akabeko"},{"floor":8,"key":"Blue Candle"},{"floor":9,"key":"The Courier"},{"floor":10,"key":"Meat on the Bone"},{"floor":11,"key":"Peace Pipe"},{"floor":14,"key":"MealTicket"},{"floor":20,"key":"Necronomicon"},{"floor":23,"key":"Old Coin"},{"floor":25,"key":"Nunchaku"},{"floor":26,"key":"Bottled Flame"},{"floor":27,"key":"Thread and Needle"},{"floor":29,"key":"Turnip"},{"floor":30,"key":"Toxic Egg 2"},{"floor":40,"key":"Bag of Marbles"},{"floor":41,"key":"Bronze Scales"},{"floor":42,"key":"StoneCalendar"},{"floor":44,"key":"Omamori"},{"floor":45,"key":"Ornamental Fan"},{"floor":47,"key":"Oddly Smooth Stone"},{"floor":55,"key":"Mercury Hourglass"}],"event_choices":[{"damage_healed":0,"gold_gain":0,"player_choice":"Donut","damage_taken":0,"max_hp_gain":5,"max_hp_loss":0,"event_name":"Big Fish","floor":3,"gold_loss":0},{"damage_healed":0,"gold_gain":0,"player_choice":"Obtained Book","damage_taken":21,"max_hp_gain":0,"max_hp_loss":0,"event_name":"Cursed Tome","floor":20,"gold_loss":0},{"damage_healed":0,"gold_gain":0,"player_choice":"Ignored","damage_taken":0,"max_hp_gain":0,"max_hp_loss":0,"event_name":"Vampires","floor":21,"gold_loss":0},{"damage_healed":0,"gold_gain":0,"player_choice":"Copied","damage_taken":0,"max_hp_gain":0,"max_hp_loss":0,"event_name":"Duplicator","floor":39,"gold_loss":0,"cards_obtained":["Demon Form"]}],"is_beta":false,"boss_relics":[{"not_picked":["Philosopher\u0027s Stone","Empty Cage"],"picked":"Velvet Choker"},{"not_picked":["Sozu","SacredBark"],"picked":"Coffee Dripper"}],"items_purged_floors":[],"is_endless":false,"potions_floor_spawned":[4,7,10,13,14,16,25,29,30,31,33,38,41,45],"ascension_level":20}}