{"host":"0fmi5fguj5lvt8pf","time":1610937493,"event":{"mods":["BaseMod","Colored Map","Curses Come First","Downfall","Minty Spire (QoL Compilation)","Permanent Neow","StSLib"],"gold_per_floor":[349,363,375,475,10,110,180,195,195,208,271,301,376,446,456,556,556,556,575,625,153,203,219,271,295,307,350,362,389,401,479,505,617,629,341,403,204,254,304,323,348,375,270,299,299,202,252,31,50,50,50,84,35,35,35,35,35],"floor_reached":56,"language":"ENG","playtime":5069,"items_purged":["bronze:Strike","bronze:Strike","bronze:Defend","bronze:Strike"],"score":825,"play_id":"b61baf5b-229b-4d62-b12c-7494e557dae3","local_time":"20210117183813","is_ascension_mode":false,"campfire_choices":[{"data":"bronze:Replicate","floor":1.0,"key":"SMITH"},{"floor":9.0,"key":"REST"},{"data":"bronze:Goto","floor":18.0,"key":"SMITH"},{"floor":28.0,"key":"REST"},{"floor":30.0,"key":"RECALL"},{"data":"bronze:BurnOut","floor":35.0,"key":"SMITH"},{"floor":45.0,"key":"REST"},{"floor":54,"key":"REST"}],"circlet_count":0,"master_deck":["bronze:Strike","bronze:Defend","bronze:Replicate+1","bronze:Goto+1","bronze:BuggyMess","bronze:FollowUp","bronze:Return","bronze:Repulsor","bronze:OilSpill","bronze:DelayedGuard","bronze:CloningBeam+1","bronze:BitShift","bronze:ChosenStrike","bronze:BurnOut+1","bronze:BugBarrage","bronze:DelayedGuard","bronze:Flail","bronze:Shell","bronze:DelayedGuard","bronze:BuggyMess+1","bronze:TinkerersToolbox","bronze:BitShift+1","bronze:Shell","bronze:Verify+1","bronze:DarkDash+1","bronze:MaxOutput+1","bronze:Shield+1","bronze:Mutator+1","expansioncontent:Chronoboost+1","bronze:MaxOutput+1"],"relics":["bronze:PlatinumCore","Bag of Preparation","downfall:CloakOfManyFaces","CultistMask","FaceOfCleric","NlothsMask","GremlinMask","SsserpentHead","Du-Vu Doll","sneckomod:SneckoTalon","Frozen Egg 2","MawBank","Oddly Smooth Stone","downfall:HeartBlessingRed","downfall:HeartBlessingGreen","downfall:HeartBlessingBlue","champ:DeflectingBracers","bronze:BottledCode","Bronze Scales","Happy Flower","Guardian:PocketSentry","Nunchaku","Bottled Flame","Chemical X","bronze:ProtectiveGoggles"],"acts_visited":["Exordium","TheCity","TheBeyond","TheEnding"],"potions_floor_usage":[52,52,52,55],"damage_taken":[{"damage":2.0,"enemies":"2 Louse","floor":2.0,"turns":3.0},{"damage":0.0,"enemies":"Cultist","floor":3.0,"turns":4.0},{"damage":2.0,"enemies":"downfall:FleeingMerchant","floor":5.0,"turns":4.0},{"damage":15.0,"enemies":"downfall:FaceTrader","floor":6.0,"turns":7.0},{"damage":0.0,"enemies":"Small Slimes","floor":8.0,"turns":3.0},{"damage":9.0,"enemies":"Blue Slaver","floor":10.0,"turns":4.0},{"damage":2.0,"enemies":"Exordium Wildlife","floor":11.0,"turns":2.0},{"damage":8.0,"enemies":"Gremlin Nob","floor":12.0,"turns":3.0},{"damage":3.0,"enemies":"Red Slaver","floor":14.0,"turns":5.0},{"damage":10.0,"enemies":"Exordium Thugs","floor":15.0,"turns":2.0},{"damage":20.0,"enemies":"SI_SHIV_ARCHETYPE","floor":16.0,"turns":8.0},{"damage":2.0,"enemies":"Chosen","floor":19.0,"turns":5.0},{"damage":15.0,"enemies":"downfall:FleeingMerchant","floor":21.0,"turns":4.0},{"damage":7.0,"enemies":"Snecko","floor":23.0,"turns":6.0},{"damage":2.0,"enemies":"Cultist and Chosen","floor":25.0,"turns":5.0},{"damage":63.0,"enemies":"Gremlin Leader","floor":27.0,"turns":6.0},{"damage":4.0,"enemies":"Centurion and Healer","floor":29.0,"turns":6.0},{"damage":36.0,"enemies":"Snake Plant","floor":31.0,"turns":5.0},{"damage":0.0,"enemies":"Sentry and Sphere","floor":32.0,"turns":5.0},{"damage":14.0,"enemies":"WA_ARCHETYPE_CALM","floor":33.0,"turns":13.0},{"damage":1.0,"enemies":"downfall:FleeingMerchant","floor":37.0,"turns":4.0},{"damage":2.0,"enemies":"3 Darklings","floor":40.0,"turns":2.0},{"damage":46.0,"enemies":"Nemesis","floor":42.0,"turns":5.0},{"damage":0.0,"enemies":"downfall:FleeingMerchant","floor":43.0,"turns":3.0},{"damage":2.0,"enemies":"Giant Head","floor":44.0,"turns":6.0},{"damage":7.0,"enemies":"3 Shapes","floor":49.0,"turns":3.0},{"damage":20.0,"enemies":"DF_ARCHETYPE_ORBS","floor":50.0,"turns":9.0},{"damage":72,"enemies":"downfall:CharBossMerchant","floor":52,"turns":9},{"damage":7,"enemies":"downfall:NeowBoss","floor":55,"turns":12},{"damage":49,"enemies":"downfall:NeowBossFinal","floor":56,"turns":5}],"seed_played":"-8854120147575275341","potions_obtained":[{"floor":3.0,"key":"DistilledChaos"},{"floor":11.0,"key":"Swift Potion"},{"floor":12.0,"key":"champ:CounterPotion"},{"floor":15.0,"key":"Slimebound:ThreeZeroPotion"},{"floor":16.0,"key":"sneckomod:MuddlingPotion"},{"floor":23.0,"key":"SpeedPotion"},{"floor":25.0,"key":"bronze:CleanCodePotion"},{"floor":27.0,"key":"SpeedPotion"},{"floor":29.0,"key":"Regen Potion"},{"floor":40.0,"key":"bronze:BuildAFunctionPotion"},{"floor":42.0,"key":"SpeedPotion"}],"is_trial":false,"path_per_floor":["R","M","M","?","$","?","T","M","R","M","M","E","T","M","M","B",null,"R","M","?","$","?","M","T","M","?","E","R","M","R","M","M","B",null,"R","?","$","T","?","M","T","E","$","E","R","$","?","$","M","B",null,"E","$","R","B","B"],"character_chosen":"THE_AUTOMATON","items_purchased":["bronze:Repulsor","bronze:OilSpill","bronze:DelayedGuard","Bag of Preparation","bronze:CloningBeam","bronze:DelayedGuard","Frozen Egg 2","bronze:Flail","bronze:MaxOutput+1","Guardian:PocketSentry","Nunchaku","SpeedPotion","EntropicBrew","Chemical X","bronze:MaxOutput+1","ColorlessPotion"],"campfire_rested":4,"item_purchase_floors":[5,5,5,5,5,21,21,21,37,43,43,43,46,48,48,53],"current_hp_per_floor":[49,47,47,47,45,30,30,31,52,44,43,36,36,34,25,6,77,77,76,76,62,62,56,56,55,81,19,43,40,40,5,20,7,86,96,88,88,88,87,86,86,41,42,41,68,68,68,68,62,43,93,22,22,50,44,0,0],"gold":35,"neow_bonus":"TWO_FIFTY_GOLD","is_daily":false,"chose_seed":false,"campfire_upgraded":3,"win_rate":0.0,"timestamp":1610937493,"path_taken":["R","M","M","?","$","?","T","M","R","M","?","E","?","?","M","BOSS","R","M","?","$","?","M","T","M","?","E","R","M","R","?","M","BOSS","R","?","$","?","?","M","T","E","?","E","R","$","?","$","M","BOSS","E","$","R","BOSS","BOSS"],"items_purchased_type":["Card","Card","Card","Relic","Card","Card","Relic","Card","Card","Relic","Relic","Potion","Potion","Relic","Card","Potion"],"build_version":"2020-12-22","purchased_purges":4,"victory":false,"max_hp_per_floor":[70,70,70,70,70,70,70,71,71,72,73,74,74,75,76,77,77,77,78,78,79,79,80,80,81,81,82,82,83,83,84,85,86,86,96,96,97,97,87,88,88,89,90,91,91,91,91,91,92,93,93,94,94,94,95,95,95],"card_choices":[{"not_picked":["bronze:CutThrough","bronze:FollowUp"],"picked":"bronze:BuggyMess","floor":2.0},{"not_picked":["bronze:DelayedSlice","bronze:Branch"],"picked":"bronze:FollowUp","floor":3.0},{"not_picked":["bronze:Optimize","bronze:FineTuning"],"picked":"bronze:Return","floor":5.0},{"not_picked":["bronze:Frontload","bronze:Overheat"],"picked":"bronze:BitShift","floor":6.0},{"not_picked":["bronze:WildBeam","bronze:Overheat","bronze:InfiniteBeams"],"picked":"SKIP","floor":8.0},{"not_picked":["bronze:FineTuning","bronze:Break"],"picked":"bronze:ChosenStrike","floor":10.0},{"not_picked":["bronze:BitShift","bronze:BronzeOrb","bronze:Overload"],"picked":"SKIP","floor":11.0},{"not_picked":["bronze:Invalidate","bronze:DigitalCarnage","bronze:WhirlingStrike"],"picked":"SKIP","floor":12.0},{"not_picked":["bronze:ChosenStrike","bronze:Invalidate","bronze:CutThrough"],"picked":"SKIP","floor":14.0},{"not_picked":["bronze:DelayedSlice","bronze:DarkDash","bronze:Separator"],"picked":"SKIP","floor":15.0},{"not_picked":["bronze:FindAndReplace","bronze:CleanCode"],"picked":"bronze:BurnOut","floor":16.0},{"not_picked":["bronze:Iterate","bronze:WhirlingStrike+1"],"picked":"bronze:BugBarrage","floor":19.0},{"not_picked":["bronze:FineTuning","bronze:Constructor","bronze:Library"],"picked":"SKIP","floor":21.0},{"not_picked":["bronze:Invalidate","bronze:Terminator+1"],"picked":"bronze:DelayedGuard","floor":23.0},{"not_picked":["bronze:DelayedGuard","bronze:Deprecate+1"],"picked":"bronze:BuggyMess+1","floor":25.0},{"not_picked":["bronze:CloningBeam+1","bronze:CutThrough"],"picked":"bronze:TinkerersToolbox","floor":27.0},{"not_picked":["bronze:ForLoop","bronze:Optimize+1","bronze:CloningBeam"],"picked":"SKIP","floor":29.0},{"not_picked":["bronze:GetLatest","bronze:OilSpill+1"],"picked":"bronze:BitShift+1","floor":31.0},{"not_picked":["bronze:Philosophize","bronze:Iterate"],"picked":"bronze:Shell","floor":32.0},{"not_picked":["bronze:HyperBeam","bronze:Mutator+1"],"picked":"bronze:Verify+1","floor":33.0},{"not_picked":["bronze:CutThrough","bronze:AlphaBuild"],"picked":"bronze:DarkDash+1","floor":37.0},{"not_picked":["bronze:CutThrough","bronze:Deprecate"],"picked":"bronze:Shield+1","floor":40.0},{"not_picked":["bronze:CleanCode+1","bronze:BronzeOrb","bronze:Turbo+1"],"picked":"SKIP","floor":42.0},{"not_picked":["bronze:AlphaBuild","bronze:FineTuning+1","bronze:BitShift"],"picked":"SKIP","floor":43.0},{"not_picked":["bronze:Branch+1","bronze:CutThrough"],"picked":"bronze:Mutator+1","floor":44.0},{"not_picked":["expansioncontent:LastStand+1","expansioncontent:PrepareCrush"],"picked":"expansioncontent:Chronoboost+1","floor":47.0},{"not_picked":["bronze:NullPointer+1","bronze:Invalidate+1","bronze:DelayedGuard"],"picked":"SKIP","floor":49.0},{"not_picked":["bronze:WildBeam+1","bronze:Repair+1","bronze:Assembly"],"picked":"SKIP","floor":52}],"player_experience":1372557,"relics_obtained":[{"floor":6.0,"key":"downfall:CloakOfManyFaces"},{"floor":12.0,"key":"Du-Vu Doll"},{"floor":24.0,"key":"MawBank"},{"floor":27.0,"key":"Oddly Smooth Stone"},{"floor":38.0,"key":"champ:DeflectingBracers"},{"floor":41.0,"key":"Bronze Scales"},{"floor":42.0,"key":"Happy Flower"},{"floor":44.0,"key":"Bottled Flame"},{"floor":52,"key":"bronze:ProtectiveGoggles"}],"event_choices":[{"damage_healed":0.0,"max_hp_gain":0.0,"max_hp_loss":0.0,"gold_gain":0.0,"event_name":"The Library","player_choice":"Read","floor":22.0,"gold_loss":0.0,"damage_taken":0.0,"cards_obtained":["bronze:Shell"]}],"is_beta":false,"boss_relics":[{"not_picked":["Cursed Key","Runic Dome"],"picked":"sneckomod:SneckoTalon"},{"not_picked":["Snecko Eye","Coffee Dripper"],"picked":"bronze:PlatinumCore"}],"items_purged_floors":[5,21,37,43],"is_endless":false,"potions_floor_spawned":[3,11,12,15,16,23,25,27,29,40,42,44],"killed_by":"downfall:NeowBossFinal","ascension_level":0}}