{"host":"7l2t4psy44vpcd9q","time":1610948808,"event":{"mods":["AchievementEnabler","BaseMod","DeckTracker","Minty Spire (QoL Compilation)","SuperFastMode"],"gold_per_floor":[119,138,154,173,173,173,184,197,265,265,297,297,315,349,349,425,425,438,438,6,31,47,47,47,47],"floor_reached":24,"language":"KOR","playtime":965,"items_purged":[],"score":516,"play_id":"ed086559-0a34-4bf0-b337-6f02d296e93f","local_time":"20210118144648","is_ascension_mode":true,"campfire_choices":[{"data":"Streamline","floor":6.0,"key":"SMITH"},{"floor":10.0,"key":"REST"},{"floor":15,"key":"REST"},{"data":"Go for the Eyes","floor":23,"key":"SMITH"}],"circlet_count":0,"master_deck":["AscendersBane","Strike_B","Strike_B","Strike_B","Defend_B","Defend_B","Defend_B","Defend_B","Zap","Dualcast","Lockon","Streamline+1","Gash","Core Surge","Genetic Algorithm","Steam","Rebound","Go for the Eyes+1","Machine Learning","Reboot","Steam","Genetic Algorithm","Conserve Battery+1"],"relics":["Cracked Core","Lantern","Gremlin Horn","StrikeDummy","Ginger","Nuclear Battery","Kunai","Orichalcum","Dream Catcher"],"acts_visited":["Exordium","TheCity"],"potions_floor_usage":[16,16,18],"damage_taken":[{"damage":2.0,"enemies":"Jaw Worm","floor":1.0,"turns":3.0},{"damage":2.0,"enemies":"Small Slimes","floor":2.0,"turns":4.0},{"damage":8.0,"enemies":"2 Louse","floor":3.0,"turns":2.0},{"damage":18.0,"enemies":"Exordium Thugs","floor":4.0,"turns":3.0},{"damage":13.0,"enemies":"Gremlin Gang","floor":7.0,"turns":6.0},{"damage":0.0,"enemies":"Exordium Wildlife","floor":8.0,"turns":3.0},{"damage":11.0,"enemies":"3 Sentries","floor":11.0,"turns":6.0},{"damage":0.0,"enemies":"Large Slime","floor":13.0,"turns":2.0},{"damage":25.0,"enemies":"Gremlin Nob","floor":14.0,"turns":4.0},{"damage":0,"enemies":"Slime Boss","floor":16,"turns":6},{"damage":22,"enemies":"Shell Parasite","floor":18,"turns":4},{"damage":1,"enemies":"2 Thieves","floor":22,"turns":3},{"damage":50,"enemies":"Slavers","floor":24,"turns":3}],"seed_played":"-4530986137128097738","potions_obtained":[{"floor":2.0,"key":"EssenceOfSteel"},{"floor":7.0,"key":"PowerPotion"},{"floor":8.0,"key":"FocusPotion"},{"floor":11.0,"key":"SkillPotion"},{"floor":16,"key":"SkillPotion"},{"floor":18,"key":"FearPotion"}],"is_trial":false,"path_per_floor":["M","M","M","M","?","R","M","M","T","R","E","?","M","E","R","B",null,"M","?","$","T","M","R","E"],"character_chosen":"DEFECT","items_purchased":["Kunai","Orichalcum"],"campfire_rested":2,"item_purchase_floors":[20,20],"current_hp_per_floor":[62,60,52,34,34,34,21,21,21,42,31,54,54,29,50,50,66,44,44,44,44,43,43,0,0],"gold":47,"neow_bonus":"RANDOM_COMMON_RELIC","is_daily":false,"chose_seed":false,"campfire_upgraded":2,"win_rate":0.0,"timestamp":1610948808,"path_taken":["M","M","M","M","?","R","M","M","T","R","E","?","M","E","R","BOSS","M","?","$","?","M","R","E"],"items_purchased_type":["Relic","Relic"],"build_version":"2020-12-22","purchased_purges":0,"victory":false,"max_hp_per_floor":[71,71,71,71,71,71,71,71,71,71,71,71,71,71,71,71,71,71,71,71,71,71,71,71,71],"card_choices":[{"not_picked":["Coolheaded","Conserve Battery"],"picked":"Lockon","floor":1.0},{"not_picked":["Turbo","Undo"],"picked":"Streamline","floor":2.0},{"not_picked":["Redo","Undo"],"picked":"Gash","floor":3.0},{"not_picked":["Sweeping Beam","Blizzard"],"picked":"Core Surge","floor":4.0},{"not_picked":["Streamline","Compile Driver"],"picked":"Steam","floor":7.0},{"not_picked":["Steam","Double Energy"],"picked":"Rebound","floor":8.0},{"not_picked":["Leap","Redo"],"picked":"Go for the Eyes","floor":11.0},{"not_picked":["Hello World","Loop"],"picked":"Machine Learning","floor":13.0},{"not_picked":["Streamline","Leap","Compile Driver"],"picked":"SKIP","floor":14},{"not_picked":["Creative AI","Meteor Strike"],"picked":"Reboot","floor":16},{"not_picked":["Rebound","Sweeping Beam"],"picked":"Steam","floor":18},{"not_picked":["Leap","Coolheaded"],"picked":"Conserve Battery+1","floor":22}],"player_experience":1257600,"relics_obtained":[{"floor":9.0,"key":"Gremlin Horn"},{"floor":11.0,"key":"StrikeDummy"},{"floor":14,"key":"Ginger"},{"floor":21,"key":"Dream Catcher"}],"event_choices":[{"damage_healed":0.0,"max_hp_gain":0.0,"max_hp_loss":0.0,"gold_gain":0.0,"cards_transformed":["Strike_B"],"event_name":"Living Wall","player_choice":"Change","floor":5.0,"gold_loss":0.0,"damage_taken":0.0,"cards_obtained":["Genetic Algorithm"]},{"damage_healed":23.0,"max_hp_gain":0.0,"max_hp_loss":0.0,"gold_gain":0.0,"event_name":"Big Fish","player_choice":"Banana","floor":12.0,"gold_loss":0.0,"damage_taken":0.0},{"damage_healed":0,"gold_gain":0,"player_choice":"Copied","damage_taken":0,"max_hp_gain":0,"max_hp_loss":0,"event_name":"Duplicator","floor":19,"gold_loss":0,"cards_obtained":["Genetic Algorithm"]}],"is_beta":false,"boss_relics":[{"not_picked":["Calling Bell","Fusion Hammer"],"picked":"Nuclear Battery"}],"items_purged_floors":[],"is_endless":false,"potions_floor_spawned":[2,7,8,11,13,16,18],"killed_by":"Slavers","ascension_level":20}}