{"host":"u19jhb6amotr3ucl","time":1610945751,"event":{"mods":["Act Like it!","Astrologer","BaseMod","Better Match","BetterRewards","Conspire","Duelist Mod","Hubris","Infinite Spire","Jorbs\u0027s Wanderer Trilogy","Marisa????????","Minty Spire (QoL Compilation)","Quick Restart","Replay The Spire","Spicy Shops","StSLib","The Animator"],"gold_per_floor":[109,109,109,109,109,109,134,153,177,205,10,22,22,1,1,101,101,121,139,54,54,54,54,4,14,37,69,69,125,142,154,154,258,258,273,50,100,41,54,54,92,92,117,134,161,161,178,228,228,228,228],"floor_reached":50,"language":"ENG","playtime":2279,"items_purged":["Decay","animator:Curse_Greed"],"score":1079,"play_id":"6cbf76e8-9480-4fb5-bd59-422edf448ad8","local_time":"20210117235551","is_ascension_mode":true,"campfire_choices":[{"floor":6,"key":"REST"},{"floor":15,"key":"REST"},{"data":"1","floor":23,"key":"LIFT"},{"data":"2","floor":32,"key":"LIFT"},{"data":"3","floor":40,"key":"LIFT"},{"floor":42,"key":"RECALL"},{"floor":49,"key":"REST"}],"circlet_count":0,"master_deck":["Strike_MRS","Strike_MRS","Strike_MRS+1","Defend_MRS","Defend_MRS","Defend_MRS","MasterSpark","UpSweep","MeteoricShower+1","IllusionStar","Mayhem+1","WitchLeyline+1","ShootingEcho+1","MagicChant","AsteroidBelt","AsteroidBelt","MysteriousBeam","PropBag","MysteriousBeam+1","ShootingEcho","MysteriousBeam","MaximisePower","PulseMagic","ChargingUp","AsteroidBelt+1","LuminesStrike+1","NonDirectionalLaser+1","FinalSpark","ShootingEcho+1","IllusionStar","MeteoricShower","MeteoricShower","Midas Touch","GrandCross+1","WitchLeyline+1","DeepEcoloBomb+1"],"relics":["MiniHakkero","FossilizedHelix","Guide Book","Membership Card","Girya","Strange Spoon","Juzu Bracelet","Vajra","Nunchaku","Bird Faced Urn","BargainBundle","Gremlin Food","Toolbox","Runic Dome","Bag of Marbles","ReplayTheSpireMod:TigerMarble","Replay:Baseball","Sozu","Chemical X","hubris:Zylophone","Ornamental Fan","conspire:GlowingRock","Replay:Lucky Slots","ReplayTheSpireMod:CursedCoin","Toy Ornithopter","Blood Vial","Shuriken","Pantograph","hubris:BundleOfHerbs","Meat on the Bone"],"acts_visited":["Exordium","TheCity","TheBeyond"],"potions_floor_usage":[16,19,33,33,33,50],"damage_taken":[{"damage":0,"enemies":"Cultist","floor":1,"turns":3},{"damage":14,"enemies":"3 Sentries","floor":7,"turns":5},{"damage":0,"enemies":"Jaw Worm","floor":8,"turns":3},{"damage":0,"enemies":"Gremlin Nob","floor":10,"turns":3},{"damage":0,"enemies":"2 Louse","floor":12,"turns":2},{"damage":0,"enemies":"Slime Boss","floor":16,"turns":2},{"damage":2,"enemies":"3 Byrds","floor":18,"turns":4},{"damage":0,"enemies":"conspire:FuzzyDice","floor":19,"turns":3},{"damage":0,"enemies":"Snecko","floor":25,"turns":3},{"damage":0,"enemies":"conspire:Head Lice","floor":27,"turns":2},{"damage":0,"enemies":"Sentry and Sphere","floor":29,"turns":3},{"damage":0,"enemies":"Centurion and Healer","floor":30,"turns":1},{"damage":0,"enemies":"Snake Plant","floor":31,"turns":1},{"damage":0,"enemies":"Automaton","floor":33,"turns":4},{"damage":0,"enemies":"3 Shapes","floor":35,"turns":2},{"damage":0,"enemies":"2 Orb Walkers","floor":37,"turns":3},{"damage":0,"enemies":"3 Darklings","floor":39,"turns":1},{"damage":0,"enemies":"Reptomancer","floor":41,"turns":3},{"damage":0,"enemies":"Writhing Mass","floor":44,"turns":2},{"damage":24,"enemies":"R_Hoarder","floor":45,"turns":5},{"damage":13,"enemies":"4 Shapes","floor":47,"turns":2},{"damage":30,"enemies":"Mind Bloom Boss Battle","floor":48,"turns":3},{"damage":78,"enemies":"infinitespire:MassOfShapes","floor":50,"turns":4}],"seed_played":"7329954587633076561","potions_obtained":[{"floor":1,"key":"SteroidPotion"},{"floor":10,"key":"ColorlessPotion"},{"floor":18,"key":"Elixir"},{"floor":21,"key":"Cursed Concoction"},{"floor":21,"key":"LiquidMemories"},{"floor":21,"key":"EssenceOfSteel"},{"floor":25,"key":"ColorlessPotion"},{"floor":33,"key":"Languid Potion"}],"is_trial":false,"path_per_floor":["M","?","?","?","?","R","E","M","T","E","$","M","?","?","R","B",null,"M","M","?","?","?","R","?","M","T","E","$","M","M","M","R","B",null,"M","$","?","$","M","R","E","R","T","M","E","AVR","M","?","R","B"],"character_chosen":"MARISA","items_purchased":["FossilizedHelix","MeteoricShower","IllusionStar","Mayhem","Guide Book","Membership Card","WitchLeyline","ShootingEcho","Strange Spoon","Juzu Bracelet","Vajra","MagicChant","BargainBundle","Gremlin Food","Toolbox","ShootingEcho","Chemical X","hubris:Zylophone","Ornamental Fan","IllusionStar","Replay:Lucky Slots","ReplayTheSpireMod:CursedCoin","MeteoricShower","Midas Touch"],"campfire_rested":3,"item_purchase_floors":[0,0,0,0,0,0,0,0,0,0,0,0,11,11,11,11,36,36,36,36,38,38,38,38],"current_hp_per_floor":[27,12,9,9,9,31,17,17,17,17,17,31,31,31,53,55,75,73,75,75,75,75,75,75,75,75,75,75,75,75,75,75,75,75,76,76,76,76,76,76,76,76,76,76,54,54,43,40,62,0,0],"gold":228,"neow_bonus":"","is_daily":false,"chose_seed":false,"campfire_upgraded":0,"win_rate":0.0,"timestamp":1610945751,"path_taken":["M","?","?","?","?","R","E","M","T","E","?","M","?","?","R","BOSS","M","M","?","?","?","R","?","M","T","E","$","M","M","M","R","BOSS","M","?","?","?","M","R","E","R","T","M","E","AVR","M","?","R","BOSS"],"items_purchased_type":["Relic","Card","Card","Card","Relic","Relic","Card","Card","Relic","Relic","Relic","Card","Relic","Relic","Relic","Card","Relic","Relic","Relic","Card","Relic","Relic","Card","Card"],"build_version":"2020-12-22","purchased_purges":2,"victory":false,"max_hp_per_floor":[75,75,75,75,75,75,75,75,75,75,75,75,75,75,75,75,75,75,75,75,75,75,75,75,75,75,75,75,75,75,75,75,75,75,76,76,76,76,76,76,76,76,76,76,76,76,76,76,76,76,76],"card_choices":[{"not_picked":["DC","Acceleration"],"picked":"AsteroidBelt","floor":1},{"not_picked":["SuperNova","LuminesStrike"],"picked":"MysteriousBeam","floor":7},{"not_picked":["RefractionSpark","NonDirectionalLaser"],"picked":"PropBag","floor":8},{"not_picked":["6A","OneTimeOff"],"picked":"MysteriousBeam","floor":10},{"not_picked":["StarBarrage","MilkyWay"],"picked":"MysteriousBeam","floor":12},{"not_picked":["TreasureHunter","AbsoluteMagnitude"],"picked":"MaximisePower","floor":16},{"not_picked":["6A","DC"],"picked":"PulseMagic","floor":18},{"not_picked":["MilkyWay","WitchOfGreed"],"picked":"ChargingUp","floor":19},{"not_picked":["DarkMatter","ManaConvection","DragonMeteor"],"picked":"SKIP","floor":25},{"not_picked":["RefractionSpark","NonDirectionalLaser"],"picked":"AsteroidBelt+1","floor":27},{"not_picked":["ChargeUpSpray","DC"],"picked":"LuminesStrike+1","floor":29},{"not_picked":["AlicesGift","StarBarrage"],"picked":"NonDirectionalLaser+1","floor":30},{"not_picked":["GalacticHalo","SprinkleStarSeal","PowerUp"],"picked":"SKIP","floor":31},{"not_picked":["AbsoluteMagnitude","MaximisePower"],"picked":"FinalSpark","floor":33},{"not_picked":["6A","WitchOfGreed"],"picked":"ShootingEcho+1","floor":35},{"not_picked":["EarthLightRay+1","GalacticHalo"],"picked":"MeteoricShower","floor":37},{"not_picked":["6A","DoubleSpark+1"],"picked":"GrandCross+1","floor":39},{"not_picked":["AbsoluteMagnitude","EventHorizon+1","GravityBeat+1"],"picked":"SKIP","floor":41},{"not_picked":["EnergyFlow","GrandCross","ShootingEcho"],"picked":"SKIP","floor":44},{"not_picked":["MilkyWay","FairyDestructionRay","EnergyFlow+1"],"picked":"SKIP","floor":45},{"not_picked":["ChargeUpSpray","AbsoluteMagnitude"],"picked":"WitchLeyline+1","floor":47},{"not_picked":["GalacticHalo","PowerUp+1"],"picked":"DeepEcoloBomb+1","floor":48}],"player_experience":342755,"relics_obtained":[{"floor":7,"key":"Nunchaku"},{"floor":10,"key":"Bird Faced Urn"},{"floor":26,"key":"ReplayTheSpireMod:TigerMarble"},{"floor":27,"key":"Replay:Baseball"},{"floor":37,"key":"conspire:GlowingRock"},{"floor":41,"key":"Toy Ornithopter"},{"floor":43,"key":"Blood Vial"},{"floor":45,"key":"Shuriken"},{"floor":48,"key":"hubris:BundleOfHerbs"}],"event_choices":[{"damage_healed":0,"gold_gain":0,"player_choice":"Entered Light","damage_taken":15,"max_hp_gain":0,"max_hp_loss":0,"event_name":"Shining Light","floor":2,"gold_loss":0,"cards_upgraded":["WitchLeyline","ShootingEcho"]},{"damage_healed":0,"gold_gain":0,"player_choice":"Fled","damage_taken":3,"max_hp_gain":0,"max_hp_loss":0,"event_name":"Scrap Ooze","floor":3,"gold_loss":0},{"cards_removed":["Defend_MRS"],"damage_healed":0,"gold_gain":0,"player_choice":"Offered Basic","damage_taken":0,"max_hp_gain":0,"max_hp_loss":0,"event_name":"Bonfire Elementals","floor":4,"gold_loss":0},{"damage_healed":0,"gold_gain":0,"cards_transformed":["Strike_MRS"],"player_choice":"Transformed","damage_taken":0,"max_hp_gain":0,"max_hp_loss":0,"event_name":"Transmorgrifier","floor":5,"gold_loss":0,"cards_obtained":["AsteroidBelt"]},{"damage_healed":0,"gold_gain":0,"player_choice":"Disagree","damage_taken":0,"max_hp_gain":0,"max_hp_loss":0,"event_name":"conspire:LoneGhost","floor":13,"gold_loss":0},{"damage_healed":0,"gold_gain":0,"player_choice":"Left Gold","damage_taken":0,"max_hp_gain":0,"max_hp_loss":0,"event_name":"World of Goop","floor":14,"gold_loss":21},{"damage_healed":0,"gold_gain":0,"player_choice":"Obtained Relic","damage_taken":0,"relics_obtained":["Bag of Marbles"],"max_hp_gain":0,"max_hp_loss":0,"event_name":"Addict","floor":20,"gold_loss":85},{"damage_healed":0,"gold_gain":0,"player_choice":"Got Potions","damage_taken":0,"max_hp_gain":0,"max_hp_loss":0,"event_name":"Lab","floor":21,"gold_loss":0},{"damage_healed":0,"gold_gain":0,"player_choice":"Ignored","damage_taken":0,"max_hp_gain":0,"max_hp_loss":0,"event_name":"Vampires","floor":22,"gold_loss":0},{"damage_healed":0,"gold_gain":0,"player_choice":"Bet on Murderer","damage_taken":0,"max_hp_gain":0,"max_hp_loss":0,"event_name":"The Joust","floor":24,"gold_loss":50},{"damage_healed":0,"gold_gain":0,"player_choice":"Fight","damage_taken":0,"max_hp_gain":0,"max_hp_loss":0,"event_name":"Mysterious Sphere","floor":37,"gold_loss":0},{"damage_healed":0,"gold_gain":0,"player_choice":"Fight","damage_taken":0,"max_hp_gain":0,"max_hp_loss":0,"event_name":"MindBloom","floor":48,"gold_loss":0}],"is_beta":false,"boss_relics":[{"not_picked":["hubris:HollowSoul","Replay:Wanted Poster"],"picked":"Runic Dome"},{"not_picked":["Tiny House","hubris:RunicObelisk"],"picked":"Sozu"}],"items_purged_floors":[11,38],"is_endless":false,"potions_floor_spawned":[1,10,18,25,27,29,33,39,41,44,47],"killed_by":"infinitespire:MassOfShapes","ascension_level":3}}