{"host":"yvb207ks1sg3cxef","time":1610977393,"event":{"mods":["2.2 Compatiblity","BaseMod","Bestiary","Colored Powertips","Minty Spire (QoL Compilation)","Permanent Neow","Quick Restart","Relic Stats","StSLib"],"gold_per_floor":[54,54,121,121,166,166,227,227,227,277,367,442,491,534,534,653,653,692,159,250,12,75,75,138,212,212,137,137,195,208,274,274,274,274],"floor_reached":33,"language":"ENG","playtime":1593,"items_purged":["Strike_P"],"score":572,"play_id":"b7dd461a-0130-4baa-8fa0-d4bc8c53c114","local_time":"20210118191313","is_ascension_mode":true,"campfire_choices":[{"data":"Eruption","floor":6.0,"key":"SMITH"},{"floor":15.0,"key":"REST"},{"data":"Scrawl","floor":23.0,"key":"SMITH"},{"floor":28,"key":"REST"},{"data":"Vault","floor":32,"key":"SMITH"}],"circlet_count":0,"master_deck":["AscendersBane","Strike_P","Strike_P","Defend_P","Defend_P","Defend_P","Defend_P","Eruption+1","Vigilance","HandOfGreed+1","EmptyFist","Protect","Tantrum","Collect","Halt","MentalFortress","JustLucky","Scrawl+1","ThirdEye","Establishment","FearNoEvil","InnerPeace","Wallop","Vault+1","Adaptation","EmptyMind"],"relics":["PureWater","Golden Idol","The Courier","Dream Catcher","Bag of Marbles","Ornamental Fan","Cursed Key","Du-Vu Doll","Incense Burner","Red Mask","Anchor","Bronze Scales","Shuriken","Damaru","Peace Pipe"],"acts_visited":["Exordium","TheCity"],"potions_floor_usage":[28],"damage_taken":[{"damage":0.0,"enemies":"Small Slimes","floor":1.0,"turns":3.0},{"damage":2.0,"enemies":"2 Louse","floor":3.0,"turns":3.0},{"damage":0.0,"enemies":"Cultist","floor":5.0,"turns":3.0},{"damage":12.0,"enemies":"Lagavulin","floor":7.0,"turns":8.0},{"damage":0.0,"enemies":"Exordium Wildlife","floor":10.0,"turns":2.0},{"damage":12.0,"enemies":"3 Sentries","floor":11.0,"turns":7.0},{"damage":5.0,"enemies":"3 Louse","floor":12.0,"turns":5.0},{"damage":1.0,"enemies":"Exordium Thugs","floor":13.0,"turns":4.0},{"damage":0.0,"enemies":"Blue Slaver","floor":14.0,"turns":4.0},{"damage":14.0,"enemies":"Hexaghost","floor":16.0,"turns":8.0},{"damage":11.0,"enemies":"Chosen","floor":18.0,"turns":6.0},{"damage":18.0,"enemies":"Masked Bandits","floor":20.0,"turns":4.0},{"damage":0.0,"enemies":"3 Byrds","floor":22.0,"turns":5.0},{"damage":18.0,"enemies":"Gremlin Leader","floor":24.0,"turns":6.0},{"damage":5.0,"enemies":"Centurion and Healer","floor":25.0,"turns":6.0},{"damage":0,"enemies":"Book of Stabbing","floor":29,"turns":4},{"damage":7,"enemies":"Sentry and Sphere","floor":30,"turns":6},{"damage":6,"enemies":"Slavers","floor":31,"turns":8},{"damage":25,"enemies":"Collector","floor":33,"turns":2}],"seed_played":"-6547998288957334024","potions_obtained":[{"floor":1.0,"key":"Explosive Potion"},{"floor":5.0,"key":"Weak Potion"},{"floor":11.0,"key":"SmokeBomb"},{"floor":14.0,"key":"Dexterity Potion"},{"floor":22.0,"key":"Fruit Juice"},{"floor":30,"key":"FearPotion"}],"is_trial":false,"path_per_floor":["M","?","M","?","M","R","E","?","T","M","E","M","M","M","R","B",null,"M","$","?","$","M","R","E","M","T","?","R","E","M","E","R","B"],"character_chosen":"WATCHER","items_purchased":["Du-Vu Doll","Incense Burner","Anchor","Bronze Scales"],"campfire_rested":2,"item_purchase_floors":[19,19,21,21],"current_hp_per_floor":[65,65,63,45,45,45,33,33,33,33,21,16,15,15,36,22,60,49,49,31,31,31,31,13,8,8,8,36,36,29,23,23,0,0],"gold":274,"neow_bonus":"RANDOM_COLORLESS_2","is_daily":false,"chose_seed":false,"campfire_upgraded":3,"win_rate":0.0,"timestamp":1610977393,"path_taken":["M","?","M","?","M","R","E","?","T","M","E","M","?","M","R","BOSS","M","$","?","$","M","R","E","M","T","?","R","E","M","E","R","BOSS"],"items_purchased_type":["Relic","Relic","Relic","Relic"],"build_version":"2020-12-22","purchased_purges":1,"victory":false,"max_hp_per_floor":[72,72,72,72,72,72,72,72,72,72,72,72,72,72,72,72,72,72,72,72,72,72,72,72,72,72,72,77,77,77,77,77,77,77],"relic_stats":{"Peace Pipe":1,"Dream Catcher":2,"counters":[19,94],"Golden Idol":107,"Ornamental Fan":[76],"Shuriken":[7],"Bronze Scales":[90],"Cursed Key":0,"obtain_stats":[{"Golden Idol":4,"Damaru":29,"The Courier":7,"Incense Burner":19,"Cursed Key":17,"Du-Vu Doll":19,"Peace Pipe":31,"Dream Catcher":8,"Anchor":21,"Ornamental Fan":11,"Shuriken":24,"Bronze Scales":21,"Bag of Marbles":9,"Red Mask":20,"PureWater":0},{"Golden Idol":2,"Damaru":16,"The Courier":4,"Incense Burner":11,"Cursed Key":10,"Du-Vu Doll":11,"Peace Pipe":18,"Dream Catcher":4,"Anchor":12,"Ornamental Fan":6,"Shuriken":14,"Bronze Scales":12,"Bag of Marbles":4,"Red Mask":12,"PureWater":0},{"Golden Idol":6,"Damaru":78,"The Courier":17,"Incense Burner":53,"Cursed Key":47,"Du-Vu Doll":53,"Peace Pipe":92,"Dream Catcher":17,"Anchor":57,"Ornamental Fan":26,"Shuriken":68,"Bronze Scales":57,"Bag of Marbles":17,"Red Mask":57,"PureWater":0}]},"card_choices":[{"not_picked":["Mayhem","Apotheosis"],"picked":"HandOfGreed","floor":0.0},{"not_picked":["Crescendo","BowlingBash"],"picked":"EmptyFist","floor":1.0},{"not_picked":["FlurryOfBlows","FlyingSleeves"],"picked":"Protect","floor":3.0},{"not_picked":["Vengeance","PathToVictory"],"picked":"Tantrum","floor":5.0},{"not_picked":["Conclude","CutThroughFate"],"picked":"Collect","floor":7.0},{"not_picked":["CarveReality","Prostrate"],"picked":"Halt","floor":10.0},{"not_picked":["EmptyFist","Pray"],"picked":"MentalFortress","floor":11.0},{"not_picked":["CarveReality","Pray","Worship"],"picked":"SKIP","floor":12.0},{"not_picked":["Crescendo","CutThroughFate"],"picked":"JustLucky","floor":13.0},{"not_picked":["EmptyMind","Weave"],"picked":"Scrawl","floor":14.0},{"not_picked":["Consecrate","ClearTheMind"],"picked":"ThirdEye","floor":15.0},{"not_picked":["Ragnarok","Wish"],"picked":"Establishment","floor":16.0},{"not_picked":["Halt","Prostrate"],"picked":"FearNoEvil","floor":18.0},{"not_picked":["FollowUp","Evaluate"],"picked":"InnerPeace","floor":22.0},{"not_picked":["JustLucky","Halt"],"picked":"Wallop","floor":24.0},{"not_picked":["Omniscience","EmptyFist","SashWhip"],"picked":"SKIP","floor":25.0},{"not_picked":["PathToVictory","SashWhip"],"picked":"Vault","floor":29},{"not_picked":["ClearTheMind+1","CutThroughFate+1"],"picked":"Adaptation","floor":30},{"not_picked":["WreathOfFlame","EmptyBody"],"picked":"EmptyMind","floor":31}],"player_experience":378724,"relics_obtained":[{"floor":7.0,"key":"The Courier"},{"floor":9.0,"key":"Bag of Marbles"},{"floor":11.0,"key":"Ornamental Fan"},{"floor":20.0,"key":"Red Mask"},{"floor":24.0,"key":"Shuriken"},{"floor":29,"key":"Damaru"},{"floor":31,"key":"Peace Pipe"}],"event_choices":[{"damage_healed":0.0,"max_hp_gain":0.0,"max_hp_loss":0.0,"gold_gain":0.0,"event_name":"Living Wall","player_choice":"Grow","floor":2.0,"gold_loss":0.0,"damage_taken":0.0,"cards_upgraded":["HandOfGreed"]},{"damage_healed":0.0,"max_hp_gain":0.0,"max_hp_loss":0.0,"gold_gain":0.0,"event_name":"Golden Idol","player_choice":"Take Damage","floor":4.0,"gold_loss":0.0,"damage_taken":18.0,"relics_obtained":["Golden Idol"]},{"damage_healed":0.0,"max_hp_gain":0.0,"max_hp_loss":0.0,"gold_gain":0.0,"event_name":"WeMeetAgain","player_choice":"Gave Potion","floor":8.0,"gold_loss":0.0,"damage_taken":0.0,"relics_obtained":["Dream Catcher"]},{"damage_healed":0.0,"max_hp_gain":0.0,"max_hp_loss":0.0,"gold_gain":0.0,"event_name":"Masked Bandits","player_choice":"Fought Bandits","floor":20.0,"gold_loss":0.0,"damage_taken":0.0},{"cards_removed":["Strike_P"],"damage_healed":0.0,"max_hp_gain":0.0,"max_hp_loss":0.0,"gold_gain":0.0,"event_name":"Beggar","player_choice":"Gave Gold","floor":27.0,"gold_loss":75.0,"damage_taken":0.0}],"is_beta":false,"boss_relics":[{"not_picked":["Sozu","Tiny House"],"picked":"Cursed Key"}],"items_purged_floors":[19],"is_endless":false,"potions_floor_spawned":[1,5,11,14,16,18,22,30],"killed_by":"Collector","ascension_level":12}}