{"host":"h4qgcirtxz6qax9j","time":1610978517,"event":{"mods":["AchievementEnabler","BaseMod","Colored Powertips","Hermit","Minty Spire (QoL Compilation)","StSLib","SuperFastMode","The Servant 0.9.4"],"gold_per_floor":[110,110,135,180,199,199,274,305,380,380,395,395,101,115,115,115,115],"floor_reached":16,"language":"KOR","playtime":494,"items_purged":[],"score":105,"play_id":"a127e7ee-068d-494c-9352-9fd4f856c2e8","local_time":"20210118230157","is_ascension_mode":true,"campfire_choices":[{"data":"KidneyShot","floor":6,"key":"SMITH"},{"floor":10,"key":"REST"},{"floor":12,"key":"REST"},{"floor":15,"key":"REST"}],"circlet_count":0,"master_deck":["Strike_S","Strike_S","Strike_S","Strike_S","Defend_S","Defend_S","Defend_S","Defend_S","KidneyShot+1","Exchange","FastForward","SurpressingFire","Starlight","Desolation","Rearm"],"relics":["Uniform","Golden Idol","Bag of Preparation","Bird Faced Urn","Question Card","MealTicket","PreservedInsect"],"acts_visited":["Exordium"],"potions_floor_usage":[],"damage_taken":[{"damage":2,"enemies":"Jaw Worm","floor":1,"turns":5},{"damage":0,"enemies":"2 Louse","floor":3,"turns":3},{"damage":0,"enemies":"Small Slimes","floor":5,"turns":5},{"damage":20,"enemies":"3 Sentries","floor":8,"turns":14},{"damage":25,"enemies":"Gremlin Gang","floor":11,"turns":12},{"damage":4,"enemies":"3 Louse","floor":14,"turns":3},{"damage":53,"enemies":"Slime Boss","floor":16,"turns":8}],"seed_played":"884605632722026282","potions_obtained":[{"floor":8,"key":"Energy Potion"},{"floor":14,"key":"Ancient Potion"}],"is_trial":false,"path_per_floor":["M","?","M","T","M","R","?","E","T","R","M","R","$","M","R","B"],"character_chosen":"THE_SERVANT","items_purchased":["MealTicket","PreservedInsect"],"campfire_rested":3,"item_purchase_floors":[13,13],"current_hp_per_floor":[63,47,47,47,47,47,36,16,16,35,12,31,31,29,48,0,0],"gold":115,"neow_bonus":"THREE_CARDS","is_daily":false,"chose_seed":false,"campfire_upgraded":1,"win_rate":0.0,"timestamp":1610978517,"path_taken":["M","?","M","?","M","R","?","E","T","R","M","R","$","M","R","BOSS"],"items_purchased_type":["Relic","Relic"],"build_version":"2020-12-22","purchased_purges":0,"victory":false,"max_hp_per_floor":[65,65,65,65,65,65,65,65,65,65,65,65,65,65,65,65,65],"card_choices":[{"not_picked":["Spin","TimeWarp"],"picked":"FastForward","floor":0},{"not_picked":["Revamp","Unruled"],"picked":"SurpressingFire","floor":1},{"not_picked":["TimeWarp","SurpressingFire","MoonPhase"],"picked":"SKIP","floor":3},{"not_picked":["Alleviate","Advance","Misdirection"],"picked":"SKIP","floor":5},{"not_picked":["Rewind","Rearm"],"picked":"Starlight","floor":8},{"not_picked":["SurpressingFire","Defy","Reset"],"picked":"Desolation","floor":11},{"not_picked":["Defy","BestPractice","Reset"],"picked":"Rearm","floor":14}],"player_experience":61440,"relics_obtained":[{"floor":4,"key":"Bag of Preparation"},{"floor":8,"key":"Bird Faced Urn"},{"floor":9,"key":"Question Card"}],"event_choices":[{"damage_healed":0,"gold_gain":0,"player_choice":"Take Damage","damage_taken":16,"relics_obtained":["Golden Idol"],"max_hp_gain":0,"max_hp_loss":0,"event_name":"Golden Idol","floor":2,"gold_loss":0},{"damage_healed":0,"gold_gain":75,"player_choice":"Gather Gold","damage_taken":11,"max_hp_gain":0,"max_hp_loss":0,"event_name":"World of Goop","floor":7,"gold_loss":0}],"is_beta":false,"boss_relics":[],"items_purged_floors":[],"is_endless":false,"potions_floor_spawned":[8,14],"killed_by":"Slime Boss","ascension_level":1}}