{"host":"t7mx8yfj1no5p62f","time":1610993897,"event":{"mods":["BaseMod","Bestiary","Colored Map","Colored Powertips","Minty Spire (QoL Compilation)","Relic Stats","StSLib","ojb\u0027s Info Mod"],"gold_per_floor":[117,132,132,0,15,15,50,50,50,78,91,91,106,117,117,192,192,210,210,224,255,268,268,301,301,301,301,301],"floor_reached":27,"language":"ENG","playtime":952,"items_purged":[],"score":486,"play_id":"8bb33c14-647a-450d-bc41-2646a12706e5","local_time":"20210118131817","is_ascension_mode":true,"campfire_choices":[{"data":"Noxious Fumes","floor":6.0,"key":"SMITH"},{"data":"Die Die Die","floor":12,"key":"SMITH"},{"data":"Bouncing Flask","floor":15,"key":"SMITH"},{"data":"Bullet Time","floor":23,"key":"SMITH"},{"floor":25,"key":"REST"}],"circlet_count":0,"master_deck":["AscendersBane","Strike_G","Strike_G","Strike_G","Strike_G","Defend_G","Defend_G+1","Defend_G","Defend_G","Defend_G","Survivor","Neutralize","Dagger Throw","Underhanded Strike","Noxious Fumes+1","Acrobatics","Backflip+1","Die Die Die+1","Blade Dance","Deadly Poison","Bouncing Flask+1","Bullet Time+1","Backflip+1","Acrobatics","Setup+1","Footwork"],"relics":["Ring of the Snake","NeowsBlessing","Bottled Lightning","Pear","Omamori","Philosopher\u0027s Stone","Red Mask","War Paint","Gremlin Horn"],"acts_visited":["Exordium","TheCity"],"potions_floor_usage":[7,10,18,21,22,24],"damage_taken":[{"damage":0.0,"enemies":"2 Louse","floor":1.0,"turns":1.0},{"damage":0.0,"enemies":"Cultist","floor":2.0,"turns":1.0},{"damage":0.0,"enemies":"Jaw Worm","floor":5.0,"turns":1.0},{"damage":20,"enemies":"3 Sentries","floor":7,"turns":10},{"damage":18,"enemies":"Lagavulin","floor":10,"turns":7},{"damage":0,"enemies":"Lots of Slimes","floor":11,"turns":1},{"damage":1,"enemies":"2 Fungi Beasts","floor":13,"turns":2},{"damage":0,"enemies":"Gremlin Gang","floor":14,"turns":2},{"damage":17,"enemies":"Hexaghost","floor":16,"turns":8},{"damage":19,"enemies":"2 Thieves","floor":18,"turns":4},{"damage":0,"enemies":"Chosen","floor":20,"turns":3},{"damage":31,"enemies":"Masked Bandits","floor":21,"turns":4},{"damage":11,"enemies":"3 Cultists","floor":22,"turns":4},{"damage":15,"enemies":"Gremlin Leader","floor":24,"turns":5},{"damage":41,"enemies":"Book of Stabbing","floor":27,"turns":5}],"seed_played":"-6420173849251799876","potions_obtained":[{"floor":1.0,"key":"SteroidPotion"},{"floor":7,"key":"LiquidMemories"},{"floor":8,"key":"DuplicationPotion"},{"floor":10,"key":"LiquidMemories"},{"floor":18,"key":"PowerPotion"},{"floor":21,"key":"SteroidPotion"}],"is_trial":false,"path_per_floor":["M","M","?","$","M","R","E","?","T","E","M","R","M","M","R","B",null,"M","?","M","?","M","R","E","R","T","E"],"character_chosen":"THE_SILENT","items_purchased":["Noxious Fumes","Block Potion"],"campfire_rested":1,"item_purchase_floors":[4,4],"current_hp_per_floor":[59,59,59,59,59,59,39,39,49,31,31,31,30,30,30,13,60,41,76,76,45,34,34,19,41,41,0,0],"gold":301,"neow_bonus":"THREE_ENEMY_KILL","is_daily":false,"chose_seed":false,"campfire_upgraded":4,"win_rate":0.0,"timestamp":1610993897,"path_taken":["M","M","?","$","?","R","E","?","T","E","?","R","M","M","R","BOSS","M","?","?","?","M","R","E","R","T","E"],"items_purchased_type":["Card","Potion"],"build_version":"2020-12-22","purchased_purges":0,"victory":false,"max_hp_per_floor":[66,66,66,66,66,66,66,66,76,76,76,76,76,76,76,76,76,76,76,76,76,76,76,76,76,76,76,76],"relic_stats":{"Gremlin Horn":[0,0],"counters":[15,58],"War Paint":["Defend_G","Backflip"],"obtain_stats":[{"Pear":9,"NeowsBlessing":0,"Gremlin Horn":26,"Philosopher\u0027s Stone":17,"Omamori":10,"Red Mask":21,"Bottled Lightning":7,"War Paint":24,"Ring of the Snake":0},{"Pear":4,"NeowsBlessing":0,"Gremlin Horn":14,"Philosopher\u0027s Stone":9,"Omamori":5,"Red Mask":12,"Bottled Lightning":4,"War Paint":14,"Ring of the Snake":0},{"Pear":13,"NeowsBlessing":0,"Gremlin Horn":53,"Philosopher\u0027s Stone":33,"Omamori":20,"Red Mask":44,"Bottled Lightning":13,"War Paint":53,"Ring of the Snake":0}],"Ring of the Snake":[30]},"card_choices":[{"not_picked":["Terror","Acrobatics"],"picked":"Dagger Throw","floor":1.0},{"not_picked":["Cloak And Dagger","PiercingWail"],"picked":"Underhanded Strike","floor":2.0},{"not_picked":["Outmaneuver","Backflip"],"picked":"Acrobatics","floor":5.0},{"not_picked":["Dagger Throw","Dodge and Roll"],"picked":"Backflip","floor":7},{"not_picked":["Backstab","Underhanded Strike"],"picked":"Die Die Die","floor":10},{"not_picked":["Expertise","Infinite Blades"],"picked":"Blade Dance","floor":11},{"not_picked":["Calculated Gamble","Prepared"],"picked":"Deadly Poison","floor":13},{"not_picked":["Dodge and Roll","Caltrops"],"picked":"Bouncing Flask","floor":14},{"not_picked":["Grand Finale","Phantasmal Killer"],"picked":"Bullet Time","floor":16},{"not_picked":["Concentrate","Outmaneuver"],"picked":"Backflip+1","floor":18},{"not_picked":["Riddle With Holes","Flying Knee","Bane"],"picked":"SKIP","floor":20},{"not_picked":["Reflex","Blade Dance"],"picked":"Acrobatics","floor":21},{"not_picked":["Skewer","Underhanded Strike"],"picked":"Setup+1","floor":22},{"not_picked":["Prepared+1","Noxious Fumes+1"],"picked":"Footwork","floor":24}],"player_experience":1788035,"relics_obtained":[{"floor":7,"key":"Bottled Lightning"},{"floor":9,"key":"Pear"},{"floor":10,"key":"Omamori"},{"floor":21,"key":"Red Mask"},{"floor":24,"key":"War Paint"},{"floor":26,"key":"Gremlin Horn"}],"event_choices":[{"cards_removed":["Strike_G"],"damage_healed":0.0,"max_hp_gain":0.0,"max_hp_loss":0.0,"gold_gain":0.0,"event_name":"Bonfire Elementals","player_choice":"Offered Basic","floor":3.0,"gold_loss":0.0,"damage_taken":0.0},{"damage_healed":0,"gold_gain":0,"player_choice":"Got Potions","damage_taken":0,"max_hp_gain":0,"max_hp_loss":0,"event_name":"Lab","floor":8,"gold_loss":0},{"damage_healed":35,"gold_gain":0,"player_choice":"Full Heal","damage_taken":0,"max_hp_gain":0,"max_hp_loss":0,"event_name":"Wheel of Change","floor":19,"gold_loss":0},{"damage_healed":0,"gold_gain":0,"player_choice":"Fought Bandits","damage_taken":0,"max_hp_gain":0,"max_hp_loss":0,"event_name":"Masked Bandits","floor":21,"gold_loss":0}],"is_beta":false,"boss_relics":[{"not_picked":["SacredBark","Velvet Choker"],"picked":"Philosopher\u0027s Stone"}],"items_purged_floors":[],"is_endless":false,"potions_floor_spawned":[1,7,10,13,18,20,21],"killed_by":"Book of Stabbing","ascension_level":20}}