{"host":"5dk97cf2ubw2v967","time":1610947607,"event":{"mods":["AlwaysNeverKeys","BaseMod","Better Altar","Better Vampires","Block Reminder","Colored Powertips","Downfall","Googly Eyes","Highlight Path","Minty Spire (QoL Compilation)","Permanent Neow","Potion Indicator Mod","Quick Restart","Relic Filter","Relic Stats","Say the Spire","Spicy Shops","StSLib","Waifu the Spire","everything is the same but u backflip on backflip"],"gold_per_floor":[99,110,129,129,143,43,68,27,39,52,52,77,93,543,563,660,660,460,480,430,446,446,54,54,54,65,65,81,99,84,94,109,109,109,109],"floor_reached":33,"language":"ENG","playtime":1689,"items_purged":["downfall:Icky"],"score":348,"play_id":"fc42a28f-2965-4c5a-bfe8-abc431f372d6","local_time":"20210118052647","is_ascension_mode":true,"campfire_choices":[{"floor":1,"key":"RECALL"},{"data":"Guardian:TwinSlam","floor":6,"key":"SMITH"},{"data":"Guardian:TimeSifter","floor":18,"key":"SMITH"},{"data":"Guardian:PrismaticBeam","floor":27,"key":"SMITH"}],"circlet_count":0,"master_deck":["Guardian:Strike_Guardian","Guardian:Strike_Guardian","Guardian:Strike_Guardian+1","Guardian:Strike_Guardian","Guardian:Defend_Guardian","Guardian:Defend_Guardian+1","Guardian:Defend_Guardian","Guardian:Defend_Guardian+1","Guardian:CurlUp","Guardian:TwinSlam+1","Guardian:SpikerProtocol","Guardian:PrismaticBeam+1","Guardian:Recover","Guardian:ShieldCharger","downfall:Malfunctioning","downfall:Icky","Guardian:TimeBomb","Guardian:TimeSifter+1","Guardian:FloatingOrbs","Guardian:TimeBomb","Guardian:FloatingOrbs","Guardian:Recover","Guardian:Gem_Crimson","Guardian:TemporalShield+1","Guardian:Clone+1"],"relics":["Busted Crown","downfall:ShatteredFragment","downfall:HeartBlessingRed","Dream Catcher","SlaversCollar","downfall:HeartBlessingGreen","downfall:HeartBlessingBlue","Akabeko","Bottled Tornado"],"acts_visited":["Exordium","TheCity"],"potions_floor_usage":[12,16,16,21,21,28,30,32,33,33,33],"damage_taken":[{"damage":0,"enemies":"2 Louse","floor":2,"turns":3},{"damage":7,"enemies":"Jaw Worm","floor":3,"turns":4},{"damage":5,"enemies":"Small Slimes","floor":5,"turns":3},{"damage":0,"enemies":"downfall:FleeingMerchant","floor":8,"turns":4},{"damage":3,"enemies":"Blue Slaver","floor":9,"turns":3},{"damage":7,"enemies":"Exordium Wildlife","floor":10,"turns":4},{"damage":0,"enemies":"3 Sentries","floor":12,"turns":6},{"damage":6,"enemies":"Lots of Slimes","floor":13,"turns":3},{"damage":13,"enemies":"Blue Slaver","floor":15,"turns":4},{"damage":2,"enemies":"IC_STATUS_ARCHETYPE","floor":16,"turns":6},{"damage":11,"enemies":"Spheric Guardian","floor":19,"turns":4},{"damage":13,"enemies":"Shelled Parasite and Fungi","floor":21,"turns":5},{"damage":0,"enemies":"downfall:FleeingMerchant","floor":23,"turns":4},{"damage":11,"enemies":"Centurion and Healer","floor":26,"turns":5},{"damage":24,"enemies":"Snake Plant","floor":28,"turns":4},{"damage":3,"enemies":"3 Cultists","floor":29,"turns":5},{"damage":0,"enemies":"downfall:FleeingMerchant","floor":30,"turns":4},{"damage":11,"enemies":"Centurion and Healer","floor":31,"turns":4},{"damage":20,"enemies":"Snake Plant","floor":32,"turns":4},{"damage":9,"enemies":"SI_MIRROR_ARCHETYPE","floor":33,"turns":2}],"seed_played":"8652853500063647309","potions_obtained":[{"floor":2,"key":"Fire Potion"},{"floor":3,"key":"Energy Potion"},{"floor":5,"key":"PowerPotion"},{"floor":15,"key":"Slimebound:ThreeZeroPotion"},{"floor":16,"key":"champ:CounterPotion"},{"floor":19,"key":"EntropicBrew"},{"floor":25,"key":"CultistPotion"},{"floor":26,"key":"ColorlessPotion"},{"floor":31,"key":"EssenceOfSteel"},{"floor":32,"key":"SpeedPotion"}],"is_trial":false,"path_per_floor":["R","M","M","?","M","R","T","$","M","M","?","E","M","?","M","B",null,"R","M","?","M","?","$","T","?","M","R","M","M","$","M","M","B"],"character_chosen":"GUARDIAN","items_purchased":["Guardian:ShieldCharger","Guardian:Gem_Yellow","Guardian:FloatingOrbs","Akabeko"],"campfire_rested":0,"item_purchase_floors":[8,23,23,23],"current_hp_per_floor":[80,80,73,49,44,44,44,44,41,34,34,34,28,28,15,13,63,73,62,90,77,77,77,77,77,66,66,42,39,39,28,8,0,0,0],"gold":109,"neow_bonus":"BOSS_RELIC","is_daily":false,"chose_seed":false,"campfire_upgraded":3,"win_rate":0.0,"timestamp":1610947607,"path_taken":["R","M","M","?","M","R","T","$","M","M","?","E","M","?","M","BOSS","R","M","?","M","?","$","T","?","M","R","M","M","$","M","M","BOSS"],"items_purchased_type":["Card","Card","Card","Relic"],"build_version":"2020-12-22","purchased_purges":1,"victory":false,"max_hp_per_floor":[80,80,80,80,80,80,80,80,80,80,80,80,80,80,80,80,80,90,90,90,90,90,90,90,90,90,90,90,90,90,90,90,90,90,90],"relic_stats":{"Dream Catcher":0,"Busted Crown":38,"counters":[20,81],"obtain_stats":[{"SlaversCollar":17,"Dream Catcher":12,"Busted Crown":0,"downfall:ShatteredFragment":4,"downfall:HeartBlessingRed":6,"downfall:HeartBlessingBlue":18,"Guardian:ModeShifter":0,"downfall:HeartBlessingGreen":18,"Bottled Tornado":24,"Akabeko":23},{"SlaversCollar":10,"Dream Catcher":7,"Busted Crown":0,"downfall:ShatteredFragment":2,"downfall:HeartBlessingRed":3,"downfall:HeartBlessingBlue":10,"Guardian:ModeShifter":0,"downfall:HeartBlessingGreen":10,"Bottled Tornado":13,"Akabeko":13},{"SlaversCollar":40,"Dream Catcher":27,"Busted Crown":0,"downfall:ShatteredFragment":7,"downfall:HeartBlessingRed":10,"downfall:HeartBlessingBlue":40,"Guardian:ModeShifter":0,"downfall:HeartBlessingGreen":40,"Bottled Tornado":53,"Akabeko":53}]},"card_choices":[{"not_picked":[],"picked":"Guardian:SpikerProtocol","floor":2},{"not_picked":[],"picked":"Guardian:PrismaticBeam","floor":3},{"not_picked":["Guardian:PrismaticBeam"],"picked":"SKIP","floor":5},{"not_picked":[],"picked":"Guardian:Recover","floor":8},{"not_picked":["Guardian:RollAttack"],"picked":"SKIP","floor":9},{"not_picked":["Guardian:BodySlam"],"picked":"SKIP","floor":10},{"not_picked":[],"picked":"Guardian:Gem_Fragmented","floor":12},{"not_picked":["Guardian:RefractedBeam"],"picked":"SKIP","floor":13},{"not_picked":[],"picked":"Guardian:TimeBomb","floor":15},{"not_picked":[],"picked":"Guardian:TimeSifter","floor":16},{"not_picked":["Guardian:RollAttack"],"picked":"SKIP","floor":19},{"not_picked":[],"picked":"Guardian:FloatingOrbs","floor":21},{"not_picked":[],"picked":"Guardian:TimeBomb","floor":23},{"not_picked":[],"picked":"Guardian:Recover","floor":26},{"not_picked":[],"picked":"Guardian:Gem_Crimson","floor":28},{"not_picked":[],"picked":"Guardian:TemporalShield+1","floor":29},{"not_picked":["Guardian:PrismaticBeam"],"picked":"SKIP","floor":30},{"not_picked":[],"picked":"Guardian:Clone+1","floor":31},{"not_picked":["Guardian:BodySlam"],"picked":"SKIP","floor":32}],"player_experience":1202476,"relics_obtained":[{"floor":12,"key":"Dream Catcher"},{"floor":24,"key":"Bottled Tornado"}],"event_choices":[],"is_beta":false,"boss_relics":[{"not_picked":["SacredBark","bronze:MakeshiftBattery"],"picked":"SlaversCollar"}],"items_purged_floors":[23],"is_endless":false,"potions_floor_spawned":[2,3,5,15,16,19,26,31,32],"killed_by":"SI_MIRROR_ARCHETYPE","ascension_level":5}}