{"host":"leop","time":1610992134,"event":{"mods":["ATMod(°¢èªMod)","Act Like it!","BaseMod","GifTheSpireLib","Minty Spire (QoL Compilation)","MostiFishMod","Shop Mod","Spicy Shops","StSLib","TestMod","The Alterego","[IsaacMod]ÒÔÈö¼âËþ","¡¾ÒÅÎï¿¨ÅÆ¡¿REMEMod"],"gold_per_floor":[-1288,-1275,-1259,-1248,-1248,-1248,-1173,-1138,-1115,-1115,-1080,-1080,-1053,-1021,-1021,-916,-916,13,29,44,63,81,120,120,139,187,198,198,236,270,303,303,405,405,429,442,308,329,345,370,370,387,410,440,469,483,515,1170,1170,1175,1175,1175,361,398,685],"floor_reached":56,"language":"ZHS","playtime":2788,"items_purged":["alterego_mod:Defend","alterego_mod:GoddessCore","alterego_mod:BrynhildrsRune","alterego_mod:BigMeatyClaws","alterego_mod:TrashNCrash+1"],"score":1738,"play_id":"028acd32-4d43-4305-b80c-8925c2b0c56b","local_time":"20210119014854","is_ascension_mode":true,"campfire_choices":[{"floor":6.0,"key":"RECALL"},{"data":"alterego_mod:PerceptionDisorder","floor":10.0,"key":"SMITH"},{"data":"alterego_mod:TrashNCrash","floor":12.0,"key":"SMITH"},{"data":"alterego_mod:TrashNCrash","floor":15.0,"key":"SMITH"},{"data":"alterego_mod:Vow","floor":24.0,"key":"SMITH"},{"data":"alterego_mod:Pet","floor":28.0,"key":"SMITH"},{"data":"alterego_mod:Venus","floor":32.0,"key":"SMITH"},{"data":"alterego_mod:Antipathy","floor":41.0,"key":"SMITH"},{"data":"alterego_mod:Impale","floor":49,"key":"SMITH"},{"data":"alterego_mod:Rip","floor":52,"key":"SMITH"}],"circlet_count":0,"master_deck":["alterego_mod:Impale+1","AT_FamilyPortrait+1","alterego_mod:BeGentle","alterego_mod:PerceptionDisorder+1","alterego_mod:BeGentle","alterego_mod:TrashNCrash+1","alterego_mod:Alter","alterego_mod:Rip+1","alterego_mod:1TonWallop+1","alterego_mod:Pet+1","alterego_mod:Lingerie","alterego_mod:Vow+1","alterego_mod:BoobPocket+1","alterego_mod:Venus+1","alterego_mod:SakuraFive","alterego_mod:Rake","alterego_mod:Birthday+1","alterego_mod:Antipathy+1","alterego_mod:Birthday+1","alterego_mod:Belts+1","alterego_mod:Belle+1","alterego_mod:Pet+1"],"relics":["testmod-TestBox","DaveBox","REME_ComplimentaryCards","AT_ATBox","HushsDoor","Chaos","testmod-DeterminationOfClimber","Philosopher\u0027s Stone","SynthV:MejaisSoulstealer","SynthV:TestCard","SalivaCoin","testmod-BouquetWithThorns","JudasShadow","testmod-CasingShield","Torii","testmod-NegativeEmotionEnhancer","testmod-Fortitude","testmod-Charity","Incense Burner","D6","Molten Egg 2","testmod-ArcanaOfDestiny","MerchantsRug","Smiling Mask","DoctorsRemote","AT_SilvercatRing","RhineFirstAidKit","HandDrill","Ying","testmod-TurbochargingSystem","MoneyPower","testmod-TheFather"],"acts_visited":["Exordium","TheCity","TheBeyond","TheEnding"],"potions_floor_usage":[48,48],"damage_taken":[{"damage":0.0,"enemies":"2 Louse","floor":1.0,"turns":1.0},{"damage":0.0,"enemies":"Cultist","floor":2.0,"turns":2.0},{"damage":0.0,"enemies":"Jaw Worm","floor":3.0,"turns":1.0},{"damage":7.0,"enemies":"3 Louse","floor":4.0,"turns":2.0},{"damage":0.0,"enemies":"Gremlin Nob","floor":8.0,"turns":3.0},{"damage":0.0,"enemies":"3 Sentries","floor":11.0,"turns":2.0},{"damage":5.0,"enemies":"Gremlin Gang","floor":13.0,"turns":2.0},{"damage":0.0,"enemies":"Lagavulin","floor":14.0,"turns":4.0},{"damage":0.0,"enemies":"Hexaghost","floor":16.0,"turns":5.0},{"damage":0.0,"enemies":"2 Thieves","floor":18.0,"turns":2.0},{"damage":0.0,"enemies":"Shell Parasite","floor":19.0,"turns":2.0},{"damage":0.0,"enemies":"Chosen and Byrds","floor":20.0,"turns":3.0},{"damage":0.0,"enemies":"Snake Plant","floor":21.0,"turns":3.0},{"damage":0.0,"enemies":"Centurion and Healer","floor":22.0,"turns":4.0},{"damage":0.0,"enemies":"Slavers","floor":23.0,"turns":3.0},{"damage":0.0,"enemies":"Cultist and Chosen","floor":25.0,"turns":2.0},{"damage":0.0,"enemies":"Snake Plant","floor":27.0,"turns":3.0},{"damage":1.0,"enemies":"Gremlin Leader","floor":29.0,"turns":1.0},{"damage":0.0,"enemies":"Chosen and Byrds","floor":30.0,"turns":2.0},{"damage":0.0,"enemies":"Slavers","floor":31.0,"turns":3.0},{"damage":0.0,"enemies":"Automaton","floor":33.0,"turns":2.0},{"damage":0.0,"enemies":"Orb Walker","floor":35.0,"turns":2.0},{"damage":0.0,"enemies":"3 Darklings","floor":36.0,"turns":2.0},{"damage":0.0,"enemies":"Maw","floor":38.0,"turns":1.0},{"damage":0.0,"enemies":"Writhing Mass","floor":39.0,"turns":1.0},{"damage":0.0,"enemies":"Reptomancer","floor":40.0,"turns":2.0},{"damage":0.0,"enemies":"Spire Growth","floor":42.0,"turns":1.0},{"damage":0.0,"enemies":"Nemesis","floor":44.0,"turns":1.0},{"damage":0.0,"enemies":"Transient","floor":45.0,"turns":3.0},{"damage":0.0,"enemies":"Jaw Worm Horde","floor":46.0,"turns":1.0},{"damage":0.0,"enemies":"Giant Head","floor":47.0,"turns":2.0},{"damage":0,"enemies":"2 Orb Walkers","floor":48,"turns":1},{"damage":0,"enemies":"Time Eater","floor":50,"turns":2},{"damage":0,"enemies":"Shield and Spear","floor":54,"turns":1},{"damage":129,"enemies":"Delirium","floor":55,"turns":14}],"seed_played":"-4964602097699165299","potions_obtained":[{"floor":8.0,"key":"Dexterity Potion"},{"floor":11.0,"key":"Regen Potion"},{"floor":14.0,"key":"Swift Potion"},{"floor":18.0,"key":"Fruit Juice"},{"floor":23.0,"key":"testmod-TimePotion"},{"floor":25.0,"key":"REME_GoldPotion"},{"floor":29.0,"key":"Energy Potion"},{"floor":30.0,"key":"EntropicBrew"},{"floor":31.0,"key":"ColorlessPotion"}],"is_trial":false,"path_per_floor":["M","M","M","M","?","R","?","E","T","R","E","R","M","E","R","B",null,"M","M","M","M","M","E","R","M","T","M","R","E","M","E","R","B",null,"M","M","$","M","M","E","R","M","T","E","M","M","E","?","R","B",null,"R","$","E","B",null],"character_chosen":"The_Alterego","items_purchased":["Damocles","testmod-ArcanaOfDestiny","MerchantsRug","Ying","testmod-TurbochargingSystem","Energy Potion","Explosive Potion","MoneyPower"],"campfire_rested":0,"item_purchase_floors":[17,37,37,53,53,53,53,53],"current_hp_per_floor":[70,70,70,64,64,64,53,55,55,55,56,56,53,56,56,63,55,55,55,55,58,59,60,60,61,61,67,67,4,16,20,20,22,18,17,26,29,34,38,41,41,44,45,49,61,67,74,79,79,83,83,83,83,88,209],"gold":685,"neow_bonus":"BOSS_RELIC","is_daily":false,"chose_seed":false,"campfire_upgraded":9,"win_rate":0.0,"timestamp":1610992134,"path_taken":["M","M","M","M","?","R","?","E","T","R","E","R","M","E","R","BOSS","M","M","M","M","M","E","R","M","T","M","R","E","M","E","R","BOSS","M","M","$","M","M","E","R","M","T","E","M","M","E","?","R","BOSS","R","$","E","BOSS"],"items_purchased_type":["Relic","Relic","Relic","Relic","Relic","Potion","Potion","Relic"],"build_version":"2020-12-18","purchased_purges":5,"victory":true,"max_hp_per_floor":[70,70,70,70,70,70,70,70,70,70,70,70,70,70,70,70,55,55,55,55,58,59,60,60,61,61,67,67,4,16,20,20,25,18,22,27,30,34,38,41,41,44,45,49,61,67,74,79,79,83,83,83,83,88,270],"card_choices":[{"not_picked":["alterego_mod:Cycle","alterego_mod:Punishment","alterego_mod:Clones"],"picked":"SKIP","floor":1.0},{"not_picked":["alterego_mod:Rip","alterego_mod:Support","alterego_mod:HighServant","alterego_mod:Complex"],"picked":"alterego_mod:BeGentle","floor":2.0},{"not_picked":["alterego_mod:Schoolgirl","Bomb","alterego_mod:Stockings","alterego_mod:HighServant"],"picked":"alterego_mod:PerceptionDisorder","floor":3.0},{"not_picked":["alterego_mod:IndependentAction","alterego_mod:Clones","alterego_mod:Punishment","alterego_mod:Crossover","alterego_mod:Pet"],"picked":"SKIP","floor":4.0},{"not_picked":["alterego_mod:BiFurious","alterego_mod:Complex","alterego_mod:Exercise","alterego_mod:Undulate","alterego_mod:Jiggle"],"picked":"SKIP","floor":8.0},{"not_picked":["alterego_mod:HighServant","alterego_mod:MaintainEyeContact","alterego_mod:Pet","alterego_mod:Complex"],"picked":"alterego_mod:TrashNCrash","floor":11.0},{"not_picked":["alterego_mod:PresenceConcealment","alterego_mod:Bloomers","alterego_mod:SideboobHour","alterego_mod:Cycle"],"picked":"alterego_mod:TrashNCrash","floor":13.0},{"not_picked":["alterego_mod:Mirror","alterego_mod:Rip","alterego_mod:Collar","alterego_mod:BeGentle","alterego_mod:Undulate"],"picked":"SKIP","floor":14.0},{"not_picked":["alterego_mod:Valkyrie","alterego_mod:STier","alterego_mod:PainIsPleasure","alterego_mod:Weigh"],"picked":"alterego_mod:Alter","floor":16.0},{"not_picked":["alterego_mod:TrashNCrash","alterego_mod:Mirror","alterego_mod:Punishment","alterego_mod:Nekomimi+1","alterego_mod:Belle"],"picked":"SKIP","floor":18.0},{"not_picked":["alterego_mod:MagicResistance","alterego_mod:BreastValley","alterego_mod:HighServant","alterego_mod:Jiggle+1","alterego_mod:Bloomers"],"picked":"SKIP","floor":19.0},{"not_picked":["alterego_mod:Punishment","alterego_mod:Undulate","alterego_mod:PresenceConcealment","alterego_mod:PainIsPleasure","alterego_mod:Skirt+1"],"picked":"SKIP","floor":20.0},{"not_picked":["alterego_mod:HighServant","alterego_mod:Bounce+1","alterego_mod:Santa+1","alterego_mod:Valentines","alterego_mod:BoobPocket"],"picked":"SKIP","floor":21.0},{"not_picked":["alterego_mod:TrashNCrash","alterego_mod:DeftHands","alterego_mod:SakuraLabyrinth","alterego_mod:Rip","alterego_mod:Punishment"],"picked":"SKIP","floor":22.0},{"not_picked":["alterego_mod:Smother","alterego_mod:Rip+1","alterego_mod:Mirror","alterego_mod:DeftHands"],"picked":"alterego_mod:Vow","floor":23.0},{"not_picked":["alterego_mod:Birthday","alterego_mod:Punishment","alterego_mod:Maid","alterego_mod:Undulate","alterego_mod:Jiggle"],"picked":"SKIP","floor":25.0},{"not_picked":["alterego_mod:Exercise","alterego_mod:Skirt+1","alterego_mod:DiscoLights","alterego_mod:DeftHands+1"],"picked":"alterego_mod:BoobPocket+1","floor":27.0},{"not_picked":["alterego_mod:GIGAMILK","alterego_mod:Pet","alterego_mod:Cycle","alterego_mod:DiscoLights"],"picked":"alterego_mod:Venus","floor":29.0},{"not_picked":["alterego_mod:RidiculouslyBig","alterego_mod:PerceptionDisorder","alterego_mod:Crossover","alterego_mod:Bunnysuit","alterego_mod:Support"],"picked":"SKIP","floor":30.0},{"not_picked":["alterego_mod:Rip+1","alterego_mod:MaintainEyeContact","alterego_mod:Valkyrie","alterego_mod:Table"],"picked":"alterego_mod:SakuraFive","floor":31.0},{"not_picked":["alterego_mod:RingBreak","alterego_mod:Venus","alterego_mod:Alter","alterego_mod:IdEs"],"picked":"alterego_mod:Rake","floor":33.0},{"not_picked":["alterego_mod:Rip+1","alterego_mod:Mirror+1","alterego_mod:IndependentAction","alterego_mod:RocketPunch+1","alterego_mod:RidiculouslyBig+1"],"picked":"SKIP","floor":35.0},{"not_picked":["alterego_mod:Jiggle","alterego_mod:Belts+1","alterego_mod:MagicResistance","alterego_mod:GachaTicket+1"],"picked":"alterego_mod:Birthday+1","floor":36.0},{"not_picked":["alterego_mod:Cycle+1","alterego_mod:Cooking+1","alterego_mod:Bounce+1","alterego_mod:Maid+1","alterego_mod:Alter"],"picked":"SKIP","floor":38.0},{"not_picked":["alterego_mod:1TonWallop+1","alterego_mod:Punishment+1","alterego_mod:Lingerie+1","alterego_mod:BeGentle","alterego_mod:Cooking"],"picked":"SKIP","floor":39.0},{"not_picked":["alterego_mod:BreastValley","alterego_mod:RocketPunch+1","alterego_mod:Cooking+1","alterego_mod:Jiggle+1"],"picked":"alterego_mod:Antipathy","floor":40.0},{"not_picked":["alterego_mod:PerceptionDisorder","alterego_mod:BusterCard+1","alterego_mod:Punishment","alterego_mod:Skirt+1"],"picked":"alterego_mod:Birthday+1","floor":42.0},{"not_picked":["alterego_mod:MagicResistance+1","alterego_mod:Venus+1","alterego_mod:Cooking","alterego_mod:BusterCard+1","alterego_mod:GoddessCore+1"],"picked":"SKIP","floor":44.0},{"not_picked":["alterego_mod:Jiggle","alterego_mod:BreastValley","alterego_mod:Clones+1","alterego_mod:Maid+1","alterego_mod:Cycle"],"picked":"SKIP","floor":45.0},{"not_picked":["alterego_mod:HighServant+1","alterego_mod:Skirt+1","alterego_mod:Cooking+1","alterego_mod:GoddessCore+1","alterego_mod:Clap+1"],"picked":"SKIP","floor":46.0},{"not_picked":["alterego_mod:VirginLaserPalladion+1","alterego_mod:Maid+1","alterego_mod:BiFurious+1","alterego_mod:Exercise+1"],"picked":"alterego_mod:Belts+1","floor":47.0},{"not_picked":["alterego_mod:Skirt+1","alterego_mod:Rip+1","alterego_mod:1TonWallop+1","alterego_mod:HighServant"],"picked":"alterego_mod:Belle+1","floor":48},{"not_picked":["alterego_mod:Punishment","alterego_mod:1TonWallop+1","alterego_mod:VirginLaserPalladion+1","alterego_mod:TrashNCrash+1"],"picked":"alterego_mod:Pet+1","floor":54}],"player_experience":1117150,"relics_obtained":[{"floor":1.0,"key":"SynthV:TestCard"},{"floor":11.0,"key":"SalivaCoin"},{"floor":14.0,"key":"testmod-BouquetWithThorns"},{"floor":18.0,"key":"testmod-CasingShield"},{"floor":19.0,"key":"Torii"},{"floor":21.0,"key":"testmod-NegativeEmotionEnhancer"},{"floor":22.0,"key":"Empty Cage"},{"floor":23.0,"key":"Pandora\u0027s Box"},{"floor":23.0,"key":"testmod-Fortitude"},{"floor":26.0,"key":"testmod-Charity"},{"floor":27.0,"key":"Incense Burner"},{"floor":29.0,"key":"D6"},{"floor":31.0,"key":"AT_SilverBalance"},{"floor":40.0,"key":"Smiling Mask"},{"floor":43.0,"key":"DoctorsRemote"},{"floor":44.0,"key":"AT_SilvercatRing"},{"floor":47.0,"key":"RhineFirstAidKit"},{"floor":48,"key":"HandDrill"},{"floor":54,"key":"testmod-TheFather"}],"event_choices":[{"damage_healed":0.0,"max_hp_gain":0.0,"max_hp_loss":0.0,"gold_gain":75.0,"event_name":"World of Goop","player_choice":"Gather Gold","floor":7.0,"gold_loss":0.0,"damage_taken":11.0},{"damage_healed":0,"gold_gain":0,"player_choice":"Fight","damage_taken":0,"max_hp_gain":0,"max_hp_loss":0,"event_name":"Mysterious Sphere","floor":48,"gold_loss":0}],"is_beta":true,"boss_relics":[{"not_picked":["testmod-Fanaticism","Ectoplasm"],"picked":"JudasShadow"},{"not_picked":[]},{"not_picked":["GuppysPaw","Nunchaku"],"picked":"Molten Egg 2"},{"not_picked":[]}],"items_purged_floors":[17,34,37,53,53],"is_endless":false,"potions_floor_spawned":[8,11,14,18,23,25,29,30,31,33,36,38,40,44],"ascension_level":1}}