{"host":"kzg3uglj8yekbxlz","time":1610965293,"event":{"mods":["Act Like it!","Alarm Clock","BaseMod","Better Synergies","Better Vampires","CapriCore","Curses Come First","Displayed Cursed Tome","Downfall","Evolution","FoggyMod","Gensokyo","Hallownest","Highlight Path","HumanHunterMod(怪物杀人mod)","KinomotoSakuraMod(木之本樱)","Koishi","Lobotomy","LobotomyExtend","Marisa（F雨　魔理沙）","Minty Spire (QoL Compilation)","Poem Panic","Poor People Problems","Prisma Mod","Shop Mod","StSLib","The Administrix","The Alterego","The Bug Knight","The Hierophant","The Immortal","TheWitcher","WarShipGirlsR/战舰少女R mod","Yuri Mod","残留之物"],"gold_per_floor":[99,99,117,27,27,42,42,42,42,42,42,42,61,86,98,98,98],"floor_reached":16,"language":"ZHS","playtime":1629,"items_purged":["bronze:Goto"],"score":98,"play_id":"d514edb7-0dfc-4047-b535-eb86dd32d0fe","local_time":"20210118182133","is_ascension_mode":false,"campfire_choices":[{"floor":1,"key":"RECALL"}],"circlet_count":0,"master_deck":["bronze:Replicate","bronze:FineTuning","bronze:Hardcode","bronze:Optimize","bronze:Return","bronze:BitShift","bronze:Constructor","bronze:Hardcode","bronze:DarkDash","bronze:FineTuning","Pain","bronze:RecursiveStrike","Gensokyo:CrescentMoonSlash","bronze:ForLoop","bronze:OilSpill","bronze:Overload"],"relics":["bronze:BronzeCore","EVO:Axolotl","PoemPanic:PoemPanicRelic","Gensokyo:Mercy","LetterFromLob","Frozen Egg 2","Gensokyo:LunaticRedEyes","Turnip"],"acts_visited":["Exordium"],"potions_floor_usage":[],"damage_taken":[{"damage":0,"enemies":"Gensokyo:3_Fairies","floor":3,"turns":4},{"damage":0,"enemies":"downfall:FleeingMerchant","floor":4,"turns":4},{"damage":0,"enemies":"Gensokyo:Gryphon","floor":6,"turns":3},{"damage":14,"enemies":"Gensokyo:Python","floor":13,"turns":3},{"damage":23,"enemies":"Gensokyo:Aya","floor":14,"turns":5},{"damage":12,"enemies":"Gensokyo:2_Rabbits","floor":15,"turns":4},{"damage":24,"enemies":"DF_ARCHETYPE_STREAMLINE","floor":16,"turns":3}],"seed_played":"-7833345667376624595","potions_obtained":[{"floor":3,"key":"Slimebound:ThreeZeroPotion"},{"floor":6,"key":"Slimebound:ThreeZeroPotion"},{"floor":15,"key":"Weak Potion"}],"is_trial":false,"path_per_floor":["R","?","M","$","?","M","T","T","?","?","?","?","M","E","M","B"],"character_chosen":"THE_AUTOMATON","items_purchased":[],"campfire_rested":0,"item_purchase_floors":[],"current_hp_per_floor":[70,70,70,70,70,70,70,70,70,70,60,68,54,31,19,0,0],"gold":98,"neow_bonus":"","is_daily":false,"chose_seed":false,"campfire_upgraded":0,"win_rate":0.0,"timestamp":1610965293,"path_taken":["R","?","?","?","?","?","T","?","?","?","?","?","?","E","M","BOSS"],"items_purchased_type":[],"build_version":"2020-12-22","purchased_purges":1,"victory":false,"max_hp_per_floor":[70,70,70,70,70,70,70,70,70,70,70,70,70,70,70,70,70],"card_choices":[{"not_picked":["bronze:FineTuning","bronze:Frontload"],"picked":"bronze:DarkDash","floor":3},{"not_picked":["bronze:WhirlingStrike","bronze:Return"],"picked":"bronze:FineTuning","floor":4},{"not_picked":["bronze:BitShift","bronze:OilSpill","bronze:Repair"],"picked":"SKIP","floor":6},{"not_picked":[],"picked":"bronze:RecursiveStrike","floor":10},{"not_picked":["bronze:Frontload","bronze:Invalidate"],"picked":"bronze:ForLoop","floor":13},{"not_picked":["bronze:Iterate","bronze:Boost"],"picked":"bronze:OilSpill","floor":14},{"not_picked":["bronze:Invalidate","bronze:BitShift"],"picked":"bronze:Overload","floor":15}],"player_experience":628513,"relics_obtained":[{"floor":3,"key":"LetterFromLob"},{"floor":8,"key":"Frozen Egg 2"},{"floor":14,"key":"Turnip"}],"event_choices":[],"is_beta":false,"boss_relics":[],"items_purged_floors":[4],"is_endless":false,"potions_floor_spawned":[3,6,15],"killed_by":"DF_ARCHETYPE_STREAMLINE","ascension_level":0}}