{"host":"baymyijz6sxaqj5s","time":1610993930,"event":{"mods":["AchievementEnabler","BaseMod","Colored Map","Colored Powertips","DeckTracker","Highlight Path","KOR Keyword Fix","Keyboard Shortcuts","Minty Spire (QoL Compilation)","StSLib","SuperFastMode","everything is the same but u backflip on backflip"],"gold_per_floor":[110,124,124,141,141,141,141,152,171,194,194,210,220,220,234,234,234,234],"floor_reached":17,"language":"KOR","playtime":443,"items_purged":[],"score":111,"play_id":"c0bbcdd6-f0d6-4839-9562-5ea61403ddd7","local_time":"20210119031850","is_ascension_mode":true,"campfire_choices":[{"data":"Shrug It Off","floor":7,"key":"SMITH"},{"data":"Bash","floor":11,"key":"SMITH"},{"data":"Sword Boomerang","floor":14,"key":"SMITH"},{"floor":16,"key":"REST"}],"circlet_count":0,"master_deck":["Strike_R","Strike_R","Strike_R","Defend_R","Defend_R","Defend_R","Defend_R","Bash+1","Shrug It Off+1","Burning Pact","Sword Boomerang+1","Shrug It Off"],"relics":["Burning Blood","Juzu Bracelet"],"acts_visited":["Exordium"],"potions_floor_usage":[8,17],"damage_taken":[{"damage":8,"enemies":"Jaw Worm","floor":1,"turns":4},{"damage":5,"enemies":"2 Louse","floor":2,"turns":4},{"damage":1,"enemies":"Cultist","floor":4,"turns":4},{"damage":15,"enemies":"3 Louse","floor":8,"turns":5},{"damage":9,"enemies":"Large Slime","floor":9,"turns":10},{"damage":10,"enemies":"Lots of Slimes","floor":12,"turns":8},{"damage":3,"enemies":"Blue Slaver","floor":13,"turns":8},{"damage":46,"enemies":"Large Slime","floor":15,"turns":7},{"damage":64,"enemies":"The Guardian","floor":17,"turns":15}],"seed_played":"-6587960653758680370","potions_obtained":[{"floor":2,"key":"Block Potion"},{"floor":4,"key":"SneckoOil"},{"floor":12,"key":"Explosive Potion"}],"is_trial":false,"path_per_floor":["M","M","?","M","?","?","R","M","M","T","R","M","M","R","M","R","B"],"character_chosen":"IRONCLAD","items_purchased":[],"campfire_rested":1,"item_purchase_floors":[],"current_hp_per_floor":[86,87,92,93,86,86,86,77,74,74,74,70,73,73,33,60,0,0],"gold":234,"neow_bonus":"TEN_PERCENT_HP_BONUS","is_daily":false,"chose_seed":false,"campfire_upgraded":3,"win_rate":0.0,"timestamp":1610993930,"path_taken":["M","M","?","M","?","?","R","?","M","T","R","M","M","R","M","R","BOSS"],"items_purchased_type":[],"build_version":"2020-12-22","purchased_purges":0,"victory":false,"max_hp_per_floor":[88,88,93,93,93,93,93,93,93,93,93,93,93,93,93,93,93,93],"card_choices":[{"not_picked":["Clash","Perfected Strike","Cleave"],"picked":"SKIP","floor":1},{"not_picked":["Wild Strike","Dual Wield","Perfected Strike"],"picked":"SKIP","floor":2},{"not_picked":["Thunderclap","Rage"],"picked":"Shrug It Off","floor":4},{"not_picked":["Headbutt","Dual Wield","Iron Wave"],"picked":"SKIP","floor":8},{"not_picked":["Clash","Brutality","Pommel Strike"],"picked":"SKIP","floor":9},{"not_picked":["Dark Embrace","Burning Pact","Second Wind"],"picked":"SKIP","floor":12},{"not_picked":["Dark Embrace","Second Wind"],"picked":"Burning Pact","floor":12},{"not_picked":["Rage","Perfected Strike"],"picked":"Sword Boomerang","floor":13},{"not_picked":["Anger","Clothesline"],"picked":"Shrug It Off","floor":15}],"player_experience":57781,"relics_obtained":[{"floor":10,"key":"Juzu Bracelet"}],"event_choices":[{"damage_healed":0,"gold_gain":0,"player_choice":"Donut","damage_taken":0,"max_hp_gain":5,"max_hp_loss":0,"event_name":"Big Fish","floor":3,"gold_loss":0},{"cards_removed":["Strike_R"],"damage_healed":0,"gold_gain":0,"player_choice":"Card Removal","damage_taken":7,"max_hp_gain":0,"max_hp_loss":0,"event_name":"Golden Wing","floor":5,"gold_loss":0},{"cards_removed":["Strike_R"],"damage_healed":0,"gold_gain":0,"player_choice":"Offered Basic","damage_taken":0,"max_hp_gain":0,"max_hp_loss":0,"event_name":"Bonfire Elementals","floor":6,"gold_loss":0}],"is_beta":false,"boss_relics":[],"items_purged_floors":[],"is_endless":false,"potions_floor_spawned":[2,4,12],"killed_by":"The Guardian","ascension_level":2}}