{"host":"rzpi613efy9j52u4","time":1610942604,"event":{"mods":["BaseMod","Colored Powertips","Downfall","Minty Spire (QoL Compilation)","Rare Cards Sparkle","StSLib","The Necromancer"],"gold_per_floor":[99,116,116,291,291,309,335,335,38,38,38,50,35,52,69,69,69,69],"floor_reached":16,"language":"ENG","playtime":1257,"items_purged":[],"score":90,"play_id":"24b44b47-a0c4-453a-9b69-cc4ad239c1ce","local_time":"20210117230324","is_ascension_mode":false,"campfire_choices":[{"data":"Guardian:CurlUp","floor":1,"key":"SMITH"},{"data":"Guardian:CrystalBeam","floor":8,"key":"SMITH"},{"floor":10,"key":"REST"}],"circlet_count":0,"master_deck":["Guardian:Strike_Guardian","Guardian:Strike_Guardian","Guardian:Strike_Guardian","Guardian:Strike_Guardian+1","Guardian:Defend_Guardian","Guardian:Defend_Guardian","Guardian:Defend_Guardian","Guardian:Defend_Guardian+1","Guardian:CurlUp+1","Guardian:TwinSlam+1","downfall:Malfunctioning","Doubt","Guardian:Gem_Yellow","Guardian:Gem_Yellow","Guardian:CrystalBeam+1","Guardian:SpikerProtocol","Guardian:Incinerate","expansioncontent:HyperBeam","Guardian:VentSteam","Guardian:Gem_Purple","Guardian:Suspension","Guardian:TemporalStrike","Guardian:ShieldCharger"],"relics":["Guardian:ModeShifter","Guardian:PickAxe","PreservedInsect","Dream Catcher"],"acts_visited":["Exordium"],"potions_floor_usage":[16,16,16],"damage_taken":[{"damage":11,"enemies":"Jaw Worm","floor":2,"turns":4},{"damage":5,"enemies":"Jaw Worm","floor":5,"turns":5},{"damage":0,"enemies":"Small Slimes","floor":6,"turns":4},{"damage":5,"enemies":"downfall:FleeingMerchant","floor":9,"turns":4},{"damage":2,"enemies":"2 Louse","floor":12,"turns":2},{"damage":10,"enemies":"downfall:FleeingMerchant","floor":13,"turns":4},{"damage":8,"enemies":"3 Louse","floor":14,"turns":4},{"damage":7,"enemies":"Blue Slaver","floor":15,"turns":4},{"damage":35,"enemies":"WA_ARCHETYPE_RETAIN","floor":16,"turns":9}],"seed_played":"3354016674647011463","potions_obtained":[{"floor":6,"key":"FearPotion"},{"floor":12,"key":"SkillPotion"},{"floor":14,"key":"ColorlessPotion"}],"is_trial":false,"path_per_floor":["R","M","?","?","?","M","T","R","$","R","?","M","$","M","M","B"],"character_chosen":"GUARDIAN","items_purchased":["Dream Catcher","Guardian:Incinerate","expansioncontent:HyperBeam"],"campfire_rested":1,"item_purchase_floors":[9,9,9],"current_hp_per_floor":[88,77,77,77,30,30,30,30,25,51,51,49,39,31,24,0,0,0],"gold":69,"neow_bonus":"TEN_PERCENT_HP_BONUS","is_daily":false,"chose_seed":false,"campfire_upgraded":2,"win_rate":0.0,"timestamp":1610942604,"path_taken":["R","M","?","?","?","M","T","R","?","R","?","M","$","?","M","BOSS"],"items_purchased_type":["Relic","Card","Card"],"build_version":"2020-12-13","purchased_purges":0,"victory":false,"max_hp_per_floor":[88,88,88,88,88,88,88,88,88,88,88,88,88,88,88,88,88,88],"card_choices":[{"not_picked":["Guardian:WalkerClaw","Guardian:Incinerate"],"picked":"Guardian:Gem_Crimson","floor":2},{"not_picked":["Guardian:ArmoredProtocol","Guardian:Reroute"],"picked":"Guardian:CrystalBeam","floor":6},{"not_picked":["Guardian:Gem_Green","Guardian:Gem_Lightblue"],"picked":"Guardian:SpikerProtocol","floor":9},{"not_picked":["Guardian:ChargeCore","Guardian:CrystalBeam"],"picked":"Guardian:VentSteam","floor":10},{"not_picked":["Guardian:Preprogram","Guardian:PiercingHide"],"picked":"Guardian:Gem_Purple","floor":12},{"not_picked":["Guardian:PiercingHide","Guardian:SpikerProtocol"],"picked":"Guardian:Suspension","floor":13},{"not_picked":["Guardian:TemporalShield","Guardian:BodySlam"],"picked":"Guardian:TemporalStrike","floor":14},{"not_picked":["Guardian:RollAttack","Guardian:BodySlam"],"picked":"Guardian:ShieldCharger","floor":15}],"player_experience":23556,"relics_obtained":[{"floor":7,"key":"PreservedInsect"}],"event_choices":[],"is_beta":false,"boss_relics":[],"items_purged_floors":[],"is_endless":false,"potions_floor_spawned":[6,12,14,15],"killed_by":"WA_ARCHETYPE_RETAIN","ascension_level":0}}