{"host":"qrbkigq52dd42dk0","time":1610990481,"event":{"mods":["AchievementEnabler","BaseMod","Colored Map","Colored Powertips","Minty Spire (QoL Compilation)","Quick Restart","StSLib","SuperFastMode","The IronCluck"],"gold_per_floor":[110,110,110,126,126,155,175,175,202,17,17,17,51,69,69,145,145,165,12,22,22,22],"floor_reached":21,"language":"ENG","playtime":762,"items_purged":[],"score":350,"play_id":"ce97da03-9113-462d-a746-483353950227","local_time":"20210118182121","is_ascension_mode":true,"campfire_choices":[{"data":"Inflame","floor":8.0,"key":"SMITH"},{"data":"Apotheosis","floor":11.0,"key":"SMITH"},{"floor":15,"key":"RECALL"}],"circlet_count":0,"master_deck":["AscendersBane","Strike_R","Strike_R","Strike_R","Strike_R","Strike_R","Defend_R+1","Defend_R","Defend_R","Defend_R+1","Bash","Body Slam","Inflame+1","Offering","Apotheosis+1","Barricade","Juggernaut","Flame Barrier"],"relics":["Burning Blood","NeowsBlessing","War Paint","Paper Frog","Bottled Flame","Mark of Pain","Membership Card"],"acts_visited":["Exordium","TheCity"],"potions_floor_usage":[21,21],"damage_taken":[{"damage":0.0,"enemies":"Cultist","floor":1.0,"turns":1.0},{"damage":0.0,"enemies":"Small Slimes","floor":4.0,"turns":1.0},{"damage":0.0,"enemies":"3 Sentries","floor":6.0,"turns":1.0},{"damage":6.0,"enemies":"Jaw Worm","floor":7.0,"turns":3.0},{"damage":16.0,"enemies":"Gremlin Nob","floor":13.0,"turns":3.0},{"damage":7,"enemies":"2 Fungi Beasts","floor":14,"turns":3},{"damage":44,"enemies":"Hexaghost","floor":16,"turns":8},{"damage":22,"enemies":"Chosen","floor":18,"turns":6},{"damage":51,"enemies":"Shell Parasite","floor":20,"turns":6},{"damage":28,"enemies":"Snake Plant","floor":21,"turns":4}],"seed_played":"-5620347925605206960","potions_obtained":[{"floor":3.0,"key":"FairyPotion"},{"floor":3.0,"key":"EntropicBrew"}],"is_trial":false,"path_per_floor":["M","$","?","M","$","E","M","R","T","$","R","?","E","M","R","B",null,"M","$","M","M"],"character_chosen":"IRONCLAD","items_purchased":["Apotheosis","Membership Card"],"campfire_rested":0,"item_purchase_floors":[10,19],"current_hp_per_floor":[78,78,78,80,80,80,80,80,80,80,80,80,70,69,69,31,68,52,52,7,4,4],"gold":22,"neow_bonus":"THREE_ENEMY_KILL","is_daily":false,"chose_seed":false,"campfire_upgraded":2,"win_rate":0.0,"timestamp":1610990481,"path_taken":["M","$","?","?","$","E","M","R","T","?","R","?","E","M","R","BOSS","M","$","?","M"],"items_purchased_type":["Card","Relic"],"build_version":"2020-12-22","purchased_purges":0,"victory":false,"max_hp_per_floor":[80,80,80,80,80,80,80,80,80,80,80,80,80,80,80,80,80,80,80,80,80,80],"card_choices":[{"not_picked":["Havoc","Headbutt"],"picked":"Body Slam","floor":1.0},{"not_picked":["Armaments","Iron Wave"],"picked":"Inflame","floor":4.0},{"not_picked":["True Grit","Infernal Blade"],"picked":"Offering","floor":6.0},{"not_picked":["Cleave","Disarm","Clothesline"],"picked":"SKIP","floor":7.0},{"not_picked":["Warcry","Sentinel"],"picked":"Barricade","floor":13},{"not_picked":["Armaments","Havoc","Searing Blow"],"picked":"SKIP","floor":14},{"not_picked":["Exhume","Barricade"],"picked":"Juggernaut","floor":16},{"not_picked":["Pommel Strike","Armaments"],"picked":"Flame Barrier","floor":18},{"not_picked":["Perfected Strike+1","Intimidate","Iron Wave"],"picked":"SKIP","floor":20}],"player_experience":177041,"relics_obtained":[{"floor":6.0,"key":"War Paint"},{"floor":12.0,"key":"Paper Frog"},{"floor":13,"key":"Bottled Flame"}],"event_choices":[{"damage_healed":0.0,"max_hp_gain":0.0,"max_hp_loss":0.0,"gold_gain":0.0,"event_name":"Lab","player_choice":"Got Potions","floor":3.0,"gold_loss":0.0,"damage_taken":0.0},{"damage_healed":0.0,"max_hp_gain":0.0,"max_hp_loss":0.0,"gold_gain":0.0,"event_name":"Wheel of Change","player_choice":"Relic","floor":12.0,"gold_loss":0.0,"damage_taken":0.0}],"is_beta":false,"boss_relics":[{"not_picked":["Philosopher\u0027s Stone","SlaversCollar"],"picked":"Mark of Pain"}],"items_purged_floors":[],"is_endless":false,"potions_floor_spawned":[4,7,13,18],"killed_by":"Snake Plant","ascension_level":13}}