{"host":"o5jvvi5yapo90aia","time":1610940383,"event":{"mods":["BaseMod","CapriCore","Minty Spire (QoL Compilation)","MostiFishMod","Prisma Mod","Spicy Shops","StSLib","TestMod","The Immortal","Yakumo Yukari mod","【人物mod】游戏王New YuGiOh mod","【功能Mod】Neow奖励"],"gold_per_floor":[114,139,162,162,162,139,134,105,128,128,128,152,164,139,151,247,259,256,183,176,188,198,198,224,224,224,224,239,299,333,389,389,501,501,533,533,568,580,611,668,719,778,801,801,1159,1159,1198,1258,1258,1275,1291,1291,1291,1291,1340,1345],"floor_reached":57,"language":"ZHS","playtime":1831,"items_purged":["Pain","Pain","Strike_R","Sword Boomerang"],"score":4135,"play_id":"3f4ce6f7-70a3-48fd-a527-c9cab0990093","local_time":"20210118112623","is_ascension_mode":true,"campfire_choices":[{"data":"Strike_R","floor":13,"key":"PURGE"},{"data":"Strike_R","floor":15,"key":"PURGE"},{"data":"Strike_R","floor":23,"key":"PURGE"},{"data":"Bash","floor":25,"key":"PURGE"},{"data":"Writhe","floor":32,"key":"PURGE"},{"floor":44,"key":"RECALL"},{"data":"Defend_R","floor":49,"key":"PURGE"},{"data":"Defend_R","floor":53,"key":"PURGE"}],"circlet_count":0,"master_deck":["AscendersBane","Defend_R","Defend_R","MostiFishMod:StoryBook","MostiFishMod:FlyOverUtopia+1","testmod-AutoReboundSystem+1","Feel No Pain","MostiFishMod:OrdinaryWorld+1","testmod-FightingIntention+1","MostiFishMod:404NotFound+1","Corruption+1","Entrench"],"relics":["DaveBox","testmod-TestBox","RhineCircuit","DiscerningMonocle","testmod-TurbochargingSystem","SynthV:TestCard","Ying","Toy Ornithopter","testmod-CyclicPeriapt","Sling","Du-Vu Doll","White Beast Statue","testmod-LifeArmor","Oddly Smooth Stone","BirthdayGift-Icosahedron","Blood Vial","Pear","Mercury Hourglass","SynthV:C4","BrkXgEgg","Golden Idol","MawBank","HaiYi:Twilight","MealTicket","Paper Frog","testmod-Acrobat","WingedGreaves","Molten Egg 2","Toolbox","Singing Bowl","testmod-FatalChain","testmod-Alchemist","Potion Belt","testmod-Prudence","SynthV","ChiLing","Chi","Ling","Red Skull","Frozen Egg 2","Vajra","Centennial Puzzle","Anchor","Sundial","Kunai","Bronze Scales","Old Coin","CeramicFish","Ornamental Fan","Medical Kit","Akabeko","testmod-IntensifyImprint","Gremlin Horn","Bag of Marbles","Eternal Feather"],"acts_visited":["Exordium","TheCity","TheBeyond","TheEnding"],"potions_floor_usage":[5,35,56,56,56],"damage_taken":[{"damage":6,"enemies":"Cultist","floor":1,"turns":3},{"damage":0,"enemies":"Jaw Worm","floor":2,"turns":3},{"damage":1,"enemies":"2 Louse","floor":3,"turns":4},{"damage":0,"enemies":"Lagavulin","floor":6,"turns":2},{"damage":0,"enemies":"Looter","floor":7,"turns":2},{"damage":15,"enemies":"3 Sentries","floor":8,"turns":6},{"damage":4,"enemies":"Gremlin Nob","floor":12,"turns":2},{"damage":0,"enemies":"Gremlin Gang","floor":14,"turns":1},{"damage":0,"enemies":"Slime Boss","floor":16,"turns":3},{"damage":0,"enemies":"Chosen","floor":18,"turns":1},{"damage":0,"enemies":"Spheric Guardian","floor":20,"turns":1},{"damage":0,"enemies":"Cultist and Chosen","floor":22,"turns":1},{"damage":0,"enemies":"Slavers","floor":24,"turns":1},{"damage":0,"enemies":"Sentry and Sphere","floor":28,"turns":2},{"damage":6,"enemies":"Book of Stabbing","floor":29,"turns":1},{"damage":0,"enemies":"Centurion and Healer","floor":30,"turns":1},{"damage":0,"enemies":"Slavers","floor":31,"turns":1},{"damage":0,"enemies":"Champ","floor":33,"turns":2},{"damage":0,"enemies":"3 Darklings","floor":35,"turns":1},{"damage":0,"enemies":"Orb Walker","floor":37,"turns":1},{"damage":6,"enemies":"Transient","floor":38,"turns":2},{"damage":0,"enemies":"3 Darklings","floor":39,"turns":1},{"damage":0,"enemies":"Reptomancer","floor":40,"turns":1},{"damage":0,"enemies":"Nemesis","floor":41,"turns":1},{"damage":0,"enemies":"Reptomancer","floor":42,"turns":1},{"damage":0,"enemies":"Nemesis","floor":45,"turns":1},{"damage":0,"enemies":"4 Shapes","floor":47,"turns":1},{"damage":3,"enemies":"Giant Head","floor":48,"turns":2},{"damage":2,"enemies":"Donu and Deca","floor":50,"turns":1},{"damage":0,"enemies":"Time Eater","floor":51,"turns":1},{"damage":1,"enemies":"Shield and Spear","floor":55,"turns":1},{"damage":4,"enemies":"The Heart","floor":56,"turns":2}],"seed_played":"1543199991405419235","potions_obtained":[{"floor":6,"key":"CultistPotion"},{"floor":8,"key":"testmod-EscapePotion"},{"floor":29,"key":"FearPotion"},{"floor":31,"key":"GamblersBrew"},{"floor":33,"key":"Block Potion"},{"floor":35,"key":"testmod-SpacePotion"},{"floor":37,"key":"Block Potion"},{"floor":38,"key":"DistilledChaos"},{"floor":40,"key":"LiquidMemories"},{"floor":42,"key":"PowerPotion"},{"floor":47,"key":"LiquidMemories"}],"is_trial":false,"path_per_floor":["M","M","M","?","$","E","M","E","T","$","?","E","R","M","R","B",null,"M","?","M","$","M","R","E","R","T","?","M","E","M","E","R","B",null,"M","$","M","M","M","E","E","E","T","R","E","?","M","E","R","B","B",null,"R","$","E","B",null],"character_chosen":"IRONCLAD","items_purchased":["Ying","Toy Ornithopter","testmod-CyclicPeriapt","Sling","Du-Vu Doll","testmod-SpacePotion","MostiFishMod:StoryBook","PowerPotion","BirthdayGift-Icosahedron","Blood Vial","Pear","Mercury Hourglass","SynthV:C4","BrkXgEgg","MostiFishMod:FlyOverUtopia+1","testmod-AutoReboundSystem+1","Paper Frog","testmod-Acrobat","WingedGreaves","testmod-FightingIntention+1","Molten Egg 2","Toolbox","SynthV","ChiLing","Red Skull","Frozen Egg 2","Vajra","Centennial Puzzle","Medical Kit","Akabeko","testmod-IntensifyImprint","Gremlin Horn","Bag of Marbles"],"campfire_rested":0,"item_purchase_floors":[5,5,5,5,5,5,5,5,10,10,10,10,10,10,10,10,21,21,21,21,21,21,36,36,36,36,36,36,54,54,54,54,54],"current_hp_per_floor":[62,64,65,65,70,72,74,60,60,70,41,42,42,47,47,52,77,85,85,85,85,85,85,87,87,87,87,87,89,91,93,93,93,93,95,95,97,99,101,103,105,107,107,107,107,107,109,111,111,111,111,111,111,111,113,113],"gold":1345,"neow_bonus":"BOSS_RELIC","is_daily":false,"chose_seed":false,"campfire_upgraded":0,"win_rate":0.0,"timestamp":1610940383,"path_taken":["M","?","M","?","$","E","M","E","T","?","?","E","R","M","R","BOSS","M","?","M","$","M","R","E","R","T","?","M","E","M","E","R","BOSS","M","$","M","M","M","E","E","E","T","R","E","?","?","E","R","BOSS","BOSS","R","$","E","BOSS"],"items_purchased_type":["Relic","Relic","Relic","Relic","Relic","Potion","Card","Potion","Relic","Relic","Relic","Relic","Relic","Relic","Card","Card","Relic","Relic","Relic","Card","Relic","Relic","Relic","Relic","Relic","Relic","Relic","Relic","Relic","Relic","Relic","Relic","Relic"],"build_version":"2020-12-22","purchased_purges":4,"victory":true,"max_hp_per_floor":[75,75,75,75,75,75,75,75,75,85,85,85,85,85,85,85,85,85,85,85,85,85,85,87,87,87,87,87,89,91,93,93,93,93,95,95,97,99,101,103,105,107,107,107,107,107,109,111,111,111,111,111,111,111,113,113],"card_choices":[{"not_picked":["Flex","Clothesline","Cleave"],"picked":"SKIP","floor":1},{"not_picked":["Headbutt","Battle Trance","Shrug It Off","Armaments"],"picked":"Sword Boomerang","floor":2},{"not_picked":["Shockwave","Heavy Blade","Shrug It Off","Corruption","Disarm"],"picked":"SKIP","floor":3},{"not_picked":["Shockwave","Heavy Blade","Shrug It Off","Corruption","Disarm"],"picked":"SKIP","floor":3},{"not_picked":["Body Slam","Reckless Charge","Anger","Pommel Strike","MostiFishMod:PerfectStrikeMKII"],"picked":"SKIP","floor":6},{"not_picked":["Body Slam","Reckless Charge","Anger","Pommel Strike","MostiFishMod:PerfectStrikeMKII"],"picked":"SKIP","floor":6},{"not_picked":["Cleave","Pommel Strike","Seeing Red","Flex","Armaments"],"picked":"SKIP","floor":7},{"not_picked":["Havoc","Battle Trance","Anger","Body Slam","Warcry"],"picked":"SKIP","floor":8},{"not_picked":["True Grit","Hemokinesis","Flame Barrier","Armaments","Disarm"],"picked":"SKIP","floor":12},{"not_picked":["Heavy Blade","Havoc","Combust","Flex"],"picked":"Feel No Pain","floor":14},{"not_picked":["Bludgeon+1","MostiFishMod:ChineseTea+1","MostiFishMod:HellRitual+1","Double Tap+1"],"picked":"MostiFishMod:OrdinaryWorld+1","floor":16},{"not_picked":["Anger","Heavy Blade","True Grit","Power Through+1","Perfected Strike"],"picked":"SKIP","floor":18},{"not_picked":["Uppercut+1","Clothesline","Heavy Blade","Warcry","Headbutt+1"],"picked":"SKIP","floor":20},{"not_picked":["Pommel Strike+1","Wild Strike+1","Shrug It Off","Disarm","Headbutt+1"],"picked":"SKIP","floor":22},{"not_picked":["Dark Embrace","Flame Barrier","Evolve","Armaments","Cleave+1"],"picked":"Singing Bowl","floor":24},{"not_picked":["Twin Strike+1","Entrench","Anger+1","Clash+1"],"picked":"MostiFishMod:404NotFound+1","floor":28},{"not_picked":["Shrug It Off","Thunderclap+1","Intimidate","Pummel+1","Twin Strike+1"],"picked":"Singing Bowl","floor":29},{"not_picked":["Power Through","Ghostly Armor","Clothesline+1","Battle Trance","Heavy Blade+1"],"picked":"Singing Bowl","floor":30},{"not_picked":["Warcry","Flex","Iron Wave+1","Pommel Strike+1","Evolve"],"picked":"Singing Bowl","floor":31},{"not_picked":["Feed+1","MostiFishMod:UltimateDefense+1","Exhume+1","MostiFishMod:Chiaki+1"],"picked":"Corruption+1","floor":33},{"not_picked":["Power Through+1","Perfected Strike+1","Shrug It Off","Wild Strike+1","Anger+1"],"picked":"Singing Bowl","floor":35},{"not_picked":["Havoc","Twin Strike+1","Body Slam+1","Second Wind","True Grit"],"picked":"Singing Bowl","floor":37},{"not_picked":["Headbutt+1","Combust+1","Armaments","Heavy Blade+1","Anger+1"],"picked":"Singing Bowl","floor":38},{"not_picked":["Clash+1","Burning Pact","MostiFishMod:NewArrival+1","Armaments","Flex+1"],"picked":"Singing Bowl","floor":39},{"not_picked":["Warcry","Flex","Pommel Strike+1","Anger+1","Armaments+1"],"picked":"Singing Bowl","floor":40},{"not_picked":["MostiFishMod:HellRitual+1","Feel No Pain+1","Perfected Strike+1","Blood for Blood+1","Headbutt+1"],"picked":"Singing Bowl","floor":41},{"not_picked":["Iron Wave+1","Cleave+1","MostiFishMod:WingOfPhoenix+1","Demon Form+1","MostiFishMod:DarkDeal+1"],"picked":"Singing Bowl","floor":42},{"not_picked":["Dropkick+1","Uppercut+1","Rampage+1","Sword Boomerang+1"],"picked":"Entrench","floor":45},{"not_picked":["Intimidate","Second Wind+1","Flex","Armaments","Combust+1"],"picked":"Singing Bowl","floor":47},{"not_picked":["Sword Boomerang+1","MostiFishMod:Chiaki+1","Twin Strike+1","Inflame+1","Anger+1"],"picked":"Singing Bowl","floor":48},{"not_picked":["Whirlwind+1","Carnage+1","Spot Weakness","MostiFishMod:TemporaryOutbreak+1","Warcry"],"picked":"Singing Bowl","floor":55}],"player_experience":1460628,"relics_obtained":[{"floor":1,"key":"SynthV:TestCard"},{"floor":6,"key":"White Beast Statue"},{"floor":8,"key":"testmod-LifeArmor"},{"floor":9,"key":"Oddly Smooth Stone"},{"floor":12,"key":"MawBank"},{"floor":24,"key":"Singing Bowl"},{"floor":29,"key":"testmod-Alchemist"},{"floor":31,"key":"Potion Belt"},{"floor":40,"key":"Anchor"},{"floor":41,"key":"Sundial"},{"floor":42,"key":"Kunai"},{"floor":43,"key":"Bronze Scales"},{"floor":45,"key":"Old Coin"},{"floor":48,"key":"Ornamental Fan"},{"floor":55,"key":"Eternal Feather"}],"event_choices":[{"cards_removed":["Strike_R"],"damage_healed":0,"gold_gain":0,"player_choice":"Purged","damage_taken":0,"max_hp_gain":0,"max_hp_loss":0,"event_name":"Purifier","floor":4,"gold_loss":0},{"damage_healed":0,"gold_gain":0,"player_choice":"Take Damage","damage_taken":29,"relics_obtained":["Golden Idol"],"max_hp_gain":0,"max_hp_loss":0,"event_name":"Golden Idol","floor":11,"gold_loss":0},{"damage_healed":0,"gold_gain":0,"player_choice":"Obtained Relic","damage_taken":0,"relics_obtained":["MealTicket"],"max_hp_gain":0,"max_hp_loss":0,"event_name":"Addict","floor":19,"gold_loss":85},{"damage_healed":0,"gold_gain":0,"player_choice":"Opened","damage_taken":0,"relics_obtained":["testmod-FatalChain"],"max_hp_gain":0,"max_hp_loss":0,"event_name":"The Mausoleum","floor":27,"gold_loss":0,"cards_obtained":["Writhe"]},{"damage_healed":0,"gold_gain":0,"player_choice":"Gave Potion","damage_taken":0,"relics_obtained":["CeramicFish"],"max_hp_gain":0,"max_hp_loss":0,"event_name":"WeMeetAgain","floor":46,"gold_loss":0}],"is_beta":false,"boss_relics":[{"not_picked":["Velvet Choker","testmod-HarvestTotem"],"picked":"HaiYi:Twilight"},{"not_picked":["SacredBark","GreenFoldingFan"],"picked":"testmod-Prudence"}],"items_purged_floors":[5,10,21,36],"is_endless":false,"potions_floor_spawned":[6,7,8,12,14,16,18,20,22,24,28,29,30,31,33,35,37,38,39,40,41,42,45,47,48,55],"ascension_level":20}}