{"host":"f5mjulaw5aqlqmd7","time":1610946290,"event":{"mods":["Act Like it!","BaseMod","Colored Map","GifTheSpireLib","Hallownest","Minty Spire (QoL Compilation)","StSLib"],"gold_per_floor":[116,116,291,308,24,54,68,68,68,68,98,98,110,131,131,229,229,243,243,243,96,108,108,108],"floor_reached":23,"language":"ENG","playtime":1764,"items_purged":["Regret"],"score":222,"play_id":"8d174bd1-7b4e-461c-aa78-b8b7101ec8a7","local_time":"20210118000450","is_ascension_mode":false,"campfire_choices":[{"data":"Noxious Fumes","floor":8,"key":"SMITH"},{"floor":15,"key":"REST"}],"circlet_count":0,"master_deck":["Strike_G","Strike_G","Strike_G","Strike_G","Strike_G","Defend_G","Defend_G","Defend_G","Defend_G","Defend_G","Survivor","Neutralize","Infinite Blades","Bane","Noxious Fumes+1","Backstab","Dramatic Entrance","Catalyst","Slice+1","Noxious Fumes","Dash+1","Envenom","Dash+1","Catalyst","Quick Slash+1","Dagger Spray+1","Catalyst+1","Deadly Poison","All Out Attack+1"],"relics":["Ring of the Snake","NeowsBlessing","CaptainsWheel","Molten Egg 2","Question Card","The Specimen","Peace Pipe","Odd Mushroom","Fusion Hammer","Orrery"],"acts_visited":["Exordium","TheCity"],"potions_floor_usage":[],"damage_taken":[{"damage":0.0,"enemies":"Small Slimes","floor":1.0,"turns":1.0},{"damage":0,"enemies":"Jaw Worm","floor":4,"turns":1},{"damage":0,"enemies":"Lagavulin","floor":6,"turns":1},{"damage":0,"enemies":"2 Louse","floor":7,"turns":1},{"damage":16,"enemies":"3 Sentries","floor":11,"turns":6},{"damage":10,"enemies":"Looter","floor":13,"turns":2},{"damage":9,"enemies":"The Mushroom Lair","floor":14,"turns":4},{"damage":11,"enemies":"Slime Boss","floor":16,"turns":9},{"damage":27,"enemies":"2 Thieves","floor":18,"turns":4},{"damage":0,"enemies":"3 Byrds","floor":22,"turns":3},{"damage":49,"enemies":"Slavers","floor":23,"turns":2}],"seed_played":"3847315972427994374","potions_obtained":[{"floor":4,"key":"Dexterity Potion"},{"floor":14,"key":"Explosive Potion"},{"floor":16,"key":"Ancient Potion"}],"is_trial":false,"path_per_floor":["M","?","?","M","$","E","M","R","T","T","E","?","M","?","R","B",null,"M","?","?","$","M","E"],"character_chosen":"THE_SILENT","items_purchased":["Noxious Fumes","Backstab","Dramatic Entrance","Orrery"],"campfire_rested":1,"item_purchase_floors":[5,5,5,21],"current_hp_per_floor":[70,70,70,70,70,70,70,70,70,70,54,47,37,28,49,38,70,43,43,43,43,43,0,0],"gold":108,"neow_bonus":"THREE_ENEMY_KILL","is_daily":false,"chose_seed":false,"campfire_upgraded":1,"win_rate":0.0,"timestamp":1610946290,"path_taken":["M","?","?","M","$","E","M","R","T","?","E","?","M","?","R","BOSS","M","?","?","$","M","E"],"items_purchased_type":["Card","Card","Card","Relic"],"build_version":"2020-12-22","purchased_purges":1,"victory":false,"max_hp_per_floor":[70,70,70,70,70,70,70,70,70,70,70,70,70,70,70,70,70,70,70,70,70,70,70,70],"card_choices":[{"not_picked":["PiercingWail","Finisher"],"picked":"Infinite Blades","floor":1.0},{"not_picked":["All Out Attack","Dagger Spray"],"picked":"Bane","floor":4},{"not_picked":["Doppelganger","Dash+1"],"picked":"Catalyst","floor":6},{"not_picked":["Well Laid Plans","Underhanded Strike+1"],"picked":"Eviscerate+1","floor":7},{"not_picked":["Underhanded Strike+1","Bane+1","Well Laid Plans"],"picked":"Slice+1","floor":11},{"not_picked":["Sucker Punch+1","Eviscerate+1","Flechettes+1"],"picked":"Noxious Fumes","floor":13},{"not_picked":["Blade Dance","Outmaneuver","Footwork"],"picked":"Dash+1","floor":14},{"not_picked":["Wraith Form v2","Phantasmal Killer","Tools of the Trade"],"picked":"Envenom","floor":16},{"not_picked":["Prepared","Sucker Punch+1","Tactician+1"],"picked":"Dash+1","floor":18},{"not_picked":["Reflex+1","Underhanded Strike+1","PiercingWail"],"picked":"Catalyst","floor":21},{"not_picked":["Outmaneuver","Slice+1","Dodge and Roll"],"picked":"Quick Slash+1","floor":21},{"not_picked":["Deflect","Dodge and Roll+1","Dagger Throw+1"],"picked":"Dagger Spray+1","floor":21},{"not_picked":["Deadly Poison","Quick Slash+1","Blur"],"picked":"Catalyst+1","floor":21},{"not_picked":["Glass Knife+1","Dodge and Roll","Quick Slash+1"],"picked":"Deadly Poison","floor":21},{"not_picked":["Slice+1","Deflect","Flying Knee+1"],"picked":"All Out Attack+1","floor":22}],"player_experience":11787,"relics_obtained":[{"floor":6,"key":"Molten Egg 2"},{"floor":9,"key":"Question Card"},{"floor":10,"key":"The Specimen"},{"floor":11,"key":"Peace Pipe"},{"floor":14,"key":"Odd Mushroom"}],"event_choices":[{"damage_healed":0,"gold_gain":0,"player_choice":"Box","damage_taken":0,"relics_obtained":["CaptainsWheel"],"max_hp_gain":0,"max_hp_loss":0,"event_name":"Big Fish","floor":2,"gold_loss":0,"cards_obtained":["Regret"]},{"damage_healed":0,"gold_gain":175,"player_choice":"AGREE","damage_taken":0,"max_hp_gain":0,"max_hp_loss":0,"event_name":"Liars Game","floor":3,"gold_loss":0,"cards_obtained":["Doubt"]},{"cards_removed":["Doubt"],"damage_healed":0,"gold_gain":0,"player_choice":"Card Removal","damage_taken":7,"max_hp_gain":0,"max_hp_loss":0,"event_name":"Golden Wing","floor":12,"gold_loss":0},{"damage_healed":0,"gold_gain":0,"player_choice":"Fought Mushrooms","damage_taken":0,"max_hp_gain":0,"max_hp_loss":0,"event_name":"Mushrooms","floor":14,"gold_loss":0},{"damage_healed":0,"gold_gain":0,"player_choice":"Ignored","damage_taken":0,"max_hp_gain":0,"max_hp_loss":0,"event_name":"Beggar","floor":19,"gold_loss":0},{"cards_removed":["Eviscerate"],"damage_healed":0,"gold_gain":0,"player_choice":"Purged","damage_taken":0,"max_hp_gain":0,"max_hp_loss":0,"event_name":"Purifier","floor":20,"gold_loss":0}],"is_beta":false,"boss_relics":[{"not_picked":["Philosopher\u0027s Stone","Runic Pyramid"],"picked":"Fusion Hammer"}],"items_purged_floors":[5],"is_endless":false,"potions_floor_spawned":[4,14,16,22],"killed_by":"Slavers","ascension_level":0}}