{"host":"7vyuhf36gh5rmcz2","time":1610951160,"event":{"mods":["AchievementEnabler","BaseMod","Highlight Path","Minty Spire (QoL Compilation)","StSLib"],"gold_per_floor":[115,115,36,36,11,37,37,63,63,77,87,87,119,149,149,149,149],"floor_reached":16,"language":"ENG","playtime":806,"items_purged":[],"score":249,"play_id":"b2bde178-8d71-4d16-8317-6f461e7ad627","local_time":"20210118062600","is_ascension_mode":true,"campfire_choices":[{"data":"Zap","floor":7,"key":"SMITH"},{"data":"Genetic Algorithm","floor":12,"key":"SMITH"},{"floor":15,"key":"REST"}],"circlet_count":0,"master_deck":["AscendersBane","Strike_B","Strike_B+1","Strike_B","Strike_B","Defend_B","Defend_B+1","Defend_B","Defend_B","Zap+1","Dualcast","Streamline","Genetic Algorithm+1","Compile Driver+1","Ball Lightning+1","Capacitor","Genetic Algorithm","Reboot","White Noise"],"relics":["Cracked Core","NeowsBlessing","Molten Egg 2","Omamori","Strawberry","Bag of Preparation","Meat on the Bone"],"acts_visited":["Exordium"],"potions_floor_usage":[13],"damage_taken":[{"damage":0,"enemies":"Small Slimes","floor":1,"turns":1},{"damage":0,"enemies":"Gremlin Nob","floor":6,"turns":1},{"damage":0,"enemies":"Lagavulin","floor":8,"turns":1},{"damage":9,"enemies":"Jaw Worm","floor":10,"turns":3},{"damage":0,"enemies":"Cultist","floor":11,"turns":2},{"damage":20,"enemies":"3 Sentries","floor":13,"turns":8},{"damage":43,"enemies":"Slime Boss","floor":16,"turns":6}],"seed_played":"-2522406731584496098","potions_obtained":[{"floor":10,"key":"Swift Potion"},{"floor":11,"key":"ColorlessPotion"}],"is_trial":false,"path_per_floor":["M","?","$","?","$","E","R","E","T","M","M","R","E","?","R","B"],"character_chosen":"DEFECT","items_purchased":["Genetic Algorithm","Compile Driver+1"],"campfire_rested":1,"item_purchase_floors":[3,5],"current_hp_per_floor":[68,53,53,35,35,35,35,42,42,33,33,33,13,13,37,0,0],"gold":149,"neow_bonus":"THREE_ENEMY_KILL","is_daily":false,"chose_seed":false,"campfire_upgraded":2,"win_rate":0.0,"timestamp":1610951160,"path_taken":["M","?","$","?","$","E","R","E","T","?","M","R","E","?","R","BOSS"],"items_purchased_type":["Card","Card"],"build_version":"2020-12-22","purchased_purges":0,"victory":false,"max_hp_per_floor":[75,75,75,75,75,75,75,82,82,82,82,82,82,82,82,82,82],"card_choices":[{"not_picked":["Go for the Eyes","Darkness"],"picked":"Streamline","floor":1},{"not_picked":["Heatsinks","Turbo"],"picked":"Ball Lightning+1","floor":6},{"not_picked":["Melter+1","Sweeping Beam+1"],"picked":"Capacitor","floor":8},{"not_picked":["Stack","Force Field"],"picked":"Genetic Algorithm","floor":10},{"not_picked":["Undo","Hologram"],"picked":"Reboot","floor":11},{"not_picked":["Streamline+1","Heatsinks"],"picked":"White Noise","floor":13}],"player_experience":516660,"relics_obtained":[{"floor":6,"key":"Omamori"},{"floor":8,"key":"Strawberry"},{"floor":9,"key":"Bag of Preparation"},{"floor":13,"key":"Meat on the Bone"}],"event_choices":[{"damage_healed":0,"gold_gain":0,"player_choice":"Entered Light","damage_taken":15,"max_hp_gain":0,"max_hp_loss":0,"event_name":"Shining Light","floor":2,"gold_loss":0,"cards_upgraded":["Defend_B","Strike_B"]},{"damage_healed":0,"gold_gain":0,"player_choice":"Success","damage_taken":18,"relics_obtained":["Molten Egg 2"],"max_hp_gain":0,"max_hp_loss":0,"event_name":"Scrap Ooze","floor":4,"gold_loss":0},{"damage_healed":0,"gold_gain":30,"player_choice":"Searched \u00271\u0027 times","damage_taken":0,"max_hp_gain":0,"max_hp_loss":0,"event_name":"Dead Adventurer","floor":14,"gold_loss":0}],"is_beta":false,"boss_relics":[],"items_purged_floors":[],"is_endless":false,"potions_floor_spawned":[10,11],"killed_by":"Slime Boss","ascension_level":10}}