{"host":"54jr43vd79817238","time":1610966796,"event":{"mods":["100% Spire Juice","ATMod(阿瑾Mod)","Act Like it!","Arknights The Spire","Aspiration","BaseMod","CapriCore","Dota2Spire","Friendly Minions","Gensokyo","Hallownest","Hermit","Jedi Mod","KinomotoSakuraMod(木之本樱)","Koishi","Lobotomy","LobotomyExtend","Mari Mod (Legacy)","Mari\u0027s V1 Patch","Marisa（F雨　魔理沙）","Minty Spire (QoL Compilation)","MostiFishMod","Quarter Circle Forward PUNCH!","Replay The Spire","Robot Space Explorer","RumiaBox-露米娅的神秘盒子","Spicy Shops","StSLib","TestMod","The Dragon Tamer","The Marked","WarShipGirlsR/战舰少女R mod","Yakumo Yukari mod","Youmu（魂魄妖梦）","vexMod","【遗物卡牌】REMEMod"],"gold_per_floor":[130,130,430,126,141,141,141,141,157,184,184,184,184,200,200,123,123,220,220,231,241,241,53,53,84,84,114,114,114,143,157,167,167,167,263,263,281,299,299,178,228,228,263,263,263,283,294,294,329,341,439,439,439,439,439,6,39,39],"floor_reached":59,"language":"ZHS","playtime":3374,"items_purged":["Shame","Hallownest:curseDreamersLament"],"score":1556,"play_id":"50b6c271-5713-4828-b3be-370aa1780b3e","local_time":"20210118184636","is_ascension_mode":true,"campfire_choices":[{"floor":6,"key":"RECALL"},{"data":"Creative AI","floor":13,"key":"SMITH"},{"data":"CommonSense_AntiCommonSense_purple","floor":15,"key":"SMITH"},{"data":"Photoelasticity_Doppler_Effect_purple","floor":17,"key":"SMITH"},{"data":"Theboundaryofcreation_purpleEX","floor":26,"key":"SMITH"},{"data":"Nest_LightFlightworm_purple","floor":29,"key":"SMITH"},{"data":"Human_Monster_Realm_purple","floor":34,"key":"SMITH"},{"floor":42,"key":"REST"},{"data":"AT_FamilyPortrait","floor":48,"key":"SMITH"},{"data":"WangLiang_OokamiKakushi_purple","floor":55,"key":"SMITH"}],"circlet_count":0,"master_deck":["AT_purpleEX+1","AT_purpleEX","AT_purpleEX","Defend_purpleEX","Defend_purpleEX","Defend_purpleEX","Defend_purpleEX","Observe_purple_1","Observe_purple_2","AT_FamilyPortrait+1","Creative AI+1","Anti_communist_purple","Line_surface_state_purple","CommonSense_AntiCommonSense_purple+1","WorldDissolvedintheRealm_purple","Photoelasticity_Doppler_Effect_purple+1","DarkRealmRedLine_purple+1","Mirror_FormAndEmptin_purple","Boundary_of_Extermination_purpleEX","Theboundaryofcreation_purpleEX+1","Mirror_FourBoundary_purple","Nest_LightFlightworm_purple+1","StateErode_purple","Boundary_of_Extermination_purpleEX","Boundary_of_Extermination_purpleEX","Human_Monster_Realm_purple+1","ButterflyHabitatTemple_purple","Realm_recovery_purpleEX+1","Shallow_ocean_purpleEX","DimensionStaggered_purple+1","WangLiang_OokamiKakushi_purple+1","Bait_HighSpeedFlying_purple+1","Mirror_WaveAndshot_purple+1","Mirror_FourBoundary_purple","ExternalForce_HighSpeedFlying_purple","ExistenceContinue_purple+1","DarkRealmRedLine_purple","WeekHit_purple+1","MagicEyes_LaplaceDemon_purple","StateErode_purple","Umbrella_purple","MNeedle_purple+1","DimensionStaggered_purple"],"relics":["Boundary_crack","testmod-TestBox","DaveBox","REME_ComplimentaryCards","AT_ATBox","testmod-TurbochargingSystem","SynthV","BargainBundle","AT_ForceNature","Dota2Spire:CrimsonGuard","Prayer Wheel","RhineSuit","Hallownest:WatcherSealRelic","Pondfish Scales","Parasol_purpleEX","Dota2Spire:DrumOfEndurance","Bottled Flame","Whetstone","AddBug","Bottled Flame","AT_RedNoBalance","CatCart","HornCleat","qcfpunch:Black_Training_Shirt","Orichalcum","RhineSuit","Replay:Baseball","vexMod:BarristanHead","testmod-Nyarlathotep"],"acts_visited":["Gensokyo:Gensokyo","Hallownest:CityofTears","TheBeyond","TheEnding"],"potions_floor_usage":[10,10,16,18,35,41,41,41,50,50,52,58,58,58],"damage_taken":[{"damage":0,"enemies":"Gensokyo:2_Kodama","floor":1,"turns":3},{"damage":0,"enemies":"Gensokyo:Python","floor":5,"turns":4},{"damage":0,"enemies":"Gensokyo:3_Fairies","floor":9,"turns":3},{"damage":0,"enemies":"Gensokyo:Mamizou","floor":10,"turns":7},{"damage":0,"enemies":"Gensokyo:VengefulSpirit","floor":12,"turns":5},{"damage":0,"enemies":"Gensokyo:3_Kodama","floor":14,"turns":3},{"damage":20,"enemies":"Gensokyo:Yukari","floor":18,"turns":7},{"damage":0,"enemies":"Hallownest:3_Youths","floor":20,"turns":6},{"damage":12,"enemies":"Hallownest:2_Mistakes","floor":21,"turns":5},{"damage":0,"enemies":"Hallownest:Nosk","floor":25,"turns":7},{"damage":19,"enemies":"Hallownest:eliteWatcherKnight","floor":27,"turns":10},{"damage":0,"enemies":"Hallownest:eliteSoulWarrior","floor":30,"turns":4},{"damage":0,"enemies":"Hallownest:monsterShrumalOgre","floor":31,"turns":3},{"damage":0,"enemies":"Hallownest:3_Mistakes","floor":32,"turns":5},{"damage":26,"enemies":"Hallownest:BossGrimm","floor":35,"turns":9},{"damage":0,"enemies":"Orb Walker","floor":37,"turns":2},{"damage":0,"enemies":"3 Shapes","floor":38,"turns":1},{"damage":0,"enemies":"Orin","floor":41,"turns":8},{"damage":1,"enemies":"R_Hoarder","floor":43,"turns":2},{"damage":0,"enemies":"Transient","floor":46,"turns":5},{"damage":0,"enemies":"Writhing Mass","floor":47,"turns":2},{"damage":0,"enemies":"Giant Head","floor":49,"turns":1},{"damage":4,"enemies":"Maw","floor":50,"turns":5},{"damage":9,"enemies":"Time Eater","floor":52,"turns":4},{"damage":0,"enemies":"Shield and Spear","floor":57,"turns":1},{"damage":10,"enemies":"The Heart","floor":58,"turns":5}],"seed_played":"606013010904346602","potions_obtained":[{"floor":1,"key":"FairyPotion"},{"floor":18,"key":"Fruit Juice"},{"floor":27,"key":"testmod-TimePotion"},{"floor":30,"key":"PowerPotion"},{"floor":38,"key":"Fire Potion"},{"floor":41,"key":"EntropicBrew"},{"floor":50,"key":"DistilledChaos"}],"is_trial":false,"path_per_floor":["M","?","?","$","M","R","PTL","PTL","M","E","T","M","R","M","R","$","R","B",null,"M","M","?","$","?","E","R","E","T","R","E","M","M","?","R","B",null,"M","M","?","$","?","R","E","$","T","M","M","R","E","M","R","B",null,null,"R","$","E","B",null],"character_chosen":"Youkari","items_purchased":["BargainBundle","AT_ForceNature","EssenceOfSteel","FearPotion","Line_surface_state_purple","CommonSense_AntiCommonSense_purple","WorldDissolvedintheRealm_purple","testmod-SpacePotion","Pondfish Scales","AT_SilverBalance","Replay:Baseball","vexMod:BarristanHead","Block Potion","Elixir"],"campfire_rested":1,"item_purchase_floors":[4,4,4,4,4,4,4,16,23,40,56,56,56,56],"current_hp_per_floor":[70,63,63,63,65,65,65,65,69,70,70,70,70,70,70,70,70,63,75,75,68,68,68,68,75,75,63,63,63,74,75,75,75,75,74,75,75,75,75,75,38,60,36,36,36,42,42,42,42,38,38,29,29,75,75,75,75,75],"gold":39,"neow_bonus":"REMOVE_CARD","is_daily":false,"chose_seed":false,"campfire_upgraded":8,"win_rate":0.0,"timestamp":1610966796,"path_taken":["M","?","?","?","M","R","PTL","PTL","M","E","T","M","M","?","R","?","R","BOSS","M","M","?","$","?","E","R","E","T","R","E","?","M","?","R","BOSS","M","M","?","$","?","R","E","?","T","M","M","R","E","M","R","BOSS","R","$","E","BOSS"],"items_purchased_type":["Relic","Relic","Potion","Potion","Card","Card","Card","Potion","Relic","Relic","Relic","Relic","Potion","Potion"],"build_version":"2020-12-22","purchased_purges":2,"victory":true,"max_hp_per_floor":[70,70,70,70,70,70,70,70,70,70,70,70,70,70,70,70,70,75,75,75,75,75,75,75,75,75,75,75,75,75,75,75,75,75,75,75,75,75,75,75,75,75,75,75,75,75,75,75,75,75,75,75,75,75,75,75,75,75],"card_choices":[{"not_picked":["Boundary_DynamicStaticEquilibrium_purple","RealityDreamConfluencek_purple"],"picked":"Anti_communist_purple","floor":1},{"not_picked":["SfantasyHide_purple","WingOfChimera_purple"],"picked":"Photoelasticity_Doppler_Effect_purple","floor":5},{"not_picked":["WatchEChange_purple","Mirror_FormAndEmptin_purple"],"picked":"DarkRealmRedLine_purple","floor":9},{"not_picked":["Boundary_ObjectiveBoundary_purple","Worldmountain_purple"],"picked":"Mirror_FormAndEmptin_purple","floor":10},{"not_picked":["SfantasyHide_purple","Extrememeaning_purpleEX"],"picked":"Boundary_of_Extermination_purpleEX","floor":14},{"not_picked":["ContainerChange_purple","Boundary_DynamicStaticEquilibrium_purple","StateDuplicate_purple"],"picked":"SKIP","floor":14},{"not_picked":["Boundary_LifeAndDeath_purple","D_absorption_purple"],"picked":"Theboundaryofcreation_purpleEX","floor":18},{"not_picked":["DimensionStaggered_purple","RuleDissolution_purple+1"],"picked":"Mirror_FourBoundary_purple","floor":20},{"not_picked":["SfantasyHide_purple+1","WatchEChange_purple+1"],"picked":"Nest_LightFlightworm_purple","floor":20},{"not_picked":["Worldmountain_purple","SharpContractionReality_purple"],"picked":"StateErode_purple","floor":21},{"not_picked":["RuptureOfTimeAndSpace_purple","Realm_recovery_purpleEX"],"picked":"Boundary_of_Extermination_purpleEX","floor":21},{"not_picked":["DimensionStaggered_purple","ExternalForce_HighSpeedFlying_purple"],"picked":"Boundary_of_Extermination_purpleEX","floor":25},{"not_picked":["SharpContractionReality_purple","SfantasyHide_purple","PurpleNeedle_purple"],"picked":"SKIP","floor":27},{"not_picked":["Shallow_ocean_purpleEX","ButterflyHabitatTemple_purple"],"picked":"Human_Monster_Realm_purple","floor":30},{"not_picked":["Photoelasticity_Doppler_Effect_purple","Umbrella_purple"],"picked":"ButterflyHabitatTemple_purple","floor":31},{"not_picked":["StateDuplicate_purple","MeetDecomposer_purple+1"],"picked":"Realm_recovery_purpleEX+1","floor":31},{"not_picked":["Yakumo_Ran_purple","StateErode_purple"],"picked":"Shallow_ocean_purpleEX","floor":32},{"not_picked":["Umbrella_purple","WangLiang_LineAndCurveDreams_purple"],"picked":"DimensionStaggered_purple+1","floor":32},{"not_picked":["Human_Monster_Realm_purple","MagicEyes_LaplaceDemon_purple"],"picked":"WangLiang_OokamiKakushi_purple","floor":35},{"not_picked":["StateErode_purple+1","ButterflyHabitatTemple_purple"],"picked":"Bait_HighSpeedFlying_purple+1","floor":37},{"not_picked":["Nest_LightFlightworm_purple+1","DimensionStaggered_purple+1"],"picked":"Mirror_WaveAndshot_purple+1","floor":37},{"not_picked":["ExistenceContinue_purple","Worldmountain_purple"],"picked":"Mirror_FourBoundary_purple","floor":38},{"not_picked":["Mirror_FormAndEmptin_purple","Worldmountain_purple+1","MeetDecomposer_purple"],"picked":"SKIP","floor":38},{"not_picked":["RealityDreamConfluencek_purple","AdvanceAttack_purple"],"picked":"ExternalForce_HighSpeedFlying_purple","floor":41},{"not_picked":["SfantasyHide_purple","WingOfChimera_purple+1"],"picked":"ExistenceContinue_purple+1","floor":43},{"not_picked":["OpenedBox_purple","Umbrella_purple+1"],"picked":"DarkRealmRedLine_purple","floor":46},{"not_picked":["WorldDissolvedintheRealm_purple","Boundary_LightAndDark_purple+1"],"picked":"WeekHit_purple+1","floor":46},{"not_picked":["Fantasy_PerpetualMotionMachine_purple+1","Boundary_LightAndDark_purple"],"picked":"MagicEyes_LaplaceDemon_purple","floor":47},{"not_picked":["WorldDissolvedintheRealm_purple","SharpContractionReality_purple"],"picked":"StateErode_purple","floor":47},{"not_picked":["SfantasyHide_purple","RuleDissolution_purple"],"picked":"Umbrella_purple","floor":49},{"not_picked":["StateErode_purple","RuleDissolution_purple"],"picked":"MNeedle_purple+1","floor":50},{"not_picked":["ButterflyHabitatTemple_purple+1","MNeedle_purple"],"picked":"DimensionStaggered_purple","floor":50},{"not_picked":["Mirror_WaveAndshot_purple","SharpContractionReality_purple","SfantasyHide_purple+1"],"picked":"SKIP","floor":57}],"player_experience":252098,"relics_obtained":[{"floor":10,"key":"Dota2Spire:CrimsonGuard"},{"floor":25,"key":"Parasol_purpleEX"},{"floor":27,"key":"Dota2Spire:DrumOfEndurance"},{"floor":28,"key":"Bottled Flame"},{"floor":30,"key":"Whetstone"},{"floor":37,"key":"Bottled Flame"},{"floor":41,"key":"CatCart"},{"floor":43,"key":"HornCleat"},{"floor":45,"key":"qcfpunch:Black_Training_Shirt"},{"floor":49,"key":"Orichalcum"},{"floor":50,"key":"RhineSuit"},{"floor":57,"key":"testmod-Nyarlathotep"}],"event_choices":[{"damage_healed":0,"gold_gain":300,"player_choice":"Sell","damage_taken":0,"max_hp_gain":0,"max_hp_loss":0,"event_name":"恩洛斯的盘子","floor":3,"relics_lost":["Memoryfragments_purpleEX"],"gold_loss":0},{"damage_healed":0,"gold_gain":0,"player_choice":"Fight","damage_taken":0,"max_hp_gain":0,"max_hp_loss":0,"event_name":"OrinTheCat","floor":41,"gold_loss":0}],"is_beta":false,"boss_relics":[{"not_picked":["jedi:paperlyon","TimeKeys"],"picked":"RhineSuit"},{"not_picked":["RhineCircuit","vexMod:EndlessSickness"],"picked":"AddBug"}],"items_purged_floors":[4,23],"is_endless":false,"potions_floor_spawned":[1,12,18,20,27,30,35,38,41,49,50,57],"ascension_level":1}}