{"host":"45go8t6659233n49","time":1610959342,"event":{"mods":["AchievementEnabler","BaseMod","Colored Map","Downfall","Duelist Mod","GifTheSpireLib","Infinite Spire","Minty Spire (QoL Compilation)","StSLib"],"gold_per_floor":[99,109,109,126,12,12,37,72,72,99,111,126,126,13,27,27,27,27],"floor_reached":16,"language":"ENG","playtime":1422,"items_purged":["downfall:Malfunctioning"],"score":110,"play_id":"0a4f510b-5578-41e9-b1ae-751255c1f54b","local_time":"20210118194222","is_ascension_mode":false,"campfire_choices":[{"data":"champ:Taunt","floor":1,"key":"SMITH"},{"data":"champ:HeartStrike","floor":6,"key":"SMITH"},{"floor":13,"key":"REST"}],"circlet_count":0,"master_deck":["champ:Strike+1","champ:Strike","champ:Strike","champ:Strike","champ:Defend+1","champ:Defend","champ:Defend+1","champ:Execute","champ:Taunt+1","champ:HeartStrike+1","champ:GutPunch","champ:Shatter","champ:Backstep","champ:Haymaker","champ:GladiatorForm","champ:BringItOn","champ:EnragedBash","champ:ArenaPreparation","champ:PerfectedStrike","expansioncontent:PrepareCrush","champ:RisingSlash"],"relics":["champ:ChampionCrown","Ancient Tea Set","Dream Catcher"],"acts_visited":["Exordium"],"potions_floor_usage":[16,16,16],"damage_taken":[{"damage":21,"enemies":"Jaw Worm","floor":2,"turns":4},{"damage":10,"enemies":"2 Louse","floor":4,"turns":4},{"damage":30,"enemies":"downfall:FleeingMerchant","floor":5,"turns":4},{"damage":52,"enemies":"3 Sentries","floor":8,"turns":8},{"damage":49,"enemies":"Gremlin Nob","floor":10,"turns":6},{"damage":10,"enemies":"Cultist","floor":11,"turns":3},{"damage":1,"enemies":"Red Slaver","floor":12,"turns":3},{"damage":25,"enemies":"downfall:FleeingMerchant","floor":14,"turns":4},{"damage":28,"enemies":"2 Fungi Beasts","floor":15,"turns":3},{"damage":68,"enemies":"IC_STATUS_ARCHETYPE","floor":16,"turns":10}],"seed_played":"-7011615132581402191","potions_obtained":[{"floor":8,"key":"ColorlessPotion"},{"floor":12,"key":"AttackPotion"},{"floor":15,"key":"Block Potion"}],"is_trial":false,"path_per_floor":["R","M","?","M","$","R","T","E","?","E","M","M","R","$","M","B"],"character_chosen":"THE_CHAMP","items_purchased":["champ:Backstep","expansioncontent:PrepareCrush"],"campfire_rested":1,"item_purchase_floors":[5,14],"current_hp_per_floor":[99,98,98,98,88,88,88,71,71,32,32,31,60,60,47,0,0,0],"gold":27,"neow_bonus":"TEN_PERCENT_HP_BONUS","is_daily":false,"chose_seed":false,"campfire_upgraded":2,"win_rate":0.0,"timestamp":1610959342,"path_taken":["R","M","?","M","$","R","T","E","?","E","?","M","R","?","M","BOSS"],"items_purchased_type":["Card","Card"],"build_version":"2020-12-22","purchased_purges":1,"victory":false,"max_hp_per_floor":[99,99,99,99,99,99,99,99,99,99,99,99,99,99,99,99,99,99],"card_choices":[{"not_picked":["champ:CrookedStrike","champ:FanOfKnives"],"picked":"champ:HeartStrike","floor":2},{"not_picked":["champ:AdrenalArmor","champ:SkillfulDodge"],"picked":"champ:GutPunch","floor":4},{"not_picked":["champ:FocusedDefense","champ:RapidStrikes"],"picked":"champ:Shatter","floor":5},{"not_picked":["champ:RisingSlash","champ:SkillfulDodge"],"picked":"champ:Haymaker","floor":8},{"not_picked":["champ:BladeFlurry","champ:Encircle"],"picked":"champ:GladiatorForm","floor":10},{"not_picked":["champ:FlashCut","champ:Parry"],"picked":"champ:BringItOn","floor":11},{"not_picked":["champ:TornadoPunch","champ:SkillfulDodge"],"picked":"champ:EnragedBash","floor":12},{"not_picked":["champ:FlashCut","champ:Backstep"],"picked":"champ:ArenaPreparation","floor":13},{"not_picked":["champ:Parry","champ:FocusedBerserking"],"picked":"champ:PerfectedStrike","floor":14},{"not_picked":["champ:StanceDance","champ:FancyFootwork"],"picked":"champ:RisingSlash","floor":15}],"player_experience":291105,"relics_obtained":[{"floor":8,"key":"Ancient Tea Set"},{"floor":10,"key":"Dream Catcher"}],"event_choices":[{"cards_removed":["champ:Defend"],"damage_healed":0,"gold_gain":0,"player_choice":"Offered Basic","damage_taken":0,"max_hp_gain":0,"max_hp_loss":0,"event_name":"Bonfire Elementals","floor":9,"gold_loss":0}],"is_beta":false,"boss_relics":[],"items_purged_floors":[5],"is_endless":false,"potions_floor_spawned":[8,12,15],"killed_by":"IC_STATUS_ARCHETYPE","ascension_level":0}}