{"host":"z4nt7tdd4gjrinn7","time":1610992905,"event":{"mods":["100% Spire Juice","BaseMod","Minty Spire (QoL Compilation)","StSLib"],"gold_per_floor":[119,139,139,139,239,265,278,278,328,328,361,378,392,392,272,369,369,369,369,292,391,409,442,442,442,442],"floor_reached":25,"language":"ENG","playtime":1282,"items_purged":[],"score":267,"play_id":"341b8539-8626-42a4-ac0b-afd87915401b","local_time":"20210118130145","is_ascension_mode":true,"campfire_choices":[{"data":"Moonworks:DeployBits","floor":8,"key":"SMITH"},{"data":"Moonworks:AwakeningOfTalent","floor":10,"key":"SMITH"},{"floor":15,"key":"REST"},{"floor":24,"key":"REST"}],"circlet_count":0,"master_deck":["Moonworks:Strike","Moonworks:Strike","Moonworks:Strike","Moonworks:Strike","Moonworks:Defend","Moonworks:Defend","Moonworks:Defend","Moonworks:Defend","Moonworks:Ambush","Moonworks:LongDistanceShot","Moonworks:JonathanRush","Moonworks:BeyondHell","Moonworks:DeployBits+1","Moonworks:AwakeningOfTalent+1","Moonworks:IndiscriminateFireSupport","Moonworks:RedAndBlue","Moonworks:ImOnFire","Moonworks:AccelHyper","CurseOfTheBell","Moonworks:DeployBits","Moonworks:JonathanRush","Moonworks:DeployBits","Moonworks:JonathanRush"],"relics":["Moonworks:BrokenBomb","Moonworks:Homemark","NeowsBlessing","Potion Belt","Bronze Scales","MealTicket","Calling Bell","Bag of Marbles","Letter Opener","StoneCalendar","Anchor"],"acts_visited":["Exordium","TheCity"],"potions_floor_usage":[11,16,16,16,18,23,23,25,25],"damage_taken":[{"damage":0,"enemies":"Small Slimes","floor":1,"turns":1},{"damage":0,"enemies":"2 Louse","floor":2,"turns":1},{"damage":0,"enemies":"Gremlin Nob","floor":6,"turns":1},{"damage":0,"enemies":"Cultist","floor":7,"turns":4},{"damage":18,"enemies":"Lagavulin","floor":11,"turns":7},{"damage":0,"enemies":"Large Slime","floor":12,"turns":5},{"damage":4,"enemies":"Red Slaver","floor":13,"turns":4},{"damage":6,"enemies":"Slime Boss","floor":16,"turns":5},{"damage":0,"enemies":"2 Thieves","floor":18,"turns":1},{"damage":0,"enemies":"Spheric Guardian","floor":22,"turns":2},{"damage":42,"enemies":"Slavers","floor":23,"turns":5},{"damage":999,"enemies":"Gremlin Leader","floor":25,"turns":3}],"seed_played":"-3224815283666653476","potions_obtained":[{"floor":1,"key":"Energy Potion"},{"floor":2,"key":"ColorlessPotion"},{"floor":13,"key":"LiquidMemories"},{"floor":14,"key":"BlessingOfTheForge"},{"floor":14,"key":"SmokeBomb"},{"floor":14,"key":"Swift Potion"},{"floor":16,"key":"EntropicBrew"}],"is_trial":false,"path_per_floor":["M","M","?","$","?","E","M","R","T","R","E","M","M","?","R","B",null,"M","?","$","?","M","E","R","E"],"character_chosen":"THE_STARBREAKER","items_purchased":["Moonworks:DeployBits","Moonworks:JonathanRush"],"campfire_rested":2,"item_purchase_floors":[20,20],"current_hp_per_floor":[60,60,60,60,60,60,60,60,60,60,42,42,38,38,56,50,60,60,60,60,60,60,18,36,0,0],"gold":442,"neow_bonus":"THREE_ENEMY_KILL","is_daily":false,"chose_seed":false,"campfire_upgraded":2,"win_rate":0.0,"timestamp":1610992905,"path_taken":["M","M","?","$","?","E","M","R","T","R","E","?","M","?","R","BOSS","M","?","$","?","M","E","R","E"],"items_purchased_type":["Card","Card"],"build_version":"2020-12-22","purchased_purges":0,"victory":false,"max_hp_per_floor":[60,60,60,60,60,60,60,60,60,60,60,60,60,60,60,60,60,60,60,60,60,60,60,60,60,60],"card_choices":[{"not_picked":["Moonworks:AngelHand","Moonworks:x16BigRocket"],"picked":"Moonworks:JonathanRush","floor":1},{"not_picked":["Moonworks:EvilSpyWorkPreparation","Moonworks:CloudOfSeagulls"],"picked":"Moonworks:BeyondHell","floor":2},{"not_picked":["Moonworks:EvilSpyWorkPreparation","Moonworks:Assault"],"picked":"Moonworks:DeployBits","floor":6},{"not_picked":["Moonworks:LulusLuckyEgg","Moonworks:BigMagnum"],"picked":"Moonworks:AwakeningOfTalent","floor":7},{"not_picked":["Moonworks:Accelerator","Moonworks:DeployBits"],"picked":"Moonworks:IndiscriminateFireSupport","floor":11},{"not_picked":["Moonworks:CloudOfSeagulls","Moonworks:BeyondHell"],"picked":"Moonworks:RedAndBlue","floor":12},{"not_picked":["Moonworks:Assault","Moonworks:CloudOfSeagulls"],"picked":"Moonworks:ImOnFire","floor":13},{"not_picked":["Moonworks:OutOfAmmo","Moonworks:Blazing"],"picked":"Moonworks:AccelHyper","floor":16},{"not_picked":["Moonworks:NicePresent","Moonworks:ExtendedPhotonRifle+1"],"picked":"Moonworks:DeployBits","floor":22},{"not_picked":["Moonworks:ImmovableObject","Moonworks:CastOff"],"picked":"Moonworks:JonathanRush","floor":23}],"player_experience":91479,"relics_obtained":[{"floor":6,"key":"Potion Belt"},{"floor":9,"key":"Bronze Scales"},{"floor":11,"key":"MealTicket"},{"floor":17,"key":"Bag of Marbles"},{"floor":17,"key":"Letter Opener"},{"floor":17,"key":"StoneCalendar"},{"floor":23,"key":"Anchor"}],"event_choices":[{"damage_healed":0,"gold_gain":0,"player_choice":"Ignored","damage_taken":0,"max_hp_gain":0,"max_hp_loss":0,"event_name":"Golden Wing","floor":3,"gold_loss":0},{"damage_healed":0,"gold_gain":100,"player_choice":"Gold","damage_taken":0,"max_hp_gain":0,"max_hp_loss":0,"event_name":"Wheel of Change","floor":5,"gold_loss":0},{"damage_healed":0,"gold_gain":0,"player_choice":"Got Potions","damage_taken":0,"max_hp_gain":0,"max_hp_loss":0,"event_name":"Lab","floor":14,"gold_loss":0},{"damage_healed":0,"gold_gain":0,"player_choice":"Ignored","damage_taken":0,"max_hp_gain":0,"max_hp_loss":0,"event_name":"Vampires","floor":19,"gold_loss":0},{"damage_healed":0,"gold_gain":99,"player_choice":"Stole From Cult","damage_taken":0,"max_hp_gain":0,"max_hp_loss":0,"event_name":"Nest","floor":21,"gold_loss":0}],"is_beta":false,"boss_relics":[{"not_picked":["Coffee Dripper","Philosopher\u0027s Stone"],"picked":"Calling Bell"}],"items_purged_floors":[],"is_endless":false,"potions_floor_spawned":[1,2,13,16],"killed_by":"Gremlin Leader","ascension_level":1}}