{"host":"udyc8f81k2jocuhg","time":1610984458,"event":{"mods":["2.2 Compatiblity","BaseMod","Better Third Choice","Colored Powertips","Conspire","Custom Start","GifTheSpireLib","Hermit","Minty Spire (QoL Compilation)","Permanent Neow","Quick Restart","Relic Filter","Relic Stats","Replay The Spire","Shop Mod","Spikes Relics","StSLib","Stuff the Spire"],"gold_per_floor":[111,1,11,27,43,78,78,109,109,119,119,129,143,169,169,247,247,218,218,228,241,257,289,289,323,323,323,323,65,76,102,102,178,178,190,190,200,218,236,270,284,302,325,325,354,38,38,38,38,38,38,38,38,63,63],"floor_reached":56,"language":"ENG","playtime":4165,"items_purged":["Strike_B"],"score":3253,"play_id":"fe9ea9c9-e88f-4287-a8bf-56ff3b5bc287","local_time":"20210118164058","is_ascension_mode":true,"campfire_choices":[{"data":"StuffTheSpire:Synthwave","floor":7.0,"key":"SMITH"},{"data":"Zap","floor":11.0,"key":"SMITH"},{"data":"Buffer","floor":15.0,"key":"SMITH"},{"data":"StuffTheSpire:Coldhearted","floor":24.0,"key":"SMITH"},{"data":"Glacier","floor":27.0,"key":"SMITH"},{"data":"Reforge","floor":32,"key":"SMITH"},{"data":"StuffTheSpire:Ambrosia","floor":44,"key":"SMITH"},{"floor":47,"key":"RECALL"},{"data":"Echo Form","floor":49,"key":"SMITH"},{"data":"Consume","floor":52,"key":"SMITH"}],"circlet_count":0,"master_deck":["AscendersBane","Strike_B+1","Strike_B","Strike_B","Defend_B+1","Defend_B","Defend_B","Defend_B","Zap+1","Dualcast","Conserve Battery","Glacier+1","Ball Lightning","Cold Snap","StuffTheSpire:Synthwave+1","Conserve Battery","Buffer+1","Conserve Battery","Coolheaded","Cold Snap","Sunder","Glacier","Leap","StuffTheSpire:Coldhearted+1","Reforge+1","Glacier","StuffTheSpire:Ambrosia+1","White Noise","Consume+1","Echo Form+1"],"relics":["Black Star","Garlic","Bottled Lightning","Replay:Antivirus Software","Akabeko","CrustySpines","StuffTheSpire:Experiment12","AncientExoskeleton","BlackRope","Happy Flower","StuffTheSpire:CocoNut","Replay:Multitool","Thread and Needle","Ring of Peace","ReplayTheSpireMod:Ring of Collecting","Tiny Chest","Onion Ring","conspire:SeveredTorchhead","Chameleon Ring","Bottled Tornado","Ring of Hypnosis","Bag of Preparation","RollingBoulder","Incense Burner","Simple Rune","SnailShell"],"acts_visited":["Exordium","TheCity","TheBeyond","TheEnding"],"potions_floor_usage":[55],"damage_taken":[{"damage":2.0,"enemies":"Jaw Worm","floor":1.0,"turns":6.0},{"damage":0.0,"enemies":"2 Louse","floor":3.0,"turns":2.0},{"damage":3.0,"enemies":"Small Slimes","floor":4.0,"turns":5.0},{"damage":4.0,"enemies":"Looter","floor":5.0,"turns":3.0},{"damage":35.0,"enemies":"Gremlin Nob","floor":6.0,"turns":4.0},{"damage":12.0,"enemies":"Lagavulin","floor":8.0,"turns":9.0},{"damage":0.0,"enemies":"2 Fungi Beasts","floor":10.0,"turns":3.0},{"damage":0.0,"enemies":"Large Slime","floor":12.0,"turns":7.0},{"damage":2.0,"enemies":"3 Louse","floor":13.0,"turns":4.0},{"damage":12.0,"enemies":"Gremlin Nob","floor":14.0,"turns":5.0},{"damage":0.0,"enemies":"The Guardian","floor":16.0,"turns":13.0},{"damage":0.0,"enemies":"2 Thieves","floor":18.0,"turns":4.0},{"damage":0.0,"enemies":"Shell Parasite","floor":20.0,"turns":6.0},{"damage":1.0,"enemies":"Cultist and Chosen","floor":21.0,"turns":9.0},{"damage":0.0,"enemies":"Chosen and Byrds","floor":22.0,"turns":7.0},{"damage":6.0,"enemies":"conspire:Head Lice","floor":23.0,"turns":15.0},{"damage":0.0,"enemies":"Replay:Snechameleon","floor":25.0,"turns":6.0},{"damage":0.0,"enemies":"3 Cultists","floor":30.0,"turns":5.0},{"damage":0,"enemies":"Gremlin Leader","floor":31,"turns":7},{"damage":0,"enemies":"Pondfish","floor":33,"turns":17},{"damage":0,"enemies":"3 Darklings","floor":35,"turns":6},{"damage":0,"enemies":"3 Shapes","floor":37,"turns":4},{"damage":0,"enemies":"Spire Growth","floor":38,"turns":5},{"damage":0,"enemies":"Maw","floor":39,"turns":9},{"damage":0,"enemies":"Nemesis","floor":40,"turns":7},{"damage":0,"enemies":"Jaw Worm Horde","floor":41,"turns":6},{"damage":0,"enemies":"Spire Growth","floor":42,"turns":6},{"damage":0,"enemies":"Giant Head","floor":45,"turns":10},{"damage":0,"enemies":"conspire:OrnateMirror","floor":50,"turns":16},{"damage":0,"enemies":"Shield and Spear","floor":54,"turns":11},{"damage":0,"enemies":"The Heart","floor":55,"turns":12}],"seed_played":"3229429334052374128","potions_obtained":[{"floor":4.0,"key":"BlessingOfTheForge"},{"floor":6.0,"key":"Regen Potion"},{"floor":8.0,"key":"SteroidPotion"},{"floor":10.0,"key":"Elixir"},{"floor":12.0,"key":"SmokeBomb"},{"floor":18.0,"key":"LifebloodPotion"},{"floor":45,"key":"conspire:TimeTravelPotion"}],"is_trial":false,"path_per_floor":["M","$","M","M","M","E","R","E","T","M","R","M","M","E","R","B",null,"M","?","M","M","M","E","R","E","T","R","?","$","M","E","R","B",null,"M","?","M","M","M","E","M","M","T","R","E","$","R","?","R","B",null,"R","$","E","B",null],"character_chosen":"DEFECT","items_purchased":["Glacier","Ball Lightning","Reforge","Incense Burner"],"campfire_rested":0,"item_purchase_floors":[2,2,29,46],"current_hp_per_floor":[62,62,62,59,55,20,20,23,23,23,23,23,21,9,9,9,56,56,36,36,35,35,29,29,36,36,36,36,36,36,36,36,36,71,71,71,72,73,74,75,76,77,77,77,79,79,79,79,79,81,86,86,86,88,90],"gold":63,"neow_bonus":"BOSS_RELIC","is_daily":false,"chose_seed":false,"campfire_upgraded":9,"win_rate":0.0,"timestamp":1610984458,"path_taken":["M","$","M","M","M","E","R","E","T","M","R","M","M","E","R","BOSS","M","?","M","M","M","E","R","E","T","R","?","$","M","E","R","BOSS","M","?","M","M","M","E","M","M","T","R","E","$","R","?","R","BOSS","R","$","E","BOSS"],"items_purchased_type":["Card","Card","Card","Relic"],"build_version":"2020-12-22","purchased_purges":1,"victory":true,"max_hp_per_floor":[71,71,71,71,71,71,71,71,71,71,71,71,71,71,71,71,71,71,76,76,76,76,76,76,83,83,83,83,83,83,83,83,83,83,83,83,84,85,86,87,88,89,89,89,91,91,91,86,86,88,88,88,88,90,92],"relic_stats":{"Happy Flower":[42],"counters":[31,229],"Tiny Chest":0,"Black Star":9,"Bag of Preparation":[6],"obtain_stats":[{"SnailShell":54,"Replay:Multitool":25,"Bag of Preparation":45,"Incense Burner":46,"Bottled Tornado":40,"conspire:SeveredTorchhead":34,"StuffTheSpire:Experiment12":14,"StuffTheSpire:Gunfinga":14,"Chameleon Ring":40,"Ring of Peace":28,"Tiny Chest":31,"RollingBoulder":45,"Replay:Antivirus Software":8,"Cracked Core":0,"AncientExoskeleton":17,"Happy Flower":23,"Ring of Hypnosis":43,"Thread and Needle":26,"BlackRope":23,"Akabeko":8,"ReplayTheSpireMod:Ring of Collecting":28,"StuffTheSpire:CocoNut":25,"Onion Ring":31,"Simple Rune":54,"Black Star":0,"Garlic":6,"Bottled Lightning":6,"CrustySpines":9},{"SnailShell":30,"Replay:Multitool":17,"Bag of Preparation":28,"Incense Burner":28,"Bottled Tornado":25,"conspire:SeveredTorchhead":20,"StuffTheSpire:Experiment12":10,"StuffTheSpire:Gunfinga":10,"Chameleon Ring":25,"Ring of Peace":17,"Tiny Chest":19,"RollingBoulder":28,"Replay:Antivirus Software":6,"Cracked Core":0,"AncientExoskeleton":11,"Happy Flower":16,"Ring of Hypnosis":27,"Thread and Needle":17,"BlackRope":16,"Akabeko":6,"ReplayTheSpireMod:Ring of Collecting":17,"StuffTheSpire:CocoNut":17,"Onion Ring":19,"Simple Rune":30,"Black Star":0,"Garlic":5,"Bottled Lightning":5,"CrustySpines":6},{"SnailShell":217,"Replay:Multitool":108,"Bag of Preparation":190,"Incense Burner":190,"Bottled Tornado":168,"conspire:SeveredTorchhead":137,"StuffTheSpire:Experiment12":48,"StuffTheSpire:Gunfinga":48,"Chameleon Ring":168,"Ring of Peace":108,"Tiny Chest":120,"RollingBoulder":190,"Replay:Antivirus Software":29,"Cracked Core":0,"AncientExoskeleton":61,"Happy Flower":102,"Ring of Hypnosis":180,"Thread and Needle":108,"BlackRope":102,"Akabeko":29,"ReplayTheSpireMod:Ring of Collecting":108,"StuffTheSpire:CocoNut":108,"Onion Ring":120,"Simple Rune":217,"Black Star":0,"Garlic":20,"Bottled Lightning":20,"CrustySpines":29}]},"card_choices":[{"not_picked":["Streamline","Turbo"],"picked":"Conserve Battery","floor":1.0},{"not_picked":["Redo","Lockon"],"picked":"Cold Snap","floor":3.0},{"not_picked":["Force Field","Genetic Algorithm"],"picked":"StuffTheSpire:Synthwave","floor":4.0},{"not_picked":["Gash","Turbo"],"picked":"Conserve Battery","floor":5.0},{"not_picked":["Barrage","StuffTheSpire:Rend","Rebound"],"picked":"SKIP","floor":6.0},{"not_picked":["Gash","FTL","Hello World"],"picked":"SKIP","floor":8.0},{"not_picked":["StuffTheSpire:ShieldGenerator","Melter"],"picked":"Buffer","floor":10.0},{"not_picked":["Panic Button","Barrage"],"picked":"Conserve Battery","floor":12.0},{"not_picked":["Turbo","StuffTheSpire:Plugnplay"],"picked":"Coolheaded","floor":13.0},{"not_picked":["Leap","StuffTheSpire:LaunchingStrike"],"picked":"Cold Snap","floor":14.0},{"not_picked":["Turbo","Darkness"],"picked":"Sunder","floor":18.0},{"not_picked":["Coolheaded+1","Cold Snap"],"picked":"Glacier","floor":20.0},{"not_picked":["Sunder","BasicCrystalCard"],"picked":"Leap","floor":21.0},{"not_picked":["Ball Lightning","All For One"],"picked":"StuffTheSpire:Coldhearted","floor":22.0},{"not_picked":["Crystallizer","Gash","Time Bomb"],"picked":"SKIP","floor":23.0},{"not_picked":["Go for the Eyes","Tempest","StuffTheSpire:Plugnplay"],"picked":"SKIP","floor":25.0},{"not_picked":["FTL","Leap","StuffTheSpire:Rend+1"],"picked":"SKIP","floor":30.0},{"not_picked":["Hyperbeam","ReplayTheSpireMod:Omega Cannon"],"picked":"Glacier","floor":31},{"not_picked":["Rebound+1","Turbo","Stack"],"picked":"SKIP","floor":35},{"not_picked":["StuffTheSpire:Rapture","StuffTheSpire:CelestialWarden"],"picked":"StuffTheSpire:Ambrosia","floor":36},{"not_picked":["Go for the Eyes","StuffTheSpire:ShieldGenerator+1","Barrage"],"picked":"SKIP","floor":37},{"not_picked":["Aggregate","Go for the Eyes"],"picked":"White Noise","floor":38},{"not_picked":["Stack","Steam+1"],"picked":"Consume","floor":39},{"not_picked":["Reboot","Hello World","Sunder+1"],"picked":"SKIP","floor":40},{"not_picked":["Coolheaded","StuffTheSpire:CleanHardDrive","Turbo"],"picked":"SKIP","floor":41},{"not_picked":["Compile Driver","RefreshScreen"],"picked":"Echo Form","floor":42},{"not_picked":["Beam Cell","Double Energy+1","StuffTheSpire:Plugnplay"],"picked":"SKIP","floor":45},{"not_picked":["Stack","Reboot","ReplayTheSpireMod:Omega Cannon"],"picked":"SKIP","floor":54}],"player_experience":2002208,"relics_obtained":[{"floor":6.0,"key":"Garlic"},{"floor":6.0,"key":"Bottled Lightning"},{"floor":8.0,"key":"Replay:Antivirus Software"},{"floor":8.0,"key":"Akabeko"},{"floor":9.0,"key":"CrustySpines"},{"floor":14.0,"key":"StuffTheSpire:Experiment12"},{"floor":14.0,"key":"StuffTheSpire:Gunfinga"},{"floor":23.0,"key":"BlackRope"},{"floor":23.0,"key":"Happy Flower"},{"floor":25.0,"key":"StuffTheSpire:CocoNut"},{"floor":25.0,"key":"Replay:Multitool"},{"floor":26.0,"key":"Thread and Needle"},{"floor":28.0,"key":"Ring of Peace"},{"floor":28.0,"key":"ReplayTheSpireMod:Ring of Collecting"},{"floor":31,"key":"Tiny Chest"},{"floor":31,"key":"Onion Ring"},{"floor":40,"key":"Chameleon Ring"},{"floor":40,"key":"Bottled Tornado"},{"floor":43,"key":"Ring of Hypnosis"},{"floor":45,"key":"Bag of Preparation"},{"floor":45,"key":"RollingBoulder"},{"floor":54,"key":"Simple Rune"},{"floor":54,"key":"SnailShell"}],"event_choices":[{"damage_healed":0.0,"max_hp_gain":5.0,"max_hp_loss":0.0,"gold_gain":0.0,"event_name":"Forgotten Altar","player_choice":"Shed Blood","floor":19.0,"gold_loss":0.0,"damage_taken":25.0},{"damage_healed":0,"gold_gain":0,"player_choice":"Max HP","damage_taken":0,"max_hp_gain":0,"max_hp_loss":5,"event_name":"Winding Halls","floor":48,"gold_loss":0}],"is_beta":false,"boss_relics":[{"not_picked":["Calling Bell","StuffTheSpire:ModemDavis"],"picked":"AncientExoskeleton"},{"not_picked":["Runic Dome","ChewingGum"],"picked":"conspire:SeveredTorchhead"}],"items_purged_floors":[29],"is_endless":false,"potions_floor_spawned":[4,6,8,10,12,13,18,22,23,30,35,38,45],"ascension_level":18}}