{"host":"7tqog9fnhs0gxmti","time":1610964205,"event":{"mods":["AchievementEnabler","Act Like it!","BaseMod","Beaked The Cultist","Colored Map","Colored Powertips","Highlight Path","Koishi","Minty Spire (QoL Compilation)","Reimu??????","Remilia??????","Robot Space Explorer","StSLib","The Gatherer","everything is the same but u backflip on backflip"],"gold_per_floor":[115,115,131,131,155,166,161,186,213,237,36,36,36,50,50,171,171,184,47,47,47,70,70,70],"floor_reached":23,"language":"ENG","playtime":1026,"items_purged":["Poor:ReiMu"],"score":201,"play_id":"0d8becf4-9864-4d57-80de-4f3b13fa67ac","local_time":"20210118180325","is_ascension_mode":false,"campfire_choices":[{"data":"RobotSpaceExplorer:TrailblazerForm","floor":15,"key":"SMITH"}],"circlet_count":0,"master_deck":["RobotSpaceExplorer:Strike","RobotSpaceExplorer:Strike","RobotSpaceExplorer:Strike","RobotSpaceExplorer:Strike","RobotSpaceExplorer:Defend","RobotSpaceExplorer:Defend","RobotSpaceExplorer:Defend","RobotSpaceExplorer:Defend","RobotSpaceExplorer:Scan","RobotSpaceExplorer:MiniLasers","RobotSpaceExplorer:Smokescreen","RobotSpaceExplorer:ImprovisedAttack","RobotSpaceExplorer:LuckyStrike","RobotSpaceExplorer:Probe","RobotSpaceExplorer:TrailblazerForm+1","RobotSpaceExplorer:PowerGlove","RobotSpaceExplorer:Pulsar","RobotSpaceExplorer:LaserBurst","RobotSpaceExplorer:Pulsar","RobotSpaceExplorer:Pulsar","RobotSpaceExplorer:Multitool","RobotSpaceExplorer:MiniDrones","RobotSpaceExplorer:Discharger","RobotSpaceExplorer:StarLightning","Pride"],"relics":["RobotSpaceExplorer:RoboCore","NeowsBlessing","Golden Idol","YidongShenshe:ReiMu","Boot","Anchor","Bag of Preparation","Philosopher\u0027s Stone","MutagenicStrength","GreatHeart"],"acts_visited":["Exordium","TheCity"],"potions_floor_usage":[8,10,14,14],"damage_taken":[{"damage":0,"enemies":"Small Slimes","floor":1,"turns":1},{"damage":0,"enemies":"2 Louse","floor":3,"turns":2},{"damage":0,"enemies":"Jaw Worm","floor":5,"turns":1},{"damage":41,"enemies":"Gremlin Nob","floor":6,"turns":6},{"damage":11,"enemies":"Large Slime","floor":7,"turns":4},{"damage":0,"enemies":"2 Fungi Beasts","floor":8,"turns":1},{"damage":3,"enemies":"Lagavulin","floor":10,"turns":7},{"damage":0,"enemies":"Blue Slaver","floor":14,"turns":2},{"damage":4,"enemies":"The Guardian","floor":16,"turns":11},{"damage":0,"enemies":"Spheric Guardian","floor":18,"turns":6},{"damage":8,"enemies":"2 Thieves","floor":22,"turns":3},{"damage":67,"enemies":"Slavers","floor":23,"turns":4}],"seed_played":"6956461714288129143","potions_obtained":[{"floor":6,"key":"Energy Potion"},{"floor":7,"key":"Explosive Potion"},{"floor":8,"key":"SkillPotion"},{"floor":10,"key":"ColorlessPotion"},{"floor":16,"key":"Energy Potion"}],"is_trial":false,"path_per_floor":["M","?","M","?","M","E","M","M","T","E","$","?","?","M","R","B",null,"M","$","?","?","M","E"],"character_chosen":"RobotSpaceExplorer","items_purchased":["RobotSpaceExplorer:LaserBurst","RobotSpaceExplorer:Pulsar","RobotSpaceExplorer:Discharger","RobotSpaceExplorer:StarLightning"],"campfire_rested":0,"item_purchase_floors":[11,11,19,19],"current_hp_per_floor":[75,75,75,75,75,34,23,23,23,20,20,45,38,38,38,34,75,75,75,75,75,67,0,0],"gold":70,"neow_bonus":"THREE_ENEMY_KILL","is_daily":false,"chose_seed":false,"campfire_upgraded":1,"win_rate":0.0,"timestamp":1610964205,"path_taken":["M","?","M","?","M","E","M","?","T","E","$","?","?","M","R","BOSS","M","$","?","?","M","E"],"items_purchased_type":["Card","Card","Card","Card"],"build_version":"2020-12-22","purchased_purges":1,"victory":false,"max_hp_per_floor":[75,75,75,75,75,75,75,75,75,75,75,75,75,75,75,75,75,75,75,75,75,75,75,75],"card_choices":[{"not_picked":["RobotSpaceExplorer:MetalStrike","RobotSpaceExplorer:ShockKick"],"picked":"RobotSpaceExplorer:Smokescreen","floor":1},{"not_picked":["RobotSpaceExplorer:Blitz","RobotSpaceExplorer:SlimeMissile"],"picked":"RobotSpaceExplorer:ImprovisedAttack","floor":3},{"not_picked":["RobotSpaceExplorer:Counterblock","RobotSpaceExplorer:StunGrenade"],"picked":"RobotSpaceExplorer:LuckyStrike","floor":5},{"not_picked":["RobotSpaceExplorer:FreezingShield","RobotSpaceExplorer:FrostMissile"],"picked":"RobotSpaceExplorer:Probe","floor":6},{"not_picked":["RobotSpaceExplorer:SurgingStrike","RobotSpaceExplorer:SurgingShield"],"picked":"RobotSpaceExplorer:TrailblazerForm","floor":7},{"not_picked":["RobotSpaceExplorer:DualCore","RobotSpaceExplorer:ScrapMissile"],"picked":"RobotSpaceExplorer:PowerGlove","floor":8},{"not_picked":["RobotSpaceExplorer:PlasmaMissile","RobotSpaceExplorer:JunkDive"],"picked":"RobotSpaceExplorer:Pulsar","floor":10},{"not_picked":["RobotSpaceExplorer:ScrapMissile","RobotSpaceExplorer:SlimeMissile"],"picked":"RobotSpaceExplorer:Pulsar","floor":14},{"not_picked":["RobotSpaceExplorer:Asteroid","RobotSpaceExplorer:Autoloader"],"picked":"RobotSpaceExplorer:Multitool","floor":16},{"not_picked":["RobotSpaceExplorer:FranticSearch+1","RobotSpaceExplorer:Ammunition"],"picked":"RobotSpaceExplorer:MiniDrones","floor":18},{"not_picked":["RobotSpaceExplorer:ImprovisedAttack","RobotSpaceExplorer:GlueShot","RobotSpaceExplorer:Calculate"],"picked":"SKIP","floor":22}],"player_experience":775493,"relics_obtained":[{"floor":6,"key":"Boot"},{"floor":9,"key":"Anchor"},{"floor":10,"key":"Bag of Preparation"}],"event_choices":[{"damage_healed":0,"gold_gain":0,"player_choice":"Take Wound","damage_taken":0,"relics_obtained":["Golden Idol"],"max_hp_gain":0,"max_hp_loss":0,"event_name":"Golden Idol","floor":2,"gold_loss":0,"cards_obtained":["Injury"]},{"damage_healed":0,"gold_gain":0,"player_choice":"Take Tiny Shrine away","damage_taken":0,"relics_obtained":["YidongShenshe:ReiMu"],"max_hp_gain":0,"max_hp_loss":0,"event_name":"yidonshenshe","floor":4,"gold_loss":0,"cards_obtained":["Poor:ReiMu"]},{"damage_healed":25,"gold_gain":0,"player_choice":"Banana","damage_taken":0,"max_hp_gain":0,"max_hp_loss":0,"event_name":"Big Fish","floor":12,"gold_loss":0},{"cards_removed":["Injury"],"damage_healed":0,"gold_gain":0,"player_choice":"Card Removal","damage_taken":7,"max_hp_gain":0,"max_hp_loss":0,"event_name":"Golden Wing","floor":13,"gold_loss":0},{"damage_healed":0,"gold_gain":0,"player_choice":"Inject Mutagens","damage_taken":0,"relics_obtained":["MutagenicStrength"],"max_hp_gain":0,"max_hp_loss":0,"event_name":"Drug Dealer","floor":20,"gold_loss":0}],"is_beta":false,"boss_relics":[{"not_picked":["Runic Pyramid","Tiny House"],"picked":"Philosopher\u0027s Stone"}],"items_purged_floors":[11],"is_endless":false,"potions_floor_spawned":[6,7,8,10,16],"killed_by":"Slavers","ascension_level":0}}