{"host":"ntxknsu5npj85rka","time":1610987688,"event":{"mods":["AchievementEnabler","Act Like it!","BaseMod","Downfall","Gensokyo","Hallownest","Minty Spire (QoL Compilation)","StSLib","Yakumo Yukari mod","[IsaacMod]ÒÔÈö¼âËþ"],"gold_per_floor":[132,132,143,175,194,194,194],"floor_reached":6,"language":"ZHS","playtime":711,"items_purged":[],"score":48,"play_id":"75814cc3-c40a-4120-91ed-dac172e58780","local_time":"20210119003448","is_ascension_mode":true,"campfire_choices":[],"circlet_count":0,"master_deck":["AT_purpleEX","AT_purpleEX","AT_purpleEX","Defend_purpleEX","Defend_purpleEX","Defend_purpleEX","Defend_purpleEX","Observe_purple_1","Observe_purple_2","Mirror_TwoAndThreeElementRealm_purple","ExistenceContinue_purple","MetroBOOM_purple","Mirror_FourBoundary_purple","DimensionStaggered_purple"],"relics":["Boundary_crack","Memoryfragments_purpleEX","HushsDoor","BookOfRevelations","Hallownest:DreamNailRelic","Lizard Tail"],"acts_visited":["Exordium"],"potions_floor_usage":[],"damage_taken":[{"damage":5.0,"enemies":"Hallownest:monsterHuskWarrior","floor":1.0,"turns":8.0},{"damage":0.0,"enemies":"Hallownest:2_Baldur","floor":3.0,"turns":4.0},{"damage":32.0,"enemies":"Hallownest:eliteMossKnight","floor":4.0,"turns":15.0},{"damage":8,"enemies":"Hallownest:monsterHuskGuard","floor":5,"turns":4},{"damage":51,"enemies":"Hallownest:eliteCrystalGuardian","floor":6,"turns":9}],"seed_played":"-5267881870299096514","potions_obtained":[{"floor":1.0,"key":"EssenceOfSteel"},{"floor":4.0,"key":"DuplicationPotion"}],"is_trial":false,"path_per_floor":["M","?","M","?","M","E"],"character_chosen":"Youkari","items_purchased":[],"campfire_rested":0,"item_purchase_floors":[],"current_hp_per_floor":[69,69,70,38,37,35,35],"gold":194,"neow_bonus":"TRANSFORM_CARD","is_daily":false,"chose_seed":false,"campfire_upgraded":0,"win_rate":0.0,"timestamp":1610987688,"path_taken":["M","?","?","?","M","E"],"items_purchased_type":[],"build_version":"2020-12-22","purchased_purges":0,"victory":false,"max_hp_per_floor":[70,70,70,70,70,70,70],"card_choices":[{"not_picked":["Charmbait_purple","Realm_recovery_purpleEX"],"picked":"ExistenceContinue_purple","floor":1.0},{"not_picked":["SfantasyHide_purple","StateErode_purple"],"picked":"MetroBOOM_purple","floor":3.0},{"not_picked":["MetroBOOM_purple","StateErode_purple"],"picked":"Mirror_FourBoundary_purple","floor":4.0},{"not_picked":["MonsterNeedle_purple","Bait_HighSpeedFlying_purple"],"picked":"DimensionStaggered_purple","floor":5}],"player_experience":90197,"relics_obtained":[{"floor":4.0,"key":"Lizard Tail"}],"event_choices":[],"is_beta":false,"boss_relics":[],"items_purged_floors":[],"is_endless":false,"potions_floor_spawned":[1,4],"killed_by":"Hallownest:eliteCrystalGuardian","ascension_level":1}}