{"host":"ttx8tv95o5vka1nm","time":1610935705,"event":{"mods":["AchievementEnabler","BaseMod","Colored Map","Downfall","Infinite Spire","Minty Spire (QoL Compilation)","Shop Mod","StSLib","The Jungle"],"gold_per_floor":[99,113,113,130,142,154,177,202,212,242,5,24,24,9,23,118,118,118,135,154,171,171,196,196,228,239,239,239,273,173,38,50,154,154,154,174,194,207,507,532,557,574,590,608,508,527,279,279,289,289,289],"floor_reached":50,"language":"ENG","playtime":7858,"items_purged":["Slimebound:Strike_Slimebound","Slimebound:Strike_Slimebound","Slimebound:Defend_Slimebound"],"score":681,"play_id":"fc36fcc7-6dd5-46fe-9340-15816bdab3ce","local_time":"20210118120825","is_ascension_mode":true,"campfire_choices":[{"data":"Slimebound:CorrosiveSpit","floor":1.0,"key":"SMITH"},{"data":"Slimebound:MassRepurpose","floor":13.0,"key":"SMITH"},{"data":"Slimebound:Split","floor":18.0,"key":"SMITH"},{"data":"Slimebound:FormOfPuddle","floor":30.0,"key":"SMITH"},{"floor":35.0,"key":"RECALL"},{"floor":45.0,"key":"DIG"}],"circlet_count":0,"master_deck":["Slimebound:Strike_Slimebound","Slimebound:Tackle+1","Slimebound:Defend_Slimebound","Slimebound:Defend_Slimebound","Slimebound:Split+1","Slimebound:CorrosiveSpit+1","Slimebound:SplitAcid","Slimebound:DisruptingSlam","Slimebound:GrowthPunch","Slimebound:RejuvenatingLick","Slimebound:Schlurp","Slimebound:ForwardTackle+1","Slimebound:Prepare","Slimebound:RejuvenatingLick","Slimebound:MassRepurpose+1","Slimebound:RollThrough","Slimebound:SplitLeeching","Slimebound:PressTheAttack","Slimebound:SpikyOuterGoop","Slimebound:LeechLife","Slimebound:FormOfPuddle+1","Slimebound:LivingWall+1","Slimebound:SamplingLick","Slimebound:ServeAndProtect","Slimebound:SlimeSpikes+1","Slimebound:SlimeTap+1","Slimebound:LeadByExample+1","Slimebound:Gluttony","Slimebound:Repurpose","expansioncontent:DashGenerateEvil","Slimebound:MinionMaster","Slimebound:Split","Slimebound:Chomp+1"],"relics":["Slimebound:AbsorbEndCombat","Smiling Mask","infinitespire:PuzzleCube","Dead Branch","Busted Crown","Slimebound:TarBlob","Turnip","infinitespire:FocusingShard","Bottled Flame","Pantograph","downfall:HeartBlessingGreen","MerchantsRug","infinitespire:Cupcake","Shovel","PreservedInsect","downfall:HeartBlessingRed","Pen Nib","Bag of Marbles","StoneCalendar"],"acts_visited":["Exordium","TheCity","TheBeyond"],"potions_floor_usage":[47,47,50],"damage_taken":[{"damage":0.0,"enemies":"2 Louse","floor":2.0,"turns":2.0},{"damage":0.0,"enemies":"Cultist","floor":4.0,"turns":3.0},{"damage":3.0,"enemies":"Small Slimes","floor":5.0,"turns":3.0},{"damage":0.0,"enemies":"2 Fungi Beasts","floor":6.0,"turns":2.0},{"damage":27.0,"enemies":"Gremlin Nob","floor":8.0,"turns":4.0},{"damage":0.0,"enemies":"Large Slime","floor":9.0,"turns":3.0},{"damage":4.0,"enemies":"3 Sentries","floor":10.0,"turns":4.0},{"damage":1.0,"enemies":"downfall:FleeingMerchant","floor":11.0,"turns":4.0},{"damage":2.0,"enemies":"Gremlin Gang","floor":12.0,"turns":2.0},{"damage":5.0,"enemies":"downfall:FleeingMerchant","floor":14.0,"turns":4.0},{"damage":0.0,"enemies":"Lots of Slimes","floor":15.0,"turns":3.0},{"damage":24.0,"enemies":"IC_STATUS_ARCHETYPE","floor":16.0,"turns":4.0},{"damage":5.0,"enemies":"Chosen","floor":19.0,"turns":2.0},{"damage":12.0,"enemies":"Shell Parasite","floor":20.0,"turns":5.0},{"damage":3.0,"enemies":"Centurion and Healer","floor":21.0,"turns":5.0},{"damage":0.0,"enemies":"Nightmare","floor":23.0,"turns":7.0},{"damage":12.0,"enemies":"Slavers","floor":25.0,"turns":5.0},{"damage":0.0,"enemies":"3 Cultists","floor":26.0,"turns":4.0},{"damage":0.0,"enemies":"Book of Stabbing","floor":29.0,"turns":3.0},{"damage":8.0,"enemies":"downfall:FleeingMerchant","floor":31.0,"turns":4.0},{"damage":6.0,"enemies":"Chosen and Byrds","floor":32.0,"turns":4.0},{"damage":22.0,"enemies":"DF_ARCHETYPE_CLAW","floor":33.0,"turns":9.0},{"damage":0.0,"enemies":"3 Darklings","floor":36.0,"turns":4.0},{"damage":0.0,"enemies":"3 Shapes","floor":37.0,"turns":2.0},{"damage":0.0,"enemies":"Sphere and 2 Shapes","floor":38.0,"turns":3.0},{"damage":9.0,"enemies":"Reptomancer","floor":40.0,"turns":4.0},{"damage":0.0,"enemies":"Maw","floor":42.0,"turns":6.0},{"damage":15.0,"enemies":"Spire Growth","floor":43.0,"turns":5.0},{"damage":0.0,"enemies":"Writhing Mass","floor":44.0,"turns":5.0},{"damage":0,"enemies":"3 Darklings","floor":46,"turns":3},{"damage":0,"enemies":"downfall:FleeingMerchant","floor":47,"turns":1},{"damage":0,"enemies":"Jaw Worm Horde","floor":49,"turns":2},{"damage":137,"enemies":"SI_POISON_ARCHETYPE","floor":50,"turns":5}],"seed_played":"8061333273201089099","potions_obtained":[{"floor":5.0,"key":"hexamod:SoulburnPotion"},{"floor":10.0,"key":"Slimebound:SlimedPotion"},{"floor":12.0,"key":"Fire Potion"},{"floor":15.0,"key":"hexamod:SoulburnPotion"},{"floor":16.0,"key":"DuplicationPotion"},{"floor":21.0,"key":"Slimebound:ThreeZeroPotion"},{"floor":25.0,"key":"Dexterity Potion"},{"floor":26.0,"key":"FearPotion"},{"floor":32.0,"key":"Fire Potion"},{"floor":33.0,"key":"Slimebound:SlimyTonguePotion"},{"floor":36.0,"key":"DistilledChaos"},{"floor":40.0,"key":"Ancient Potion"},{"floor":42.0,"key":"EntropicBrew"},{"floor":49,"key":"champ:CounterPotion"}],"is_trial":false,"path_per_floor":["R","M","?","M","M","M","T","E","M","E","$","M","R","$","M","B",null,"R","M","M","M","AVR","NM","T","E","M","?","?","E","R","$","M","B",null,"R","M","M","M","?","E","T","M","M","M","R","M","$","?","M","B"],"character_chosen":"SLIMEBOUND","items_purchased":["Lee\u0027s Waffle","Slimebound:RollThrough","MerchantsRug","expansioncontent:DashGenerateEvil","Bag of Marbles","StoneCalendar"],"campfire_rested":0,"item_purchase_floors":[11,11,31,47,47,47],"current_hp_per_floor":[65,65,65,65,63,65,65,42,44,44,72,72,72,68,69,49,72,72,69,62,64,64,72,72,72,72,59,59,62,62,64,61,60,77,77,77,77,77,77,72,72,77,77,77,77,77,77,77,77,0,0],"gold":289,"neow_bonus":"RANDOM_COMMON_RELIC","is_daily":false,"chose_seed":false,"campfire_upgraded":4,"win_rate":0.0,"timestamp":1610935705,"path_taken":["R","M","?","?","M","M","T","E","M","E","$","M","R","$","M","BOSS","R","M","M","M","AVR","NM","T","E","M","?","?","E","R","$","M","BOSS","R","M","M","M","?","E","T","M","?","M","R","?","$","?","M","BOSS"],"items_purchased_type":["Relic","Card","Relic","Card","Relic","Relic"],"build_version":"2020-12-22","purchased_purges":3,"victory":false,"max_hp_per_floor":[65,65,65,65,65,65,65,65,65,65,72,72,72,72,72,72,72,72,72,72,72,72,72,72,72,72,77,77,77,77,77,77,77,77,77,77,77,77,77,77,77,77,77,77,77,77,77,77,77,77,77],"card_choices":[{"not_picked":["Slimebound:RollThrough","Slimebound:LivingWall"],"picked":"Slimebound:SplitAcid","floor":2.0},{"not_picked":["Slimebound:Chomp","Slimebound:GoopTackle"],"picked":"Slimebound:GrowthPunch","floor":4.0},{"not_picked":["Slimebound:PressTheAttack","Slimebound:Replication"],"picked":"Slimebound:RejuvenatingLick","floor":5.0},{"not_picked":["Slimebound:Equalize","Slimebound:ComboTackle"],"picked":"Slimebound:Schlurp","floor":6.0},{"not_picked":["Slimebound:GoopTackle","Slimebound:SlimeSpikes"],"picked":"Slimebound:ForwardTackle","floor":8.0},{"not_picked":["Slimebound:LeechingTouch","Slimebound:GoopTackle"],"picked":"Slimebound:Prepare","floor":9.0},{"not_picked":["Slimebound:ItLooksTasty","Slimebound:LevelUp"],"picked":"Slimebound:RejuvenatingLick","floor":10.0},{"not_picked":["Slimebound:SplitLeeching","Slimebound:SplitAcid"],"picked":"Slimebound:MassRepurpose","floor":11.0},{"not_picked":["Slimebound:ViciousTackle","Slimebound:Prepare"],"picked":"Slimebound:SplitLeeching","floor":12.0},{"not_picked":["Slimebound:Prepare","Slimebound:FlameTackle"],"picked":"Slimebound:PressTheAttack","floor":14.0},{"not_picked":["Slimebound:Repurpose","Slimebound:ItLooksTasty"],"picked":"Slimebound:SpikyOuterGoop","floor":15.0},{"not_picked":["Slimebound:FirmFortitude","Slimebound:PrepareCrush"],"picked":"Slimebound:LeechLife","floor":16.0},{"not_picked":[],"picked":"Slimebound:FormOfPuddle","floor":19.0},{"not_picked":["Slimebound:GoopSpray"],"picked":"SKIP","floor":20.0},{"not_picked":[],"picked":"Slimebound:LivingWall+1","floor":21.0},{"not_picked":[],"picked":"Slimebound:SamplingLick","floor":23.0},{"not_picked":["Slimebound:ItLooksTasty"],"picked":"SKIP","floor":25.0},{"not_picked":["Slimebound:BestDefense"],"picked":"SKIP","floor":26.0},{"not_picked":["Slimebound:ItLooksTasty"],"picked":"SKIP","floor":29.0},{"not_picked":["Slimebound:FlameTackle"],"picked":"SKIP","floor":31.0},{"not_picked":["Slimebound:LivingWall"],"picked":"SKIP","floor":32.0},{"not_picked":["Slimebound:SplitBruiser"],"picked":"SKIP","floor":36.0},{"not_picked":[],"picked":"Slimebound:SlimeSpikes+1","floor":37.0},{"not_picked":[],"picked":"Slimebound:SlimeTap+1","floor":38.0},{"not_picked":["Slimebound:DisruptingSlam+1"],"picked":"SKIP","floor":40.0},{"not_picked":[],"picked":"Slimebound:LeadByExample+1","floor":42.0},{"not_picked":["Slimebound:Schlurp+1"],"picked":"SKIP","floor":43.0},{"not_picked":[],"picked":"Slimebound:Gluttony","floor":44.0},{"not_picked":[],"picked":"Slimebound:Repurpose","floor":46},{"not_picked":["Slimebound:FormOfPuddle"],"picked":"SKIP","floor":47},{"not_picked":[],"picked":"Slimebound:Chomp+1","floor":49}],"player_experience":691274,"relics_obtained":[{"floor":7.0,"key":"infinitespire:PuzzleCube"},{"floor":8.0,"key":"Whetstone"},{"floor":10.0,"key":"Dead Branch"},{"floor":23.0,"key":"Turnip"},{"floor":24.0,"key":"infinitespire:FocusingShard"},{"floor":25.0,"key":"Bottled Flame"},{"floor":29.0,"key":"Pantograph"},{"floor":40.0,"key":"Shovel"},{"floor":41.0,"key":"PreservedInsect"},{"floor":45.0,"key":"Pen Nib"}],"event_choices":[{"damage_healed":0.0,"max_hp_gain":0.0,"max_hp_loss":0.0,"gold_gain":0.0,"event_name":"The Library","player_choice":"Read","floor":28.0,"gold_loss":0.0,"damage_taken":0.0,"cards_obtained":["Slimebound:ServeAndProtect"]},{"damage_healed":0.0,"max_hp_gain":0.0,"max_hp_loss":0.0,"gold_gain":300.0,"event_name":"Wheel of Change","player_choice":"Gold","floor":39.0,"gold_loss":0.0,"damage_taken":0.0}],"is_beta":false,"boss_relics":[{"not_picked":["Velvet Choker","Slimebound:AbsorbEndCombatUpgraded"],"picked":"Busted Crown"},{"not_picked":["SacredBark","Tiny House"],"picked":"infinitespire:Cupcake"}],"items_purged_floors":[11,22,47],"is_endless":true,"potions_floor_spawned":[5,10,12,15,16,21,25,26,32,33,36,37,40,42,44,49],"killed_by":"SI_POISON_ARCHETYPE","ascension_level":1}}