{"host":"ktoxvvst1mwxww91","time":1610956519,"event":{"mods":["BaseMod","Downfall","Hermit","Minty Spire (QoL Compilation)","StSLib","The Blackbeard","The Hierophant","The Mystic","The Necromancer"],"gold_per_floor":[99,549,324,388,388,128,128,28,58,75,75,103,38,38,62,179,191,103,134,158,180,89,89,89,89],"floor_reached":23,"language":"ENG","playtime":1079,"items_purged":["downfall:Icky","downfall:Icky","downfall:Icky","champ:Strike"],"score":215,"play_id":"97d3e5e8-54aa-47fd-9309-381d1d740418","local_time":"20210118085519","is_ascension_mode":true,"campfire_choices":[{"floor":1,"key":"RECALL"},{"data":"champ:Taunt","floor":8,"key":"SMITH"},{"data":"champ:TornadoPunch","floor":11,"key":"SMITH"},{"data":"champ:SkillfulDodge","floor":18,"key":"SMITH"}],"circlet_count":0,"master_deck":["champ:Strike+1","champ:Strike","champ:Strike","champ:Defend","champ:Defend","champ:Defend","champ:Defend","champ:Execute+1","champ:Taunt+1","champ:EnGarde","champ:TornadoPunch+1","champ:Circumvent","champ:StanceDance","champ:ShieldWall","champ:SkillfulDodge+1","champ:Lariat","champ:GutPunch","champ:TornadoPunch","champ:CrownThrow","champ:VampiricStrike","champ:VampiricStrike","champ:PreciseThrust","champ:GutPunch","champ:Duel","champ:ShieldThrow","champ:PreemptiveStrike"],"relics":["champ:ChampionCrown","downfall:HeartsMalice","Whetstone","Juzu Bracelet","Smiling Mask","downfall:HeartBlessingRed","hexamod:BolsterEngine","Mango","MawBank","SacredBark","downfall:HeartBlessingGreen"],"acts_visited":["Exordium","TheCity"],"potions_floor_usage":[12,20,21],"damage_taken":[{"damage":0,"enemies":"downfall:FleeingMerchant","floor":3,"turns":1},{"damage":0,"enemies":"3 Sentries","floor":4,"turns":1},{"damage":0,"enemies":"Jaw Worm","floor":5,"turns":1},{"damage":15,"enemies":"downfall:FleeingMerchant","floor":6,"turns":4},{"damage":37,"enemies":"Gremlin Nob","floor":9,"turns":5},{"damage":40,"enemies":"Small Slimes","floor":10,"turns":5},{"damage":53,"enemies":"3 Sentries","floor":12,"turns":4},{"damage":7,"enemies":"downfall:FleeingMerchant","floor":13,"turns":4},{"damage":0,"enemies":"Cultist","floor":15,"turns":2},{"damage":51,"enemies":"WA_ARCHETYPE_RETAIN","floor":16,"turns":7},{"damage":32,"enemies":"Chosen","floor":19,"turns":5},{"damage":23,"enemies":"Spheric Guardian","floor":20,"turns":4},{"damage":10,"enemies":"Snake Plant","floor":21,"turns":3},{"damage":33,"enemies":"downfall:FleeingMerchant","floor":22,"turns":4},{"damage":67,"enemies":"Slavers","floor":23,"turns":3}],"seed_played":"2225252716398340053","potions_obtained":[{"floor":10,"key":"Slimebound:ThreeZeroPotion"},{"floor":15,"key":"FearPotion"},{"floor":16,"key":"hexamod:SoulburnPotion"},{"floor":19,"key":"SkillPotion"}],"is_trial":false,"path_per_floor":["R","?","$","?","M","$","T","R","E","M","R","E","$","?","M","B",null,"R","M","M","M","$","E"],"character_chosen":"THE_CHAMP","items_purchased":["Whetstone","champ:ShieldWall","champ:SkillfulDodge","champ:PreemptiveStrike"],"campfire_rested":0,"item_purchase_floors":[3,6,6,22],"current_hp_per_floor":[90,90,90,90,90,90,90,90,63,63,63,74,72,65,65,29,104,104,92,84,74,66,0,0,0],"gold":89,"neow_bonus":"THREE_ENEMY_KILL","is_daily":false,"chose_seed":false,"campfire_upgraded":3,"win_rate":0.0,"timestamp":1610956519,"path_taken":["R","?","$","?","M","$","T","R","E","M","R","E","?","?","M","BOSS","R","M","M","M","$","E"],"items_purchased_type":["Relic","Card","Card","Card"],"build_version":"2020-12-22","purchased_purges":4,"victory":false,"max_hp_per_floor":[90,90,90,90,90,90,90,90,90,90,90,104,104,104,104,104,104,104,104,104,104,104,104,104,104],"card_choices":[{"not_picked":["champ:CrownThrow","champ:PreciseThrust"],"picked":"champ:EnGarde","floor":3},{"not_picked":["champ:FaceSlap","champ:FalseCounter"],"picked":"champ:TornadoPunch","floor":4},{"not_picked":["champ:Parry","champ:HeavySlash"],"picked":"champ:Circumvent","floor":5},{"not_picked":["champ:RisingSlash","champ:FanOfKnives"],"picked":"champ:StanceDance","floor":6},{"not_picked":["champ:DefensiveShout","champ:SwordSigil"],"picked":"champ:Lariat","floor":9},{"not_picked":["champ:EnGarde","champ:Parry"],"picked":"champ:GutPunch","floor":10},{"not_picked":["champ:ShieldSlam","champ:ViciousMockery"],"picked":"champ:TornadoPunch","floor":12},{"not_picked":["champ:Backstep","champ:Shatter"],"picked":"champ:CrownThrow","floor":13},{"not_picked":["champ:PreciseThrust","champ:StanceDance"],"picked":"champ:VampiricStrike","floor":15},{"not_picked":["champ:Devastate","champ:SteelEdge"],"picked":"champ:VampiricStrike","floor":16},{"not_picked":["champ:BerserkerStyle","champ:TornadoPunch"],"picked":"champ:PreciseThrust","floor":19},{"not_picked":["champ:GladiatorStyle","champ:IronFortress"],"picked":"champ:GutPunch","floor":20},{"not_picked":["champ:GladiatorStyle","champ:StanceDance"],"picked":"champ:Duel","floor":21},{"not_picked":["champ:DefensiveStyle","champ:Duel"],"picked":"champ:ShieldThrow","floor":22}],"player_experience":1144046,"relics_obtained":[{"floor":4,"key":"Juzu Bracelet"},{"floor":7,"key":"Smiling Mask"},{"floor":9,"key":"hexamod:BolsterEngine"},{"floor":12,"key":"Mango"}],"event_choices":[{"damage_healed":0,"gold_gain":0,"player_choice":"Success","damage_taken":7,"relics_obtained":["MawBank"],"max_hp_gain":0,"max_hp_loss":0,"event_name":"Scrap Ooze","floor":14,"gold_loss":0}],"is_beta":false,"boss_relics":[{"not_picked":["Runic Dome","Sozu"],"picked":"SacredBark"}],"items_purged_floors":[3,6,13,22],"is_endless":false,"potions_floor_spawned":[10,15,16,19],"killed_by":"Slavers","ascension_level":2}}