{"host":"pletss163z7s8pvv","time":1610934003,"event":{"mods":["AchievementEnabler","BaseMod","Better Altar","CapriCore","Colored Map","Colored Powertips","Energized Spire","GifTheSpireLib","Minty Spire (QoL Compilation)","Spicy Shops","StS++","StSLib","The Alterego"],"gold_per_floor":[115,130,145,160,175,205,205,235,235,235,6,21,21,36,36,136,136,151,166,16,31,31,46,61,76,101,101,101,101,116,3,3,103,153,168,183,198,248,248,248,263,263,288,1,16,16,16,16,16,16,16],"floor_reached":50,"language":"ENG","playtime":2115,"items_purged":["Regret"],"score":658,"play_id":"3f387960-91bc-4cdd-a781-94a58785132b","local_time":"20210117194003","daily_mods":["Draft","Green Cards","Lethality"],"is_ascension_mode":false,"campfire_choices":[{"floor":7,"key":"REST"},{"floor":13,"key":"REST"},{"data":"alterego_mod:PainIsPleasure","floor":15,"key":"SMITH"},{"floor":27,"key":"REST"},{"data":"alterego_mod:TrickOrTreatment","floor":32,"key":"SMITH"},{"floor":40,"key":"REST"},{"floor":42,"key":"REST"},{"data":"alterego_mod:SideboobHour","floor":46,"key":"SMITH"},{"data":"alterego_mod:STier","floor":49,"key":"SMITH"}],"circlet_count":0,"master_deck":["alterego_mod:SakuraFive","alterego_mod:SakuraFive","alterego_mod:Cycle+1","alterego_mod:BiFurious","alterego_mod:Bounce","alterego_mod:RidiculouslyBig","alterego_mod:Pet","alterego_mod:BiFurious","alterego_mod:Undulate","alterego_mod:Mirror","alterego_mod:BiFurious","alterego_mod:PerceptionDisorder","alterego_mod:Mirror","alterego_mod:Valentines","alterego_mod:IndependentAction","alterego_mod:TrashNCrash","alterego_mod:GoddessCore","alterego_mod:MagicResistance","alterego_mod:BreastValley","alterego_mod:Jiggle","alterego_mod:DustData","alterego_mod:Clones","alterego_mod:BiFurious","alterego_mod:PainIsPleasure+1","alterego_mod:Stockings","alterego_mod:DeftHands+1","alterego_mod:Rip+1","alterego_mod:Undulate+1","alterego_mod:Cooking+1","alterego_mod:Bounce+1","alterego_mod:TrickOrTreatment+1","alterego_mod:Bounce","alterego_mod:Complex","alterego_mod:Birthday","alterego_mod:DiscoLights","alterego_mod:STier+1","alterego_mod:Cooking+1","alterego_mod:TrashNCrash+1","alterego_mod:AlterEgo+1","alterego_mod:Smother+1","alterego_mod:Birthday+1","alterego_mod:Rip+1","alterego_mod:Jiggle","alterego_mod:Skirt","alterego_mod:Undulate","alterego_mod:SuperDuperMasochism","alterego_mod:SideboobHour+1","alterego_mod:GoddessCore","alterego_mod:Belts+1","alterego_mod:Exercise+1","alterego_mod:DestructionOfProperty","alterego_mod:Bounce"],"relics":["alterego_mod:MasochisticConstitution","Bronze Scales","Nunchaku","Boot","Membership Card","MealTicket","energizedSpire:DeadBattery","StSpp:GiftCard","alterego_mod:SomeoneToFightFor","Omamori","Lee\u0027s Waffle","Tiny House","WingedGreaves","Strawberry","Vajra","alterego_mod:SistersRibbon","Orrery"],"acts_visited":["Exordium","TheCity","TheBeyond"],"potions_floor_usage":[12,12,12,16,25,13030,30,33,33,33,36,36,36,36,50,50,50,50],"damage_taken":[{"damage":0,"enemies":"Cultist","floor":1,"turns":2},{"damage":0,"enemies":"2 Louse","floor":2,"turns":2},{"damage":0,"enemies":"Small Slimes","floor":3,"turns":2},{"damage":9,"enemies":"Blue Slaver","floor":4,"turns":2},{"damage":9,"enemies":"Looter","floor":5,"turns":2},{"damage":30,"enemies":"Lagavulin","floor":6,"turns":4},{"damage":5,"enemies":"Gremlin Nob","floor":8,"turns":3},{"damage":5,"enemies":"3 Louse","floor":12,"turns":2},{"damage":19,"enemies":"Gremlin Gang","floor":14,"turns":3},{"damage":0,"enemies":"Slime Boss","floor":16,"turns":2},{"damage":21,"enemies":"2 Thieves","floor":18,"turns":3},{"damage":13,"enemies":"Shell Parasite","floor":19,"turns":3},{"damage":1,"enemies":"Sentry and Sphere","floor":21,"turns":5},{"damage":32,"enemies":"Shelled Parasite and Fungi","floor":23,"turns":4},{"damage":34,"enemies":"Centurion and Healer","floor":24,"turns":7},{"damage":4,"enemies":"Snecko","floor":25,"turns":4},{"damage":26,"enemies":"Snake Plant","floor":30,"turns":2},{"damage":38,"enemies":"Champ","floor":33,"turns":8},{"damage":6,"enemies":"3 Shapes","floor":35,"turns":2},{"damage":42,"enemies":"3 Darklings","floor":36,"turns":5},{"damage":39,"enemies":"Sphere and 2 Shapes","floor":37,"turns":5},{"damage":36,"enemies":"Mind Bloom Boss Battle","floor":38,"turns":7},{"damage":57,"enemies":"Writhing Mass","floor":41,"turns":6},{"damage":10,"enemies":"3 Darklings","floor":45,"turns":2},{"damage":139,"enemies":"Awakened One","floor":50,"turns":7}],"seed_played":"-1283480827410872575","potions_obtained":[{"floor":1,"key":"SteroidPotion"},{"floor":2,"key":"Swift Potion"},{"floor":4,"key":"StSpp:ScatteredWeakPotion"},{"floor":12,"key":"FearPotion"},{"floor":21,"key":"DuplicationPotion"},{"floor":24,"key":"Block Potion"},{"floor":33,"key":"Dexterity Potion"},{"floor":34,"key":"StSpp:ScatteredWeakPotion"},{"floor":35,"key":"AttackPotion"},{"floor":45,"key":"BlessingOfTheForge"}],"is_trial":false,"path_per_floor":["M","M","M","M","M","E","R","E","T","?","$","M","R","M","R","B",null,"M","M","$","M","?","M","M","M","T","R","?","?","M","$","R","B",null,"M","M","M","?","?","R","M","R","T","$","M","R","?","$","R","B"],"character_chosen":"The_Alterego","items_purchased":["Membership Card","MealTicket","alterego_mod:Clones","StSpp:GiftCard","Lee\u0027s Waffle","alterego_mod:Bounce","alterego_mod:Complex","alterego_mod:Birthday","alterego_mod:DiscoLights","Energy Potion","Dexterity Potion","Vajra","alterego_mod:SistersRibbon","CultistPotion","alterego_mod:Jiggle","alterego_mod:Skirt","alterego_mod:Undulate","Orrery","alterego_mod:Bounce"],"campfire_rested":5,"item_purchase_floors":[11,11,11,20,31,31,31,31,31,31,31,44,44,44,44,44,44,44,48],"current_hp_per_floor":[70,70,70,62,54,25,46,42,42,42,42,38,60,70,70,70,76,70,78,78,79,79,55,22,23,23,47,27,27,19,90,90,55,96,95,79,70,66,66,96,59,89,96,108,99,99,119,119,119,0,0],"gold":16,"neow_bonus":"","is_daily":true,"chose_seed":false,"campfire_upgraded":4,"win_rate":0.0,"timestamp":1610934003,"path_taken":["M","M","M","M","?","E","R","E","T","?","$","M","R","M","R","BOSS","M","M","$","M","?","M","M","M","T","R","?","?","M","$","R","BOSS","M","M","M","?","?","R","M","R","T","$","?","R","?","?","R","BOSS"],"items_purchased_type":["Relic","Relic","Card","Relic","Relic","Card","Card","Card","Card","Potion","Potion","Relic","Relic","Potion","Card","Card","Card","Relic","Card"],"build_version":"2020-12-22","purchased_purges":1,"victory":false,"max_hp_per_floor":[70,70,70,71,72,73,73,74,74,74,74,75,75,76,76,76,76,77,78,78,79,79,80,81,82,82,82,82,82,83,90,90,91,96,97,98,99,100,100,100,101,101,108,108,109,109,119,119,119,119,119],"card_choices":[{"not_picked":["alterego_mod:TrashNCrash","alterego_mod:ChallengeComplete"],"picked":"alterego_mod:SakuraFive","floor":0},{"not_picked":["alterego_mod:Jiggle","alterego_mod:Crossover"],"picked":"alterego_mod:SakuraFive","floor":0},{"not_picked":["alterego_mod:Skirt","alterego_mod:BustOut"],"picked":"alterego_mod:Cycle","floor":0},{"not_picked":["alterego_mod:Complex","alterego_mod:Birthday"],"picked":"alterego_mod:BiFurious","floor":0},{"not_picked":["alterego_mod:Nekomimi","alterego_mod:Punishment"],"picked":"alterego_mod:Bounce","floor":0},{"not_picked":["alterego_mod:Skirt","alterego_mod:Collar"],"picked":"alterego_mod:RidiculouslyBig","floor":0},{"not_picked":["alterego_mod:DeftHands","alterego_mod:PurpleHair"],"picked":"alterego_mod:Pet","floor":0},{"not_picked":["alterego_mod:Bounce","alterego_mod:Complex"],"picked":"alterego_mod:BiFurious","floor":0},{"not_picked":["alterego_mod:Bloomers","alterego_mod:Rip"],"picked":"alterego_mod:Undulate","floor":0},{"not_picked":["alterego_mod:Skirt","alterego_mod:DiscoLights"],"picked":"alterego_mod:DustData","floor":0},{"not_picked":["alterego_mod:HighServant","alterego_mod:BusterCard"],"picked":"alterego_mod:Mirror","floor":0},{"not_picked":["alterego_mod:Crossover","alterego_mod:HighServant"],"picked":"alterego_mod:BiFurious","floor":0},{"not_picked":["alterego_mod:Bounce","alterego_mod:GoddessCore"],"picked":"alterego_mod:PerceptionDisorder","floor":0},{"not_picked":["alterego_mod:Complex","alterego_mod:Bounce"],"picked":"alterego_mod:Mirror","floor":0},{"not_picked":["alterego_mod:Birthday","alterego_mod:DiscoLights"],"picked":"alterego_mod:Valentines","floor":0},{"not_picked":["alterego_mod:Clap","alterego_mod:Punishment"],"picked":"alterego_mod:IndependentAction","floor":1},{"not_picked":["alterego_mod:ChallengeComplete","alterego_mod:RocketPunch"],"picked":"alterego_mod:TrashNCrash","floor":2},{"not_picked":["alterego_mod:PurpleHair","alterego_mod:MagicResistance"],"picked":"alterego_mod:GoddessCore","floor":3},{"not_picked":["alterego_mod:SuperDuperMasochism","alterego_mod:Table"],"picked":"alterego_mod:MagicResistance","floor":4},{"not_picked":["alterego_mod:Valkyrie","alterego_mod:Cycle"],"picked":"alterego_mod:BreastValley","floor":5},{"not_picked":["alterego_mod:Pet","alterego_mod:Punishment"],"picked":"alterego_mod:Jiggle","floor":6},{"not_picked":["alterego_mod:Maid","alterego_mod:Cycle"],"picked":"alterego_mod:DustData","floor":8},{"not_picked":["alterego_mod:Cycle","alterego_mod:1TonWallop"],"picked":"alterego_mod:BiFurious","floor":12},{"not_picked":["alterego_mod:Cooking","alterego_mod:HighServant"],"picked":"alterego_mod:PainIsPleasure","floor":14},{"not_picked":["alterego_mod:Antipathy","alterego_mod:GIGAMILK"],"picked":"alterego_mod:RingBreak","floor":16},{"not_picked":["alterego_mod:MagicResistance","alterego_mod:GoddessCore"],"picked":"alterego_mod:Stockings","floor":18},{"not_picked":["alterego_mod:TrashNCrash","alterego_mod:BustOut"],"picked":"alterego_mod:DeftHands+1","floor":19},{"not_picked":["alterego_mod:Schoolgirl","alterego_mod:Maid"],"picked":"alterego_mod:Rip+1","floor":21},{"not_picked":["alterego_mod:SakuraPetals","alterego_mod:MagicResistance"],"picked":"alterego_mod:Undulate+1","floor":23},{"not_picked":["alterego_mod:Undulate","alterego_mod:RocketPunch"],"picked":"alterego_mod:Cooking+1","floor":24},{"not_picked":["alterego_mod:BiFurious+1","alterego_mod:BusterCard"],"picked":"alterego_mod:Bounce+1","floor":25},{"not_picked":["alterego_mod:HighServant+1","alterego_mod:GoddessCore+1"],"picked":"alterego_mod:TrickOrTreatment","floor":30},{"not_picked":["alterego_mod:Weigh","alterego_mod:VirginLaserPalladion"],"picked":"alterego_mod:STier","floor":33},{"not_picked":["alterego_mod:IndependentAction","alterego_mod:Rip"],"picked":"alterego_mod:Cooking+1","floor":34},{"not_picked":["alterego_mod:DeftHands","alterego_mod:Rip+1"],"picked":"alterego_mod:TrashNCrash+1","floor":35},{"not_picked":["alterego_mod:Birthday+1","alterego_mod:BoobPocket+1"],"picked":"alterego_mod:AlterEgo","floor":36},{"not_picked":["alterego_mod:DestructionOfProperty+1","alterego_mod:Cycle"],"picked":"alterego_mod:Smother+1","floor":37},{"not_picked":["alterego_mod:DustData+1","alterego_mod:TrashNCrash"],"picked":"alterego_mod:Birthday+1","floor":38},{"not_picked":["alterego_mod:GoddessCore","alterego_mod:Punishment"],"picked":"alterego_mod:Rip+1","floor":41},{"not_picked":["alterego_mod:Skirt+1","alterego_mod:Jiggle+1"],"picked":"alterego_mod:SuperDuperMasochism","floor":44},{"not_picked":["alterego_mod:RidiculouslyBig","alterego_mod:RocketPunch"],"picked":"alterego_mod:SideboobHour","floor":44},{"not_picked":["alterego_mod:Valentines","alterego_mod:Swimsuit"],"picked":"alterego_mod:GoddessCore","floor":44},{"not_picked":["alterego_mod:MagicResistance","alterego_mod:Pet"],"picked":"alterego_mod:Belts+1","floor":44},{"not_picked":["alterego_mod:Skirt","alterego_mod:BiFurious"],"picked":"alterego_mod:Exercise+1","floor":44},{"not_picked":["alterego_mod:HighServant","alterego_mod:Maid+1"],"picked":"alterego_mod:DestructionOfProperty","floor":45}],"player_experience":422090,"relics_obtained":[{"floor":6,"key":"Bronze Scales"},{"floor":8,"key":"Nunchaku"},{"floor":9,"key":"Boot"},{"floor":26,"key":"Omamori"},{"floor":38,"key":"WingedGreaves"},{"floor":43,"key":"Strawberry"}],"event_choices":[{"damage_healed":0,"gold_gain":0,"player_choice":"Searched \u00270\u0027 times","damage_taken":0,"max_hp_gain":0,"max_hp_loss":0,"event_name":"Dead Adventurer","floor":10,"gold_loss":0},{"damage_healed":0,"gold_gain":0,"player_choice":"Choice 2","damage_taken":0,"relics_obtained":["alterego_mod:SomeoneToFightFor"],"max_hp_gain":0,"max_hp_loss":0,"event_name":"Secret Garden","floor":22,"gold_loss":0},{"damage_healed":0,"gold_gain":0,"player_choice":" Potion ","damage_taken":20,"relics_obtained":[],"max_hp_gain":47,"max_hp_loss":27,"event_name":"betterAltar:BetterAltar","floor":28,"potions_obtained":["betterAltar:AltarPotion"],"relics_lost":[],"gold_loss":0},{"damage_healed":0,"gold_gain":0,"player_choice":"Ignored","damage_taken":0,"max_hp_gain":0,"max_hp_loss":0,"event_name":"Cursed Tome","floor":29,"gold_loss":0},{"damage_healed":0,"gold_gain":0,"player_choice":"Fight","damage_taken":0,"max_hp_gain":0,"max_hp_loss":0,"event_name":"MindBloom","floor":38,"gold_loss":0},{"damage_healed":0,"gold_gain":0,"player_choice":"Upgraded","damage_taken":0,"max_hp_gain":0,"max_hp_loss":0,"event_name":"Upgrade Shrine","floor":39,"gold_loss":0,"cards_upgraded":["alterego_mod:AlterEgo"]},{"cards_removed":["alterego_mod:RingBreak"],"damage_healed":10,"gold_gain":0,"player_choice":"Offered Rare","damage_taken":0,"max_hp_gain":10,"max_hp_loss":0,"event_name":"Bonfire Elementals","floor":47,"gold_loss":0}],"is_beta":false,"boss_relics":[{"not_picked":["Runic Dome","StSpp:PileOfSugar"],"picked":"energizedSpire:DeadBattery"},{"not_picked":["Cursed Key","energizedSpire:HugeHouse"],"picked":"Tiny House"}],"items_purged_floors":[31],"is_endless":false,"potions_floor_spawned":[1,2,4,6,12,21,24,33,35,45],"killed_by":"Awakened One","ascension_level":0}}