{"host":"fkw1ntusxwk1t0d2","time":1610963931,"event":{"mods":["Act Like it!","BaseMod","Marisa£®ÏF”Í°°ƒß¿Ì…≥£©","Minty Spire (QoL Compilation)","Shop Mod","Spicy Shops","StSLib","The Servant 0.9.4","vexMod"],"gold_per_floor":[114,126,136,136,16,47,47,78,78,78,89,107,107,121,121,219,219,235,33,33,87,107,107,142,160,160,160,179,179,55,68,68,166,166,186,186,196,196,196],"floor_reached":38,"language":"ZHS","playtime":2222,"items_purged":["Strike_S","Defend_S","Defend_S"],"score":431,"play_id":"3bfdc2ba-662d-48f9-b880-9e6af6c0d4f5","local_time":"20210118175851","is_ascension_mode":false,"campfire_choices":[{"data":"KidneyShot","floor":7.0,"key":"SMITH"},{"floor":15.0,"key":"REST"},{"data":"Sunlight","floor":23,"key":"SMITH"},{"floor":27,"key":"DIG"},{"floor":29,"key":"DIG"},{"floor":32,"key":"DIG"}],"circlet_count":0,"master_deck":["Strike_S","Defend_S","KidneyShot+1","Exchange","Snipe","BottledTime","Luminosity","Ricochet","RealityMarble","Starlight","SurpressingFire","BottledTime","Sunlight+1","CurseOfTheBell","Sabotage","Reset","SilverBlades","FastForward","Misdirection","SilverBlades","KillingDoll"],"relics":["Uniform","NeowsBlessing","StrikeDummy","Vajra","Meat on the Bone","Toy Ornithopter","Kunai","vexMod:PlasmaPancake","MerchantsRug","Smiling Mask","Peace Pipe","Shovel","vexMod:InvisibilityCloak","Strawberry","Oddly Smooth Stone","Empty Cage"],"acts_visited":["Exordium","TheCity","TheBeyond"],"potions_floor_usage":[24,28,33,38],"damage_taken":[{"damage":0.0,"enemies":"Cultist","floor":1.0,"turns":1.0},{"damage":0.0,"enemies":"2 Louse","floor":2.0,"turns":1.0},{"damage":0.0,"enemies":"Jaw Worm","floor":3.0,"turns":1.0},{"damage":19.0,"enemies":"3 Sentries","floor":6.0,"turns":7.0},{"damage":16.0,"enemies":"Gremlin Nob","floor":8.0,"turns":4.0},{"damage":8.0,"enemies":"Exordium Wildlife","floor":11.0,"turns":3.0},{"damage":10.0,"enemies":"Exordium Thugs","floor":12.0,"turns":3.0},{"damage":1.0,"enemies":"2 Fungi Beasts","floor":14.0,"turns":3.0},{"damage":33,"enemies":"Slime Boss","floor":16,"turns":9},{"damage":13,"enemies":"Shell Parasite","floor":18,"turns":8},{"damage":18,"enemies":"Spheric Guardian","floor":22,"turns":5},{"damage":21,"enemies":"Gremlin Leader","floor":24,"turns":7},{"damage":24,"enemies":"Shelled Parasite and Fungi","floor":25,"turns":3},{"damage":8,"enemies":"Snake Plant","floor":28,"turns":3},{"damage":12,"enemies":"Snecko","floor":31,"turns":4},{"damage":26,"enemies":"Collector","floor":33,"turns":7},{"damage":15,"enemies":"3 Shapes","floor":35,"turns":3},{"damage":14,"enemies":"Orb Walker","floor":37,"turns":4},{"damage":62,"enemies":"Orin","floor":38,"turns":6}],"seed_played":"415960221698548457","potions_obtained":[{"floor":2.0,"key":"Fruit Juice"},{"floor":11.0,"key":"BlessingOfTheForge"},{"floor":14.0,"key":"SpeedPotion"},{"floor":16,"key":"BlessingOfTheForge"},{"floor":25,"key":"SkillPotion"},{"floor":28,"key":"DuplicationPotion"},{"floor":33,"key":"SteroidPotion"}],"is_trial":false,"path_per_floor":["M","M","M","?","$","E","R","E","T","$","M","M","T","M","R","B",null,"M","$","?","T","M","R","E","M","T","R","M","R","$","M","R","B",null,"M","?","M","?"],"character_chosen":"THE_SERVANT","items_purchased":["Ricochet","MerchantsRug","SilverBlades"],"campfire_rested":1,"item_purchase_floors":[5,19,30],"current_hp_per_floor":[65,70,70,63,63,44,44,28,28,28,20,10,10,21,42,21,76,63,63,63,63,45,45,41,29,29,29,38,45,45,45,45,36,83,68,68,54,0,0],"gold":196,"neow_bonus":"THREE_ENEMY_KILL","is_daily":false,"chose_seed":false,"campfire_upgraded":2,"win_rate":0.0,"timestamp":1610963931,"path_taken":["M","?","?","?","$","E","R","E","T","$","M","M","?","M","R","BOSS","M","$","?","?","M","R","E","M","T","R","M","R","$","M","R","BOSS","M","?","M","?"],"items_purchased_type":["Card","Relic","Card"],"build_version":"2020-12-22","purchased_purges":3,"victory":false,"max_hp_per_floor":[65,70,70,70,70,70,70,70,70,70,70,70,70,70,70,70,76,76,76,76,76,76,76,76,76,76,76,76,83,83,83,83,83,83,83,83,83,83,83],"card_choices":[{"not_picked":["Replace","FastForward"],"picked":"Snipe","floor":1.0},{"not_picked":["Sabotage","ShatteredReality"],"picked":"BottledTime","floor":2.0},{"not_picked":["Shuttle","Spin"],"picked":"Luminosity","floor":3.0},{"not_picked":["Potential","ShiftingGears"],"picked":"RealityMarble","floor":6.0},{"not_picked":["Replace","FastForward"],"picked":"Starlight","floor":8.0},{"not_picked":["Rewind","Starlight","Collapse"],"picked":"SKIP","floor":11.0},{"not_picked":["Read","ShatteredReality"],"picked":"SurpressingFire","floor":12.0},{"not_picked":["FlawlessForm","DoubleEdge"],"picked":"BottledTime","floor":14.0},{"not_picked":["SoulSculpture","ForgedInTime"],"picked":"Sunlight","floor":16},{"not_picked":["ShatteredReality","TimeWarp"],"picked":"Sabotage","floor":18},{"not_picked":["Unruled","Replace"],"picked":"Reset","floor":22},{"not_picked":["Rearm","Spin"],"picked":"SilverBlades","floor":24},{"not_picked":["BestPractice","Alleviate"],"picked":"FastForward","floor":25},{"not_picked":["Unruled","WasteNot"],"picked":"Misdirection","floor":28},{"not_picked":["ReturningBlade","Alleviate","Luminosity"],"picked":"SKIP","floor":31},{"not_picked":["Initiator","MurderousAura"],"picked":"KillingDoll","floor":33},{"not_picked":["TimeWarp+1","Unruled","Starlight+1"],"picked":"SKIP","floor":35},{"not_picked":["Shuttle","Revamp+1","Defy"],"picked":"SKIP","floor":37}],"player_experience":352067,"relics_obtained":[{"floor":6.0,"key":"StrikeDummy"},{"floor":8.0,"key":"Vajra"},{"floor":13.0,"key":"Meat on the Bone"},{"floor":17,"key":"Toy Ornithopter"},{"floor":17,"key":"Kunai"},{"floor":17,"key":"vexMod:PlasmaPancake"},{"floor":21,"key":"Smiling Mask"},{"floor":24,"key":"Peace Pipe"},{"floor":26,"key":"Shovel"},{"floor":27,"key":"vexMod:InvisibilityCloak"},{"floor":29,"key":"Strawberry"},{"floor":32,"key":"Oddly Smooth Stone"}],"event_choices":[{"cards_removed":["Strike_S"],"damage_healed":0.0,"max_hp_gain":0.0,"max_hp_loss":0.0,"gold_gain":0.0,"event_name":"Golden Wing","player_choice":"Card Removal","floor":4.0,"gold_loss":0.0,"damage_taken":7.0},{"damage_healed":0,"gold_gain":0,"player_choice":"Ignored","damage_taken":0,"max_hp_gain":0,"max_hp_loss":0,"event_name":"Ghosts","floor":20,"gold_loss":0},{"damage_healed":0,"gold_gain":0,"player_choice":"Ignored","damage_taken":0,"max_hp_gain":0,"max_hp_loss":0,"event_name":"Tomb of Lord Red Mask","floor":36,"gold_loss":0},{"damage_healed":0,"gold_gain":0,"player_choice":"Fight","damage_taken":0,"max_hp_gain":0,"max_hp_loss":0,"event_name":"OrinTheCat","floor":38,"gold_loss":0}],"is_beta":false,"boss_relics":[{"not_picked":["Sozu","Black Star"],"picked":"Calling Bell"},{"not_picked":["Velvet Choker","Tiny House"],"picked":"Empty Cage"}],"items_purged_floors":[5,19,30],"is_endless":false,"potions_floor_spawned":[2,11,14,16,25,28,33],"killed_by":"Orin","ascension_level":0}}