{"host":"bf9sa99gaumonoeu","time":1610928149,"event":{"mods":["AchievementEnabler","Act Like it!","Aspiration","BaseMod","Bestiary","Better Note","Block Reminder","Colored Map","Colored Powertips","Fox Events","Friendly Minions","Gensokyo","GifTheSpireLib","Googly Eyes","Hallownest","Hermit","Highlight Path","Hubris","Jorbs\u0027s Wanderer Trilogy","KinomotoSakuraMod(????)","Koishi","Lobotomy","Marisa????????","Minty Spire (QoL Compilation)","Rare Cards Sparkle","Reimu??????","Relic Stats","Remilia??????","Replay The Spire","StS++","StSLib","The Administrix","The Animator","The Bug Knight","The Construct","The Cursed","The Disciple","The Hierophant","The Mystic","The Necromancer","The Poker Player","The Runesmith","The Senshi","The Servant 0.9.4"],"gold_per_floor":[109,125,154,185,185,185,195,195,195,195,195],"floor_reached":10,"language":"ENG","playtime":1034,"items_purged":[],"score":102,"play_id":"4e52880c-c34b-4032-9a25-1047ce7d1939","local_time":"20210117220229","is_ascension_mode":true,"campfire_choices":[{"data":"animator:RundelhausCode","floor":6,"key":"SMITH"},{"data":"animator:Nanami","floor":8,"key":"SMITH"}],"circlet_count":0,"master_deck":["AscendersBane","animator:Strike_LogHorizon","animator:Defend_LogHorizon","animator:Strike","animator:Defend","animator:Defend","animator:Tohya","animator:Minori+1","animator:Serara","animator:Naotsugu","animator:Nyanta","animator:Rider","animator:Nanami+1","animator:Ara","animator:RundelhausCode+1","animator:ChihayaOhtori"],"relics":["animator:TheMissingPiece","animator:PurgingStone","animator:RacePiece","aspiration:ChemicalBlood"],"acts_visited":["Exordium"],"potions_floor_usage":[2],"damage_taken":[{"damage":0,"enemies":"2 Louse","floor":1,"turns":5},{"damage":4,"enemies":"Cultist","floor":2,"turns":6},{"damage":0,"enemies":"Small Slimes","floor":3,"turns":5},{"damage":2,"enemies":"2 Fungi Beasts","floor":4,"turns":8},{"damage":8,"enemies":"3 Louse","floor":7,"turns":4},{"damage":49,"enemies":"Replay:BlueRogue","floor":10,"turns":11}],"seed_played":"-8746644715466259448","potions_obtained":[{"floor":1,"key":"Fire Potion"}],"is_trial":false,"path_per_floor":["M","M","M","M","?","R","M","R","T","E"],"character_chosen":"THE_ANIMATOR","items_purchased":[],"campfire_rested":0,"item_purchase_floors":[],"current_hp_per_floor":[54,50,50,48,48,48,40,40,40,0,0],"gold":195,"neow_bonus":"BOSS_RELIC","is_daily":false,"chose_seed":true,"campfire_upgraded":2,"win_rate":0.0,"timestamp":1610928149,"path_taken":["M","M","M","M","?","R","M","R","T","E"],"items_purchased_type":[],"build_version":"2020-12-22","purchased_purges":0,"victory":false,"max_hp_per_floor":[60,60,60,60,60,60,60,60,60,60,60],"relic_stats":{"counters":[6,39],"obtain_stats":[{"animator:PurgingStone":0,"animator:TheMissingPiece":0,"animator:LivingPicture":0,"animator:RacePiece":0,"aspiration:ChemicalBlood":9},{"animator:PurgingStone":0,"animator:TheMissingPiece":0,"animator:LivingPicture":0,"animator:RacePiece":0,"aspiration:ChemicalBlood":5},{"animator:PurgingStone":0,"animator:TheMissingPiece":0,"animator:LivingPicture":0,"animator:RacePiece":0,"aspiration:ChemicalBlood":28}]},"card_choices":[{"not_picked":["animator:IrohaTamaki","animator:KyokoSakura"],"picked":"animator:Rider","floor":1},{"not_picked":["animator:Shimako","animator:Assassin"],"picked":"animator:Nanami","floor":2},{"not_picked":["animator:Rider","animator:Ara","animator:OrikoMikuni"],"picked":"SKIP","floor":3},{"not_picked":["animator:Rider","animator:OrikoMikuni"],"picked":"animator:Ara","floor":3},{"not_picked":["animator:Tetora","animator:Minori"],"picked":"animator:RundelhausCode","floor":4},{"not_picked":["animator:ToukaNishikujou","animator:Togame"],"picked":"animator:ChihayaOhtori","floor":7}],"player_experience":969432,"relics_obtained":[{"floor":9,"key":"aspiration:ChemicalBlood"}],"event_choices":[{"damage_healed":0,"gold_gain":0,"player_choice":"Forge","damage_taken":0,"max_hp_gain":0,"max_hp_loss":0,"event_name":"Accursed Blacksmith","floor":5,"gold_loss":0,"cards_upgraded":["animator:Minori"]}],"is_beta":false,"boss_relics":[],"items_purged_floors":[],"is_endless":false,"potions_floor_spawned":[1],"killed_by":"Replay:BlueRogue","ascension_level":14}}