{"host":"g2yp6paluzgljz05","time":1610964506,"event":{"mods":["BaseMod","Bestiary","Colored Powertips","DeckTracker","Highlight Path","Minty Spire (QoL Compilation)","Quick Restart"],"gold_per_floor":[116,116,116,15,15,47,65,65,65,65,79,79,79,95,95,191,191,201,215,215,215],"floor_reached":20,"language":"ENG","playtime":1102,"items_purged":["Strike_R"],"score":236,"play_id":"377bd02b-471d-4a48-b91a-7828b15ebc33","local_time":"20210118210826","is_ascension_mode":true,"campfire_choices":[{"data":"Barricade","floor":10,"key":"SMITH"},{"data":"Heavy Blade","floor":15,"key":"SMITH"}],"circlet_count":0,"master_deck":["Strike_R","Strike_R","Strike_R","Defend_R","Defend_R","Defend_R","Defend_R","Bash","Shrug It Off","Heavy Blade+1","Barricade+1","Limit Break","Shrug It Off","Juggernaut","CurseOfTheBell","Shrug It Off"],"relics":["Burning Blood","NeowsBlessing","Pocketwatch","Letter Opener","Calling Bell","Nunchaku","Blue Candle","Prayer Wheel"],"acts_visited":["Exordium","TheCity"],"potions_floor_usage":[],"damage_taken":[{"damage":0,"enemies":"2 Louse","floor":1,"turns":1},{"damage":0,"enemies":"Lagavulin","floor":6,"turns":1},{"damage":0,"enemies":"Jaw Worm","floor":7,"turns":1},{"damage":3,"enemies":"Cultist","floor":11,"turns":4},{"damage":14,"enemies":"3 Louse","floor":14,"turns":5},{"damage":47,"enemies":"The Guardian","floor":16,"turns":23},{"damage":40,"enemies":"Chosen","floor":18,"turns":7},{"damage":5,"enemies":"Spheric Guardian","floor":19,"turns":9},{"damage":31,"enemies":"Shelled Parasite and Fungi","floor":20,"turns":6}],"seed_played":"6123077352771604745","potions_obtained":[{"floor":1,"key":"Strength Potion"},{"floor":6,"key":"LiquidMemories"},{"floor":7,"key":"DistilledChaos"}],"is_trial":false,"path_per_floor":["M","?","?","$","$","E","M","?","T","R","M","?","$","M","R","B",null,"M","M","M"],"character_chosen":"IRONCLAD","items_purchased":["Heavy Blade"],"campfire_rested":0,"item_purchase_floors":[4],"current_hp_per_floor":[80,80,73,73,73,79,80,80,80,80,80,80,80,72,72,31,80,46,47,16,16],"gold":215,"neow_bonus":"THREE_ENEMY_KILL","is_daily":false,"chose_seed":false,"campfire_upgraded":2,"win_rate":0.0,"timestamp":1610964506,"path_taken":["M","?","?","?","$","E","M","?","T","R","?","?","$","M","R","BOSS","M","M","?"],"items_purchased_type":["Card"],"build_version":"2020-12-22","purchased_purges":1,"victory":false,"max_hp_per_floor":[80,80,80,80,80,80,80,80,80,80,80,80,80,80,80,80,80,80,80,80,80],"card_choices":[{"not_picked":["Dual Wield","Twin Strike"],"picked":"Shrug It Off","floor":1},{"not_picked":["Twin Strike","Body Slam"],"picked":"Barricade","floor":6},{"not_picked":["Twin Strike","Wild Strike","Power Through"],"picked":"SKIP","floor":7},{"not_picked":["Cleave","Body Slam","Brutality"],"picked":"SKIP","floor":11},{"not_picked":["Cleave","Pummel"],"picked":"Shrug It Off","floor":14},{"not_picked":["Impervious","Berserk"],"picked":"Juggernaut","floor":16},{"not_picked":["Blood for Blood","Pummel"],"picked":"Shrug It Off","floor":18},{"not_picked":["Headbutt","Flex+1","Pommel Strike"],"picked":"SKIP","floor":18},{"not_picked":["Headbutt+1","Sword Boomerang","Cleave+1"],"picked":"SKIP","floor":19},{"not_picked":["Armaments","Cleave+1","Flex+1"],"picked":"SKIP","floor":19}],"player_experience":214497,"relics_obtained":[{"floor":6,"key":"Pocketwatch"},{"floor":9,"key":"Letter Opener"},{"floor":17,"key":"Nunchaku"},{"floor":17,"key":"Blue Candle"},{"floor":17,"key":"Prayer Wheel"}],"event_choices":[{"damage_healed":0,"gold_gain":0,"player_choice":"Ignored","damage_taken":0,"max_hp_gain":0,"max_hp_loss":0,"event_name":"Shining Light","floor":2,"gold_loss":0},{"cards_removed":["Strike_R"],"damage_healed":0,"gold_gain":0,"player_choice":"Card Removal","damage_taken":7,"max_hp_gain":0,"max_hp_loss":0,"event_name":"Golden Wing","floor":3,"gold_loss":0},{"damage_healed":0,"gold_gain":0,"player_choice":"Bought 0 Potions","damage_taken":0,"max_hp_gain":0,"max_hp_loss":0,"event_name":"The Woman in Blue","floor":8,"gold_loss":0},{"damage_healed":0,"gold_gain":0,"player_choice":"1 cards matched","damage_taken":0,"max_hp_gain":0,"max_hp_loss":0,"event_name":"Match and Keep!","floor":12,"gold_loss":0,"cards_obtained":["Limit Break"]}],"is_beta":false,"boss_relics":[{"not_picked":["Black Star","Snecko Eye"],"picked":"Calling Bell"}],"items_purged_floors":[4],"is_endless":false,"potions_floor_spawned":[1,6,7,18],"killed_by":"Shelled Parasite and Fungi","ascension_level":4}}