{"host":"6pgtslebjnyv5xmi","time":1610990438,"event":{"mods":["AchievementEnabler","BaseMod","Colored Map","Minty Spire (QoL Compilation)","Rare Cards Sparkle","StSLib","SuperFastMode","The Cursed","everything is the same but u backflip on backflip"],"gold_per_floor":[364,387,398,398,398,398,418,418,418,418,418,418,435,445,445,521,521,538,538,453,45,315,315,343,362,362,362,382,5,24,74,74,148,148,159,159,159,159,159,184,184,184,234,234,18,18,30,46,46,46],"floor_reached":51,"language":"KOR","playtime":1747,"items_purged":["Strike_R"],"score":1245,"play_id":"1495af2f-b96c-40ad-bc26-00065f3419f8","local_time":"20210119022038","is_ascension_mode":true,"campfire_choices":[{"data":"Armaments","floor":6,"key":"SMITH"},{"data":"Spot Weakness","floor":8,"key":"SMITH"},{"data":"Disarm","floor":10,"key":"SMITH"},{"data":"Intimidate","floor":12,"key":"SMITH"},{"data":"Carnage","floor":15,"key":"SMITH"},{"floor":23,"key":"REST"},{"floor":32,"key":"REST"},{"data":"Heavy Blade","floor":41,"key":"SMITH"},{"data":"Heavy Blade","floor":44,"key":"SMITH"},{"data":"J.A.X.","floor":46,"key":"SMITH"},{"data":"Flex","floor":49,"key":"SMITH"}],"circlet_count":0,"master_deck":["AscendersBane","Strike_R","Strike_R","Strike_R","Defend_R","Defend_R","Defend_R","Defend_R","Armaments+1","Disarm+1","Spot Weakness+1","Intimidate+1","Flex+1","Carnage+1","Limit Break","Heavy Blade+1","J.A.X.+1","Madness+1","Seeing Red+1","Shockwave+1","Limit Break+1","Sword Boomerang+1","Reaper","Dark Shackles+1","Madness+1","Madness+1","Heavy Blade+1","Battle Trance+1"],"relics":["Burning Blood","Ancient Tea Set","Meat on the Bone","Mark of Pain","Regal Pillow","Toxic Egg 2","Centennial Puzzle","Mercury Hourglass","Pen Nib","Sling","Black Star","Thread and Needle","Nunchaku","Blood Vial","Red Skull"],"acts_visited":["Exordium","TheCity","TheBeyond"],"potions_floor_usage":[16,16,24,28,33,40,50],"damage_taken":[{"damage":6,"enemies":"Cultist","floor":1,"turns":5},{"damage":5,"enemies":"Small Slimes","floor":3,"turns":4},{"damage":2,"enemies":"2 Louse","floor":7,"turns":3},{"damage":8,"enemies":"Red Slaver","floor":13,"turns":5},{"damage":4,"enemies":"Looter","floor":14,"turns":3},{"damage":14,"enemies":"The Guardian","floor":16,"turns":12},{"damage":19,"enemies":"Spheric Guardian","floor":18,"turns":4},{"damage":20,"enemies":"Slavers","floor":24,"turns":6},{"damage":25,"enemies":"3 Byrds","floor":25,"turns":7},{"damage":11,"enemies":"Cultist and Chosen","floor":28,"turns":5},{"damage":27,"enemies":"Snecko","floor":30,"turns":4},{"damage":68,"enemies":"Collector","floor":33,"turns":5},{"damage":17,"enemies":"Orb Walker","floor":35,"turns":3},{"damage":53,"enemies":"Giant Head","floor":40,"turns":8},{"damage":19,"enemies":"3 Darklings","floor":47,"turns":4},{"damage":3,"enemies":"Maw","floor":48,"turns":6},{"damage":53,"enemies":"Donu and Deca","floor":50,"turns":5}],"seed_played":"-2911097801528729202","potions_obtained":[{"floor":1,"key":"ColorlessPotion"},{"floor":7,"key":"Energy Potion"},{"floor":13,"key":"PowerPotion"},{"floor":18,"key":"DistilledChaos"},{"floor":25,"key":"Explosive Potion"},{"floor":30,"key":"Fire Potion"},{"floor":35,"key":"Block Potion"},{"floor":40,"key":"Strength Potion"}],"is_trial":false,"path_per_floor":["M","T","M","?","?","R","M","R","T","R","?","R","M","M","R","B",null,"M","?","?","$","?","R","E","M","T","$","M","$","M","?","R","B",null,"M","?","?","?","$","E","R","$","T","R","$","R","M","M","R","B",null],"character_chosen":"IRONCLAD","items_purchased":["Toxic Egg 2","Madness+1","Limit Break+1","Pen Nib","Sling","Battle Trance+1","Red Skull"],"campfire_rested":2,"item_purchase_floors":[21,21,29,29,29,45,45],"current_hp_per_floor":[68,68,69,74,74,74,78,78,78,78,78,78,76,78,78,70,78,65,65,65,65,38,77,63,56,56,56,51,51,42,42,80,30,68,57,57,43,43,43,48,48,48,48,48,48,48,80,80,80,45],"gold":46,"neow_bonus":"TWO_FIFTY_GOLD","is_daily":false,"chose_seed":false,"campfire_upgraded":9,"win_rate":0.0,"timestamp":1610990438,"path_taken":["M","?","M","?","?","R","?","R","T","R","?","R","M","?","R","BOSS","M","?","?","$","?","R","E","M","T","$","M","$","?","?","R","BOSS","M","?","?","?","?","E","R","$","T","R","$","R","M","M","R","BOSS"],"items_purchased_type":["Relic","Card","Card","Relic","Relic","Card","Relic"],"build_version":"2020-12-22","purchased_purges":1,"victory":true,"max_hp_per_floor":[75,75,75,80,80,80,80,80,80,80,80,80,80,80,80,80,80,80,80,80,80,80,80,80,80,80,80,80,80,80,80,80,80,80,80,80,80,80,80,80,80,80,80,80,80,80,80,80,80,80],"card_choices":[{"not_picked":["Sword Boomerang","Rage"],"picked":"Armaments","floor":1},{"not_picked":["Pommel Strike","Twin Strike"],"picked":"Disarm","floor":3},{"not_picked":["Power Through","Shockwave"],"picked":"Spot Weakness","floor":7},{"not_picked":["Thunderclap","Sever Soul"],"picked":"Flex","floor":13},{"not_picked":["Feel No Pain","Entrench"],"picked":"Carnage","floor":14},{"not_picked":["Corruption","Feed"],"picked":"Limit Break","floor":16},{"not_picked":["Second Wind","Combust"],"picked":"Heavy Blade","floor":18},{"not_picked":["Evolve","Fiend Fire"],"picked":"Seeing Red+1","floor":24},{"not_picked":["Carnage","Rupture"],"picked":"Shockwave+1","floor":25},{"not_picked":["Second Wind+1","Clash","Perfected Strike"],"picked":"SKIP","floor":28},{"not_picked":["Disarm+1","Bloodletting+1"],"picked":"Sword Boomerang+1","floor":30},{"not_picked":["Bludgeon","Barricade"],"picked":"Reaper","floor":33},{"not_picked":["Hemokinesis","Clash","Flex+1"],"picked":"SKIP","floor":35},{"not_picked":["Forethought+1","Mayhem"],"picked":"Dark Shackles+1","floor":36},{"not_picked":["Whirlwind+1","Sentinel+1"],"picked":"Heavy Blade","floor":40},{"not_picked":["Clash","Fire Breathing","Clothesline"],"picked":"SKIP","floor":47},{"not_picked":["Iron Wave","Perfected Strike","Twin Strike"],"picked":"SKIP","floor":48}],"player_experience":977808,"relics_obtained":[{"floor":2,"key":"Ancient Tea Set"},{"floor":9,"key":"Meat on the Bone"},{"floor":24,"key":"Centennial Puzzle"},{"floor":26,"key":"Mercury Hourglass"},{"floor":40,"key":"Thread and Needle"},{"floor":40,"key":"Nunchaku"},{"floor":43,"key":"Blood Vial"}],"event_choices":[{"damage_healed":0,"gold_gain":0,"player_choice":"Donut","damage_taken":0,"max_hp_gain":5,"max_hp_loss":0,"event_name":"Big Fish","floor":4,"gold_loss":0},{"cards_removed":["Doubt"],"damage_healed":0,"gold_gain":0,"player_choice":"Removed Curses","damage_taken":0,"max_hp_gain":0,"max_hp_loss":0,"event_name":"Fountain of Cleansing","floor":5,"gold_loss":0},{"damage_healed":0,"gold_gain":0,"cards_transformed":["Strike_R"],"player_choice":"Transformed","damage_taken":0,"max_hp_gain":0,"max_hp_loss":0,"event_name":"Transmorgrifier","floor":11,"gold_loss":0,"cards_obtained":["Intimidate"]},{"damage_healed":0,"gold_gain":0,"player_choice":"Obtain J.A.X.","damage_taken":0,"max_hp_gain":0,"max_hp_loss":0,"event_name":"Drug Dealer","floor":19,"gold_loss":0,"cards_obtained":["J.A.X."]},{"damage_healed":0,"gold_gain":0,"player_choice":"Obtained Relic","damage_taken":0,"relics_obtained":["Regal Pillow"],"max_hp_gain":0,"max_hp_loss":0,"event_name":"Addict","floor":20,"gold_loss":85},{"damage_healed":0,"gold_gain":270,"player_choice":"GOLD GOLD GOLD ","damage_taken":27,"max_hp_gain":0,"max_hp_loss":0,"event_name":"Knowing Skull","floor":22,"potions_obtained":[],"gold_loss":0,"cards_obtained":[]},{"damage_healed":0,"gold_gain":50,"player_choice":"Stole From Cult","damage_taken":0,"max_hp_gain":0,"max_hp_loss":0,"event_name":"Nest","floor":31,"gold_loss":0},{"damage_healed":0,"gold_gain":0,"player_choice":"Memory 1","damage_taken":0,"max_hp_gain":0,"max_hp_loss":0,"event_name":"SensoryStone","floor":36,"gold_loss":0},{"damage_healed":0,"gold_gain":0,"player_choice":"Embrace Madness","damage_taken":14,"max_hp_gain":0,"max_hp_loss":0,"event_name":"Winding Halls","floor":37,"gold_loss":0,"cards_obtained":["Madness","Madness"]},{"cards_removed":["Bash"],"damage_healed":0,"gold_gain":0,"player_choice":"Removed Attack","damage_taken":0,"max_hp_gain":0,"max_hp_loss":0,"event_name":"Falling","floor":38,"gold_loss":0}],"is_beta":false,"boss_relics":[{"not_picked":["Snecko Eye","SacredBark"],"picked":"Mark of Pain"},{"not_picked":["Empty Cage","Philosopher\u0027s Stone"],"picked":"Black Star"}],"items_purged_floors":[21],"is_endless":false,"potions_floor_spawned":[1,7,13,14,18,25,30,35,40],"ascension_level":15}}