{"host":"nlowmoq7gy18n72d","time":1610998950,"event":{"mods":["BaseMod","Colored Powertips","Downfall","Highlight Path","Minty Spire (QoL Compilation)","StSLib"],"gold_per_floor":[99,111,131,151,251,280,362,373,403,20,20,20,20,34,54,150,150,62,84,96,208,231,253,312,348,360,372,372],"floor_reached":27,"language":"ENG","playtime":836,"items_purged":["bronze:Strike"],"score":448,"play_id":"6ef7d0ee-02c5-494c-b537-d3ae089e0a50","local_time":"20210118224230","is_ascension_mode":false,"campfire_choices":[{"data":"bronze:Replicate","floor":1,"key":"SMITH"},{"floor":13,"key":"REST"},{"data":"bronze:HardenedForm","floor":18,"key":"SMITH"}],"circlet_count":0,"master_deck":["bronze:Strike+1","bronze:Strike","bronze:Defend","bronze:Defend","bronze:Defend","bronze:Defend","bronze:Replicate+1","bronze:Goto","bronze:Invalidate","bronze:Safeguard","bronze:InfiniteBeams","bronze:WhirlingStrike","bronze:Shell","bronze:DigitalCarnage+1","bronze:HardenedForm+1","bronze:FineTuning","bronze:InfiniteBeams","bronze:Verify","CurseOfTheBell","Injury","Decay","Regret","downfall:Aged","bronze:MaxOutput+1"],"relics":["bronze:BronzeCore","Pen Nib","Mercury Hourglass","Bottled Lightning","Molten Egg 2","Singing Bowl","Calling Bell","MawBank","Letter Opener","champ:DeflectingBracers","downfall:HeartBlessingGreen","Du-Vu Doll","Centennial Puzzle","Whetstone"],"acts_visited":["Exordium","TheCity"],"potions_floor_usage":[8,10,14,16,23],"damage_taken":[{"damage":1,"enemies":"Cultist","floor":2,"turns":3},{"damage":3,"enemies":"Jaw Worm","floor":3,"turns":4},{"damage":0,"enemies":"Small Slimes","floor":4,"turns":3},{"damage":19,"enemies":"Gremlin Nob","floor":6,"turns":4},{"damage":2,"enemies":"2 Fungi Beasts","floor":8,"turns":2},{"damage":15,"enemies":"3 Sentries","floor":9,"turns":6},{"damage":5,"enemies":"downfall:FleeingMerchant","floor":10,"turns":4},{"damage":4,"enemies":"Blue Slaver","floor":14,"turns":3},{"damage":7,"enemies":"2 Fungi Beasts","floor":15,"turns":3},{"damage":4,"enemies":"DF_ARCHETYPE_STREAMLINE","floor":16,"turns":8},{"damage":19,"enemies":"3 Byrds","floor":19,"turns":4},{"damage":5,"enemies":"Chosen","floor":22,"turns":3},{"damage":32,"enemies":"Centurion and Healer","floor":23,"turns":5},{"damage":41,"enemies":"Slavers","floor":27,"turns":2}],"seed_played":"-3250312980838298736","potions_obtained":[{"floor":3,"key":"SpeedPotion"},{"floor":6,"key":"bronze:BurnAndBuffPotion"},{"floor":8,"key":"FearPotion"},{"floor":9,"key":"LiquidMemories"},{"floor":19,"key":"Regen Potion"}],"is_trial":false,"path_per_floor":["R","M","M","M","?","E","T","M","E","$","?","?","R","M","M","B",null,"R","M","?","?","M","M","T","T","?","E"],"character_chosen":"THE_AUTOMATON","items_purchased":["Molten Egg 2","bronze:FineTuning"],"campfire_rested":1,"item_purchase_floors":[10,10],"current_hp_per_floor":[77,76,73,73,73,54,54,52,37,32,32,14,37,33,28,24,79,79,62,62,67,62,41,41,41,41,0,0],"gold":372,"neow_bonus":"TEN_PERCENT_HP_BONUS","is_daily":false,"chose_seed":false,"campfire_upgraded":2,"win_rate":0.0,"timestamp":1610998950,"path_taken":["R","M","?","M","?","E","T","M","E","?","?","?","R","M","M","BOSS","R","M","?","?","M","M","T","?","?","E"],"items_purchased_type":["Relic","Card"],"build_version":"2020-12-22","purchased_purges":1,"victory":false,"max_hp_per_floor":[77,77,77,77,77,77,77,77,77,77,77,77,77,77,79,79,79,79,81,81,86,86,88,88,88,88,88,88],"card_choices":[{"not_picked":["bronze:BuggyMess","bronze:Philosophize"],"picked":"bronze:Invalidate","floor":2},{"not_picked":["bronze:CutThrough","bronze:BugBarrage"],"picked":"bronze:Safeguard","floor":3},{"not_picked":["bronze:Optimize","bronze:BugBarrage"],"picked":"bronze:InfiniteBeams","floor":4},{"not_picked":["bronze:FineTuning","bronze:DelayedGuard"],"picked":"bronze:WhirlingStrike","floor":6},{"not_picked":["bronze:Shield","bronze:Backtrace"],"picked":"bronze:Shell","floor":8},{"not_picked":["bronze:Invalidate","bronze:BugBarrage"],"picked":"bronze:DigitalCarnage","floor":9},{"not_picked":["bronze:Optimize","bronze:Shield"],"picked":"bronze:HardenedForm","floor":10},{"not_picked":["bronze:WildBeam+1","bronze:ItsAFeature"],"picked":"bronze:InfiniteBeams","floor":14},{"not_picked":["bronze:Separator+1","bronze:WhirlingStrike+1","bronze:Safeguard"],"picked":"Singing Bowl","floor":15},{"not_picked":["bronze:RecursiveStrike+1","bronze:Virus+1"],"picked":"bronze:Verify","floor":16},{"not_picked":["bronze:BuggyMess+1","bronze:CloningBeam+1","bronze:WildBeam+1"],"picked":"Singing Bowl","floor":19},{"not_picked":["bronze:WhirlingStrike+1","bronze:DelayedGuard+1"],"picked":"bronze:MaxOutput+1","floor":22},{"not_picked":["bronze:BronzeOrb+1","bronze:BitShift+1","bronze:Shield"],"picked":"Singing Bowl","floor":23}],"player_experience":684828,"relics_obtained":[{"floor":6,"key":"Pen Nib"},{"floor":7,"key":"Mercury Hourglass"},{"floor":9,"key":"Bottled Lightning"},{"floor":17,"key":"MawBank"},{"floor":17,"key":"Letter Opener"},{"floor":17,"key":"champ:DeflectingBracers"},{"floor":24,"key":"Centennial Puzzle"},{"floor":25,"key":"Whetstone"}],"event_choices":[{"damage_healed":0,"gold_gain":0,"player_choice":"Success","damage_taken":18,"relics_obtained":["Singing Bowl"],"max_hp_gain":0,"max_hp_loss":0,"event_name":"Scrap Ooze","floor":12,"gold_loss":0},{"damage_healed":0,"gold_gain":0,"player_choice":"Ignored","damage_taken":0,"max_hp_gain":0,"max_hp_loss":0,"event_name":"Vampires","floor":20,"gold_loss":0}],"is_beta":false,"boss_relics":[{"not_picked":["Tiny House","Snecko Eye"],"picked":"Calling Bell"}],"items_purged_floors":[10],"is_endless":false,"potions_floor_spawned":[3,6,8,9,19],"killed_by":"Slavers","ascension_level":0}}