{"host":"z4nt7tdd4gjrinn7","time":1610930668,"event":{"mods":["100% Spire Juice","BaseMod","Minty Spire (QoL Compilation)","StSLib"],"gold_per_floor":[119,119,119,119,131,131,161,161,161,161,186,186,196,196,196,293,343,355,380,396,449,295,295,327,327,354,354,371,404,165,181,181,277,277,292,292,292,35,35,35,69,69,69,69,86,106,106,139,139,139,139],"floor_reached":50,"language":"ENG","playtime":12734,"items_purged":[],"score":607,"play_id":"f2e4131c-6034-4b46-8cea-f1798568c4d8","local_time":"20210117194428","is_ascension_mode":true,"campfire_choices":[{"data":"Perfected Strike","floor":6,"key":"SMITH"},{"floor":8,"key":"REST"},{"data":"Immolate","floor":10,"key":"SMITH"},{"data":"Cleave","floor":12,"key":"SMITH"},{"data":"Entrench","floor":15,"key":"SMITH"},{"floor":23,"key":"REST"},{"floor":25,"key":"REST"},{"floor":27,"key":"REST"},{"data":"Barricade","floor":32,"key":"SMITH"},{"floor":40,"key":"REST"},{"data":"Perfected Strike","floor":42,"key":"SMITH"},{"floor":44,"key":"REST"},{"floor":49,"key":"REST"}],"circlet_count":0,"master_deck":["Strike_R","Strike_R","Strike_R","Strike_R+1","Strike_R","Defend_R","Defend_R","Defend_R","Defend_R","Bash","Twin Strike","Immolate+1","Perfected Strike+1","Cleave+1","Entrench+1","Anger","Armaments","Juggernaut","Perfected Strike+1","Cleave","Shockwave","Perfected Strike+1","Intimidate+1","Clothesline","Cleave","Clothesline","Barricade+1","Feed","Thunderclap","Madness","Madness","Trip","Panacea","Shockwave","Feel No Pain","Fire Breathing+1","Blood for Blood+1","Feed","Metallicize+1","Heavy Blade"],"relics":["Burning Blood","Torii","Strawberry","Odd Mushroom","Lizard Tail","Tiny House","Red Mask","Orichalcum","Toolbox","Magic Flower","Dream Catcher","Darkstone Periapt","Sundial","Runic Pyramid","Letter Opener","CaptainsWheel","Dead Branch","Juzu Bracelet"],"acts_visited":["Exordium","TheCity","TheBeyond"],"potions_floor_usage":[7,19,24,24,33,33,33,41],"damage_taken":[{"damage":9,"enemies":"2 Louse","floor":1,"turns":3},{"damage":2,"enemies":"Small Slimes","floor":5,"turns":3},{"damage":32,"enemies":"Lagavulin","floor":7,"turns":4},{"damage":0,"enemies":"The Mushroom Lair","floor":11,"turns":1},{"damage":0,"enemies":"Cultist","floor":13,"turns":2},{"damage":17,"enemies":"Slime Boss","floor":16,"turns":8},{"damage":19,"enemies":"Shell Parasite","floor":18,"turns":3},{"damage":19,"enemies":"Masked Bandits","floor":19,"turns":3},{"damage":21,"enemies":"Spheric Guardian","floor":20,"turns":4},{"damage":60,"enemies":"Slavers","floor":24,"turns":5},{"damage":1,"enemies":"Chosen and Byrds","floor":28,"turns":3},{"damage":14,"enemies":"Book of Stabbing","floor":29,"turns":6},{"damage":0,"enemies":"Shelled Parasite and Fungi","floor":31,"turns":2},{"damage":103,"enemies":"Collector","floor":33,"turns":12},{"damage":10,"enemies":"3 Shapes","floor":35,"turns":5},{"damage":109,"enemies":"Giant Head","floor":41,"turns":10},{"damage":2,"enemies":"Orb Walker","floor":45,"turns":3},{"damage":32,"enemies":"Sphere and 2 Shapes","floor":46,"turns":5},{"damage":55,"enemies":"Reptomancer","floor":48,"turns":6},{"damage":62,"enemies":"Awakened One","floor":50,"turns":5}],"seed_played":"-3066163074251108223","potions_obtained":[{"floor":0,"key":"EntropicBrew"},{"floor":0,"key":"SkillPotion"},{"floor":0,"key":"CultistPotion"},{"floor":1,"key":"Regen Potion"},{"floor":7,"key":"BlessingOfTheForge"},{"floor":17,"key":"LiquidMemories"},{"floor":33,"key":"LiquidMemories"},{"floor":45,"key":"Swift Potion"},{"floor":46,"key":"Swift Potion"}],"is_trial":false,"path_per_floor":["M","?","?","?","M","R","E","R","T","R","?","R","M","T","R","B",null,"M","?","M","T","$","R","E","R","T","R","M","E","$","M","R","B",null,"M","?","?","$","?","R","E","R","T","R","M","M","?","E","R","B"],"character_chosen":"IRONCLAD","items_purchased":["Toolbox","Sundial","Letter Opener"],"campfire_rested":7,"item_purchase_floors":[22,30,38],"current_hp_per_floor":[77,77,77,77,80,80,54,78,85,85,87,87,87,87,87,76,92,79,66,51,51,51,78,33,60,60,87,92,87,87,92,92,22,92,94,82,82,82,82,95,80,80,80,95,95,77,77,31,60,0,0],"gold":139,"neow_bonus":"THREE_SMALL_POTIONS","is_daily":false,"chose_seed":false,"campfire_upgraded":6,"win_rate":0.0,"timestamp":1610930668,"path_taken":["M","?","?","?","?","R","E","R","T","R","?","R","M","?","R","BOSS","M","?","M","?","$","R","E","R","T","R","M","E","$","M","R","BOSS","M","?","?","$","?","R","E","R","T","R","?","M","?","E","R","BOSS"],"items_purchased_type":["Relic","Relic","Relic"],"build_version":"2020-12-22","purchased_purges":0,"victory":false,"max_hp_per_floor":[80,80,80,80,80,80,80,80,87,87,87,87,87,87,87,87,92,92,92,92,92,92,92,92,92,92,92,92,92,92,92,92,92,92,95,95,95,95,95,95,95,95,95,95,95,98,98,98,98,98,98],"card_choices":[{"not_picked":["Battle Trance","Bloodletting"],"picked":"Twin Strike","floor":1},{"not_picked":["Pommel Strike","Flex"],"picked":"Cleave","floor":5},{"not_picked":["Sever Soul","Dropkick"],"picked":"Entrench","floor":7},{"not_picked":["Sword Boomerang","Twin Strike"],"picked":"Anger","floor":11},{"not_picked":["Rupture","Reckless Charge"],"picked":"Armaments","floor":13},{"not_picked":["Berserk","Fiend Fire"],"picked":"Juggernaut","floor":16},{"not_picked":["Warcry","Flex"],"picked":"Perfected Strike","floor":17},{"not_picked":["Clash","Armaments"],"picked":"Cleave","floor":18},{"not_picked":["Clothesline","Pommel Strike+1"],"picked":"Shockwave","floor":19},{"not_picked":["Anger+1","Clothesline+1"],"picked":"Perfected Strike+1","floor":20},{"not_picked":["Flex","Pommel Strike"],"picked":"Intimidate+1","floor":24},{"not_picked":["Limit Break","Armaments"],"picked":"Clothesline","floor":27},{"not_picked":["Armaments","Iron Wave"],"picked":"Cleave","floor":28},{"not_picked":["Entrench","Dual Wield"],"picked":"Clothesline","floor":29},{"not_picked":["Warcry","Sword Boomerang"],"picked":"Barricade","floor":31},{"not_picked":["Exhume","Fiend Fire"],"picked":"Feed","floor":33},{"not_picked":["Shrug It Off","Havoc"],"picked":"Thunderclap","floor":35},{"not_picked":["Impatience","PanicButton"],"picked":"Trip","floor":37},{"not_picked":["Dual Wield","Disarm"],"picked":"Feel No Pain","floor":40},{"not_picked":["Hemokinesis","Sentinel+1"],"picked":"Fire Breathing+1","floor":41},{"not_picked":["Combust+1","Disarm+1"],"picked":"True Grit+1","floor":44},{"not_picked":["Reckless Charge","Havoc+1"],"picked":"Blood for Blood+1","floor":45},{"not_picked":["Wild Strike","Body Slam"],"picked":"Feed","floor":46},{"not_picked":["Berserk","Entrench+1"],"picked":"Metallicize+1","floor":48},{"not_picked":["Armaments","Pummel"],"picked":"Heavy Blade","floor":49}],"player_experience":77510,"relics_obtained":[{"floor":7,"key":"Torii"},{"floor":9,"key":"Strawberry"},{"floor":11,"key":"Odd Mushroom"},{"floor":14,"key":"Lizard Tail"},{"floor":19,"key":"Red Mask"},{"floor":21,"key":"Orichalcum"},{"floor":24,"key":"Magic Flower"},{"floor":26,"key":"Dream Catcher"},{"floor":29,"key":"Darkstone Periapt"},{"floor":41,"key":"CaptainsWheel"},{"floor":43,"key":"Dead Branch"},{"floor":48,"key":"Juzu Bracelet"}],"event_choices":[{"damage_healed":0,"gold_gain":0,"player_choice":"Ignored","damage_taken":0,"max_hp_gain":0,"max_hp_loss":0,"event_name":"Golden Wing","floor":2,"gold_loss":0},{"damage_healed":0,"gold_gain":0,"player_choice":"Leave","damage_taken":0,"max_hp_gain":0,"max_hp_loss":0,"event_name":"The Cleric","floor":3,"gold_loss":0},{"damage_healed":0,"gold_gain":0,"player_choice":"2 cards matched","damage_taken":0,"max_hp_gain":0,"max_hp_loss":0,"event_name":"Match and Keep!","floor":4,"gold_loss":0,"cards_obtained":["Immolate","Perfected Strike"]},{"damage_healed":0,"gold_gain":0,"player_choice":"Fought Mushrooms","damage_taken":0,"max_hp_gain":0,"max_hp_loss":0,"event_name":"Mushrooms","floor":11,"gold_loss":0},{"damage_healed":0,"gold_gain":0,"player_choice":"Fought Bandits","damage_taken":0,"max_hp_gain":0,"max_hp_loss":0,"event_name":"Masked Bandits","floor":19,"gold_loss":0},{"damage_healed":0,"gold_gain":0,"player_choice":"Embrace Madness","damage_taken":12,"max_hp_gain":0,"max_hp_loss":0,"event_name":"Winding Halls","floor":36,"gold_loss":0,"cards_obtained":["Madness","Madness"]},{"damage_healed":0,"gold_gain":0,"player_choice":"Memory 1","damage_taken":0,"max_hp_gain":0,"max_hp_loss":0,"event_name":"SensoryStone","floor":37,"gold_loss":0},{"damage_healed":0,"gold_gain":0,"player_choice":"2 cards matched","damage_taken":0,"max_hp_gain":0,"max_hp_loss":0,"event_name":"Match and Keep!","floor":39,"gold_loss":0,"cards_obtained":["Panacea","Shockwave"]},{"cards_removed":["True Grit"],"damage_healed":0,"gold_gain":0,"player_choice":"Purged","damage_taken":0,"max_hp_gain":0,"max_hp_loss":0,"event_name":"Purifier","floor":47,"gold_loss":0}],"is_beta":false,"boss_relics":[{"not_picked":["SacredBark","Black Blood"],"picked":"Tiny House"},{"not_picked":["Coffee Dripper","Empty Cage"],"picked":"Runic Pyramid"}],"items_purged_floors":[],"is_endless":false,"potions_floor_spawned":[1,7,13,24,28,33,45,46],"killed_by":"Awakened One","ascension_level":1}}