{"host":"b995t17pt6d05w8c","time":1610992674,"event":{"mods":["AchievementEnabler","BaseMod","Colored Map","DeckTracker","Keyboard Shortcuts","Minty Spire (QoL Compilation)","Permanent Neow","SuperFastMode"],"gold_per_floor":[359,373,388,152,152,152,181,192,192,92,92,108,158,169,169,248,248,263,276,151,168,18,18,30,30,82,109,109,137,137,150,150,227,227,246,266,266,282,107,107,132,157,157,157,157,167,215,215,215,215],"floor_reached":51,"language":"KOR","playtime":1124,"items_purged":["Strike_P","Strike_P","Strike_P","Defend_P","Defend_P+1"],"score":1641,"play_id":"240161f3-851e-4f7d-8667-6150baabf423","local_time":"20210119025754","is_ascension_mode":true,"campfire_choices":[{"data":"Eruption","floor":6.0,"key":"SMITH"},{"floor":11.0,"key":"REST"},{"data":"Ragnarok","floor":15.0,"key":"SMITH"},{"floor":25.0,"key":"REST"},{"floor":32,"key":"REST"},{"floor":40,"key":"REST"},{"floor":45,"key":"RECALL"},{"floor":49,"key":"REST"}],"circlet_count":0,"master_deck":["AscendersBane","Eruption+1","Vigilance+1","Halt+1","Ragnarok+1","Adaptation+1","LessonLearned+1","Vault+1","MentalFortress+1","Indignation+1","WreathOfFlame+1","FearNoEvil+1","Vault+1","Madness","Madness"],"relics":["PureWater","TheAbacus","Bird Faced Urn","Darkstone Periapt","Fusion Hammer","Vajra","InkBottle","Singing Bowl","Runic Pyramid","Du-Vu Doll","Ginger","Question Card","Mango"],"acts_visited":["Exordium","TheCity","TheBeyond"],"potions_floor_usage":[50],"damage_taken":[{"damage":9.0,"enemies":"2 Louse","floor":1.0,"turns":3.0},{"damage":0.0,"enemies":"Cultist","floor":2.0,"turns":3.0},{"damage":0.0,"enemies":"Jaw Worm","floor":3.0,"turns":3.0},{"damage":8.0,"enemies":"Lagavulin","floor":7.0,"turns":7.0},{"damage":13.0,"enemies":"Exordium Thugs","floor":8.0,"turns":5.0},{"damage":0.0,"enemies":"Exordium Wildlife","floor":12.0,"turns":3.0},{"damage":7.0,"enemies":"Lots of Slimes","floor":14.0,"turns":4.0},{"damage":18.0,"enemies":"Slime Boss","floor":16.0,"turns":5.0},{"damage":7.0,"enemies":"3 Byrds","floor":18.0,"turns":4.0},{"damage":14.0,"enemies":"2 Thieves","floor":19.0,"turns":3.0},{"damage":12.0,"enemies":"Snake Plant","floor":21.0,"turns":4.0},{"damage":0.0,"enemies":"Sentry and Sphere","floor":24.0,"turns":1.0},{"damage":0.0,"enemies":"Gremlin Leader","floor":27.0,"turns":3.0},{"damage":0,"enemies":"Book of Stabbing","floor":29,"turns":4},{"damage":0,"enemies":"Chosen and Byrds","floor":31,"turns":4},{"damage":2,"enemies":"Automaton","floor":33,"turns":7},{"damage":0,"enemies":"3 Darklings","floor":35,"turns":4},{"damage":0,"enemies":"Orb Walker","floor":36,"turns":3},{"damage":0,"enemies":"Sphere and 2 Shapes","floor":38,"turns":3},{"damage":0,"enemies":"Mind Bloom Boss Battle","floor":41,"turns":3},{"damage":0,"enemies":"Nemesis","floor":42,"turns":3},{"damage":0,"enemies":"Transient","floor":46,"turns":6},{"damage":0,"enemies":"2 Orb Walkers","floor":47,"turns":3},{"damage":0,"enemies":"Time Eater","floor":50,"turns":4}],"seed_played":"2465738462900748198","potions_obtained":[{"floor":2.0,"key":"Dexterity Potion"},{"floor":12.0,"key":"DistilledChaos"},{"floor":16.0,"key":"SkillPotion"},{"floor":21.0,"key":"Block Potion"}],"is_trial":false,"path_per_floor":["M","M","M","$","?","R","E","M","T","$","R","M","?","M","R","B",null,"M","M","$","M","$","?","M","R","T","E","?","E","$","M","R","B",null,"M","M","?","M","$","R","?","E","T","?","R","M","?","?","R","B",null],"character_chosen":"WATCHER","items_purchased":["TheAbacus"],"campfire_rested":5,"item_purchase_floors":[4],"current_hp_per_floor":[34,34,34,34,34,34,26,15,15,15,35,37,37,32,32,16,55,50,38,38,30,30,30,32,52,52,54,68,70,70,72,72,70,72,74,76,76,78,78,78,80,82,82,82,82,84,100,82,100,100],"gold":215,"neow_bonus":"TWO_FIFTY_GOLD","is_daily":false,"chose_seed":false,"campfire_upgraded":2,"win_rate":0.0,"timestamp":1610992674,"path_taken":["M","M","M","$","?","R","E","M","T","?","R","M","?","M","R","BOSS","M","?","$","M","$","?","M","R","T","E","?","E","?","?","R","BOSS","M","M","?","?","$","R","?","E","T","?","R","?","?","?","R","BOSS"],"items_purchased_type":["Relic"],"build_version":"2020-12-22","purchased_purges":5,"victory":true,"max_hp_per_floor":[68,68,68,68,68,68,68,68,68,68,68,68,68,68,68,68,68,68,68,68,68,68,68,68,68,68,68,68,70,70,72,72,72,72,74,76,76,78,78,78,80,82,82,82,82,84,100,100,100,100],"card_choices":[{"not_picked":["ThirdEye","CutThroughFate"],"picked":"Halt","floor":1.0},{"not_picked":["CutThroughFate","ClearTheMind"],"picked":"Ragnarok","floor":2.0},{"not_picked":["WreathOfFlame","Crescendo"],"picked":"Adaptation","floor":3.0},{"not_picked":["Wallop","Halt"],"picked":"LessonLearned","floor":7.0},{"not_picked":["Protect","EmptyMind","Collect"],"picked":"SKIP","floor":8.0},{"not_picked":["FlyingSleeves","LikeWater","Weave"],"picked":"SKIP","floor":12.0},{"not_picked":["FlyingSleeves","Evaluate","BattleHymn"],"picked":"SKIP","floor":14.0},{"not_picked":["SpiritShield","Brilliance"],"picked":"Vault","floor":16.0},{"not_picked":["FlyingSleeves+1","PathToVictory","Protect"],"picked":"SKIP","floor":18.0},{"not_picked":["WreathOfFlame","Halt"],"picked":"MentalFortress+1","floor":19.0},{"not_picked":["FlurryOfBlows","WheelKick","Perseverance"],"picked":"SKIP","floor":21.0},{"not_picked":["PathToVictory","Consecrate","Prostrate"],"picked":"SKIP","floor":24.0},{"not_picked":["WindmillStrike+1","Protect"],"picked":"FearNoEvil","floor":27.0},{"not_picked":["ReachHeaven","Crescendo","DeceiveReality"],"picked":"Singing Bowl","floor":29},{"not_picked":["Wireheading","JustLucky","CrushJoints"],"picked":"Singing Bowl","floor":31},{"not_picked":["Omniscience","DeusExMachina"],"picked":"Vault","floor":33},{"not_picked":["SashWhip","EmptyFist","FollowUp"],"picked":"Singing Bowl","floor":35},{"not_picked":["FlurryOfBlows","PathToVictory","Pray"],"picked":"Singing Bowl","floor":36},{"not_picked":["CrushJoints","Weave","Wallop"],"picked":"Singing Bowl","floor":38},{"not_picked":["FlyingSleeves+1","CutThroughFate","LikeWater+1"],"picked":"Singing Bowl","floor":41},{"not_picked":["LessonLearned","EmptyFist+1","DevaForm"],"picked":"Singing Bowl","floor":42},{"not_picked":["Protect","Fasting2","EmptyFist","FlurryOfBlows"],"picked":"Singing Bowl","floor":46},{"not_picked":["CutThroughFate","FlurryOfBlows","Protect+1","DeceiveReality"],"picked":"Singing Bowl","floor":47}],"player_experience":153472,"relics_obtained":[{"floor":7.0,"key":"Bird Faced Urn"},{"floor":9.0,"key":"Darkstone Periapt"},{"floor":26.0,"key":"Vajra"},{"floor":27.0,"key":"InkBottle"},{"floor":29,"key":"Singing Bowl"},{"floor":41,"key":"Du-Vu Doll"},{"floor":42,"key":"Ginger"},{"floor":43,"key":"Question Card"},{"floor":47,"key":"Mango"}],"event_choices":[{"cards_removed":["Defend_P"],"damage_healed":0.0,"max_hp_gain":0.0,"max_hp_loss":0.0,"gold_gain":0.0,"event_name":"Bonfire Elementals","player_choice":"Offered Basic","floor":5.0,"gold_loss":0.0,"damage_taken":0.0},{"damage_healed":0.0,"max_hp_gain":0.0,"max_hp_loss":0.0,"gold_gain":50.0,"event_name":"Golden Shrine","player_choice":"Pray","floor":13.0,"gold_loss":0.0,"damage_taken":0.0},{"damage_healed":0.0,"max_hp_gain":0.0,"max_hp_loss":0.0,"gold_gain":0.0,"cards_transformed":["Defend_P","Strike_P"],"event_name":"Drug Dealer","player_choice":"Became Test Subject","floor":23.0,"gold_loss":0.0,"damage_taken":0.0,"cards_obtained":["Indignation","WreathOfFlame"]},{"damage_healed":14,"gold_gain":0,"player_choice":"Heal","damage_taken":0,"max_hp_gain":0,"max_hp_loss":0,"event_name":"The Library","floor":28,"gold_loss":0},{"damage_healed":0,"gold_gain":0,"player_choice":"Upgraded","damage_taken":0,"max_hp_gain":0,"max_hp_loss":0,"event_name":"Upgrade Shrine","floor":37,"gold_loss":0,"cards_upgraded":["Vault"]},{"damage_healed":0,"gold_gain":0,"player_choice":"Fight","damage_taken":0,"max_hp_gain":0,"max_hp_loss":0,"event_name":"MindBloom","floor":41,"gold_loss":0},{"damage_healed":0,"gold_gain":0,"player_choice":"Forge","damage_taken":0,"max_hp_gain":0,"max_hp_loss":0,"event_name":"Accursed Blacksmith","floor":44,"gold_loss":0,"cards_upgraded":["Indignation"]},{"damage_healed":0,"gold_gain":0,"player_choice":"Fight","damage_taken":0,"max_hp_gain":0,"max_hp_loss":0,"event_name":"Mysterious Sphere","floor":47,"gold_loss":0},{"damage_healed":0,"gold_gain":0,"player_choice":"Embrace Madness","damage_taken":18,"max_hp_gain":0,"max_hp_loss":0,"event_name":"Winding Halls","floor":48,"gold_loss":0,"cards_obtained":["Madness","Madness"]}],"is_beta":false,"boss_relics":[{"not_picked":["Runic Dome","Velvet Choker"],"picked":"Fusion Hammer"},{"not_picked":["Busted Crown","Calling Bell"],"picked":"Runic Pyramid"}],"items_purged_floors":[4,10,20,22,39],"is_endless":false,"potions_floor_spawned":[2,12,16,19,21,27,33,36,46],"ascension_level":19}}