{"host":"5unvcuco0qq3uuek","time":1610989481,"event":{"mods":["BaseMod","Downfall","Minty Spire (QoL Compilation)","StSLib"],"gold_per_floor":[99,110,125,275,16,46,46,31,66,77,77,77,24,24,41,41,41],"floor_reached":16,"language":"ENG","playtime":1127,"items_purged":[],"score":108,"play_id":"f849b125-f23f-49d1-bebf-134e5978e064","local_time":"20210118120441","is_ascension_mode":false,"campfire_choices":[{"data":"bronze:Replicate","floor":1,"key":"SMITH"},{"floor":11,"key":"REST"}],"circlet_count":0,"master_deck":["bronze:Strike","bronze:Strike","bronze:Strike","bronze:Strike","bronze:Defend","bronze:Defend","bronze:Defend","bronze:Defend","bronze:Replicate+1","bronze:Goto","bronze:DelayedSlice","bronze:Backtrace","bronze:FineTuning","bronze:Optimize","bronze:Frontload","bronze:Iterate","bronze:DigitalCarnage","bronze:Fortify"],"relics":["bronze:BronzeCore","Shuriken","White Beast Statue","Ancient Tea Set"],"acts_visited":["Exordium"],"potions_floor_usage":[9,16,16],"damage_taken":[{"damage":7,"enemies":"2 Louse","floor":2,"turns":3},{"damage":1,"enemies":"Jaw Worm","floor":3,"turns":2},{"damage":5,"enemies":"downfall:FleeingMerchant","floor":5,"turns":4},{"damage":21,"enemies":"Lagavulin","floor":6,"turns":5},{"damage":5,"enemies":"downfall:FleeingMerchant","floor":8,"turns":4},{"damage":17,"enemies":"Gremlin Nob","floor":9,"turns":4},{"damage":2,"enemies":"Small Slimes","floor":10,"turns":2},{"damage":10,"enemies":"downfall:FleeingMerchant","floor":13,"turns":4},{"damage":0,"enemies":"2 Fungi Beasts","floor":15,"turns":3},{"damage":51,"enemies":"SI_SHIV_ARCHETYPE","floor":16,"turns":7}],"seed_played":"2315508760239483155","potions_obtained":[{"floor":3,"key":"Ancient Potion"},{"floor":6,"key":"Block Potion"},{"floor":8,"key":"Regen Potion"},{"floor":9,"key":"bronze:FreeFunctionsPotion"},{"floor":15,"key":"DistilledChaos"}],"is_trial":false,"path_per_floor":["R","M","M","?","$","E","T","$","E","M","R","?","$","?","M","B"],"character_chosen":"THE_AUTOMATON","items_purchased":["Shuriken","bronze:DigitalCarnage"],"campfire_rested":1,"item_purchase_floors":[5,13],"current_hp_per_floor":[77,70,69,69,64,43,43,38,21,19,42,42,32,32,32,0,0],"gold":41,"neow_bonus":"TEN_PERCENT_HP_BONUS","is_daily":false,"chose_seed":false,"campfire_upgraded":1,"win_rate":0.0,"timestamp":1610989481,"path_taken":["R","M","M","?","?","E","T","$","E","M","R","?","$","?","M","BOSS"],"items_purchased_type":["Relic","Card"],"build_version":"2020-12-22","purchased_purges":0,"victory":false,"max_hp_per_floor":[77,77,77,77,77,77,77,77,77,77,77,77,77,77,77,77,77],"card_choices":[{"not_picked":["bronze:BuggyMess","bronze:Frontload"],"picked":"bronze:DelayedSlice","floor":2},{"not_picked":["bronze:BuggyMess","bronze:FineTuning"],"picked":"bronze:Backtrace","floor":3},{"not_picked":["bronze:Branch","bronze:BugBarrage"],"picked":"bronze:FineTuning","floor":5},{"not_picked":["bronze:Safeguard","bronze:DelayedSlice"],"picked":"bronze:Optimize","floor":6},{"not_picked":["bronze:Shell","bronze:Shield","bronze:MaxOutput"],"picked":"SKIP","floor":8},{"not_picked":["bronze:BuggyMess","bronze:Frontload","bronze:BugBarrage"],"picked":"SKIP","floor":9},{"not_picked":["bronze:ItsAFeature","bronze:BugBarrage"],"picked":"bronze:Frontload","floor":10},{"not_picked":["bronze:ChildClass","bronze:HardenedForm"],"picked":"bronze:Iterate","floor":13},{"not_picked":["bronze:Overheat","bronze:OilSpill"],"picked":"bronze:Fortify","floor":15}],"player_experience":490367,"relics_obtained":[{"floor":6,"key":"White Beast Statue"},{"floor":9,"key":"Ancient Tea Set"}],"event_choices":[{"cards_removed":["downfall:Icky"],"damage_healed":0,"gold_gain":0,"player_choice":"Card Removal","damage_taken":0,"max_hp_gain":0,"max_hp_loss":0,"event_name":"The Cleric","floor":12,"gold_loss":0}],"is_beta":false,"boss_relics":[],"items_purged_floors":[],"is_endless":false,"potions_floor_spawned":[3,6,8,9,10,13,15],"killed_by":"SI_SHIV_ARCHETYPE","ascension_level":0}}