{"host":"btkahjvw3wdsn6lk","time":1610970696,"event":{"mods":["100% Spire Juice","ATMod(°¢èªMod)","Act Like it!","BaseMod","Dota2Spire","Gensokyo","Highlight Path","Minty Spire (QoL Compilation)","RumiaBox-Â¶Ã×æ«µÄÉñÃØºÐ×Ó","Spicy Shops","StSLib","¡¾ÒÅÎï¿¨ÅÆ¡¿REMEMod"],"gold_per_floor":[110,128,225,225,225,225,260,280,280,280,370,181,181,261,21,118,118,431,528,528,57,17,17,0,27,27,27,40,55,162,22,22,122,122,171,22,339,339,756,1085,1085,1085,1085,609,609,609,724,821,821,1101,1101,1101,85,396,576],"floor_reached":56,"language":"ZHS","playtime":5291,"items_purged":["Moonworks:Strike","Moonworks:Strike","Moonworks:Strike","Moonworks:Defend","Moonworks:Ambush"],"score":1697,"play_id":"9e013f6a-f7af-4a0c-800b-ddda1fb14968","local_time":"20210118195136","is_ascension_mode":true,"campfire_choices":[{"data":"AT_FamilyPortrait","floor":6.0,"key":"SMITH"},{"data":"Moonworks:ImmovableObject","floor":10.0,"key":"SMITH"},{"floor":13.0,"key":"RECALL"},{"data":"Moonworks:NicePresent","floor":15.0,"key":"SMITH"},{"data":"Moonworks:SubspaceTunnel","floor":23.0,"key":"SMITH"},{"data":"REME_ProfessionalPlagiarism","floor":27.0,"key":"SMITH"},{"data":"Moonworks:AnotherUltimateWeapon","floor":32.0,"key":"SMITH"},{"data":"Jack Of All Trades","floor":41.0,"key":"SMITH"},{"data":"Finesse","floor":46.0,"key":"SMITH"},{"data":"Flash of Steel","floor":49.0,"key":"SMITH"},{"data":"Moonworks:EvilMastermind","floor":52,"key":"SMITH"}],"circlet_count":0,"master_deck":["Moonworks:Defend","Moonworks:Defend+1","Moonworks:Defend","Moonworks:LongDistanceShot","REME_WheelOfFate+1","AT_FamilyPortrait+1","Moonworks:NicePresent+1","Moonworks:ImmovableObject+1","Moonworks:SubspaceTunnel+1","Finesse+1","REME_ProfessionalPlagiarism+1","Gensokyo:Doppelganger+1","Moonworks:NicePresent+1","Flash of Steel+1","Moonworks:AnotherUltimateWeapon+1","Moonworks:EvilMastermind+1","Jack Of All Trades+1","Moonworks:NicePresent+1","Gensokyo:HouraiInAPot+1","REME_TwoStrings+1","Moonworks:NicePresent+1"],"relics":["Moonworks:BrokenBomb","Moonworks:Homemark","AT_ATBox","REME_ComplimentaryCards","Strawberry","Centennial Puzzle","Art of War","REME_LowDesire","Dota2Spire:PowerTreads","Dota2Spire:MagicBottle","AT_SunfireAegis","MoreBug","GodSword5","Dota2Spire:DivineRapier","Lantern","Ancient Tea Set","TungstenRod","Oddly Smooth Stone","Philosopher\u0027s Stone","Dota2Spire:LotusOrb","AT_ChloranthyRing","Regal Pillow","Old Coin","Bag of Marbles","Dota2Spire:EyeOfSkadi","ChaoDraw","REME_HandOfSuture","Incense Burner","Strawberry","AT_TheCollector","AT_EbonyIvory","MagicDraw3","REME_LimitBreaker","REME_HourglassOfDeath","Dota2Spire:EchoSabre","Bag of Preparation"],"acts_visited":["Exordium","Gensokyo:Gensokyo","Gensokyo:Gensokyoer","TheEnding"],"potions_floor_usage":[55,55,55],"damage_taken":[{"damage":0.0,"enemies":"Gensokyo:Python","floor":1.0,"turns":2.0},{"damage":0.0,"enemies":"Gensokyo:3_Fairies","floor":2.0,"turns":3.0},{"damage":11.0,"enemies":"Gensokyo:2_Kodama","floor":3.0,"turns":5.0},{"damage":37.0,"enemies":"Gensokyo:Cirno","floor":7.0,"turns":8.0},{"damage":10.0,"enemies":"Gensokyo:CorruptedTreant","floor":8.0,"turns":5.0},{"damage":0.0,"enemies":"Gensokyo:LivingMonolith","floor":11.0,"turns":4.0},{"damage":56.0,"enemies":"Gensokyo:Reimu","floor":16.0,"turns":14.0},{"damage":0.0,"enemies":"Gensokyo:AngelMirror","floor":18.0,"turns":3.0},{"damage":8.0,"enemies":"Gensokyo:Chomper","floor":19.0,"turns":4.0},{"damage":0.0,"enemies":"Gensokyo:Koishi","floor":25.0,"turns":4.0},{"damage":0.0,"enemies":"Gensokyo:Wraith","floor":28.0,"turns":4.0},{"damage":0.0,"enemies":"Gensokyo:3_Gloops","floor":29.0,"turns":1.0},{"damage":23.0,"enemies":"Gensokyo:Reisen","floor":30.0,"turns":4.0},{"damage":0.0,"enemies":"Gensokyo:Eternal_Rivals","floor":33.0,"turns":2.0},{"damage":0.0,"enemies":"Gensokyo:3_Boulders","floor":35.0,"turns":3.0},{"damage":0.0,"enemies":"Gensokyo:AncientGuardian","floor":37.0,"turns":4.0},{"damage":11.0,"enemies":"Gensokyo:SeedOfUnknown","floor":39.0,"turns":4.0},{"damage":1.0,"enemies":"Gensokyo:Doremy","floor":40.0,"turns":2.0},{"damage":0.0,"enemies":"Gensokyo:Doremy","floor":45.0,"turns":1.0},{"damage":0.0,"enemies":"Gensokyo:Marisa","floor":47.0,"turns":1.0},{"damage":0.0,"enemies":"Gensokyo:AtlasGolem","floor":48.0,"turns":2.0},{"damage":3,"enemies":"Gensokyo:Shinki","floor":50,"turns":4},{"damage":0,"enemies":"Shield and Spear","floor":54,"turns":3},{"damage":20,"enemies":"The Heart","floor":55,"turns":3}],"seed_played":"-4144852723542919952","potions_obtained":[{"floor":2.0,"key":"Weak Potion"},{"floor":3.0,"key":"DistilledChaos"},{"floor":8.0,"key":"FairyPotion"},{"floor":19.0,"key":"Moonworks:OneHundredPercentOrangeJuicePotion"},{"floor":25.0,"key":"Weak Potion"},{"floor":29.0,"key":"ColorlessPotion"},{"floor":33.0,"key":"REME_GoldPotion"},{"floor":40.0,"key":"Strength Potion"}],"is_trial":false,"path_per_floor":["M","M","M","?","?","R","E","M","T","R","M","COS","R","?","R","B",null,"M","M","?","$","?","R","?","E","T","R","M","M","E","COS","R","B",null,"M","COS","M","?","M","E","R","?","T","$","?","R","E","M","R","B",null,"R","$","E","B",null],"character_chosen":"THE_STARBREAKER","items_purchased":["MoreBug","REME_HandOfSuture","Moonworks:OneHundredPercentOrangeJuicePotion","AT_EbonyIvory","PowerPotion","MagicDraw3","REME_LimitBreaker"],"campfire_rested":0,"item_purchase_floors":[21,44,44,53,53,53,53],"current_hp_per_floor":[66,66,55,55,52,52,35,25,25,25,25,25,25,25,25,21,73,73,65,65,65,65,65,65,66,66,66,66,66,44,44,44,44,66,66,66,66,66,56,59,59,39,39,39,39,39,72,80,80,79,80,80,80,80,80],"gold":576,"neow_bonus":"TEN_PERCENT_HP_BONUS","is_daily":false,"chose_seed":false,"campfire_upgraded":10,"win_rate":0.0,"timestamp":1610970696,"path_taken":["M","M","M","?","?","R","E","?","T","R","M","COS","R","?","R","BOSS","M","M","?","$","?","R","?","E","T","R","M","M","E","COS","R","BOSS","M","COS","M","?","M","E","R","?","T","?","?","R","E","M","R","BOSS","R","$","E","BOSS"],"items_purchased_type":["Relic","Relic","Potion","Relic","Potion","Relic","Relic"],"build_version":"2020-12-22","purchased_purges":5,"victory":true,"max_hp_per_floor":[66,66,66,66,73,73,73,73,73,73,73,73,73,73,73,73,73,73,73,66,66,66,66,66,66,66,66,66,66,66,66,66,66,66,66,66,66,66,66,68,68,73,73,73,73,73,80,80,80,80,80,80,80,80,80],"card_choices":[{"not_picked":["Moonworks:ExtendedPhotonRifle","Moonworks:IndiscriminateFireSupport","Moonworks:SakisCookie"],"picked":"SKIP","floor":1.0},{"not_picked":["Moonworks:DevilHand","Moonworks:BeyondHell","Moonworks:AngelHand"],"picked":"SKIP","floor":2.0},{"not_picked":["Moonworks:SakisCookie","Moonworks:LulusLuckyEgg","Moonworks:IndiscriminateFireSupport"],"picked":"SKIP","floor":3.0},{"not_picked":["Moonworks:SakisCookie","Moonworks:Bloodlust"],"picked":"Moonworks:NicePresent","floor":7.0},{"not_picked":["Moonworks:ImOnFire","Moonworks:Dash"],"picked":"Moonworks:ImmovableObject","floor":8.0},{"not_picked":["Moonworks:BigMagnum","Moonworks:FinalSurgery","Moonworks:DeployBits"],"picked":"SKIP","floor":11.0},{"not_picked":["Moonworks:LeapThroughSpace","Moonworks:WeAreWaruda"],"picked":"Moonworks:SubspaceTunnel","floor":16.0},{"not_picked":["Moonworks:CloudOfSeagulls","Moonworks:UnpaidWork","Moonworks:BackdoorTrade"],"picked":"Finesse","floor":18.0},{"not_picked":["Moonworks:ImOnFire","Moonworks:CloudOfSeagulls","Moonworks:EvilSpyWorkPreparation"],"picked":"REME_ProfessionalPlagiarism","floor":19.0},{"not_picked":["Gensokyo:LittleGreenMen","Gensokyo:SpontaneousHumanCombustion"],"picked":"Gensokyo:Doppelganger","floor":20.0},{"not_picked":["Moonworks:BindingChains","Moonworks:FinalSurgery","Sadistic Nature"],"picked":"Moonworks:NicePresent+1","floor":25.0},{"not_picked":["Moonworks:BackdoorTrade","Moonworks:ImOnFire","Moonworks:JonathanRush+1"],"picked":"Flash of Steel","floor":28.0},{"not_picked":["Moonworks:IntelligenceOfficer","Moonworks:StiffCrystal+1","Moonworks:ImmovableObject","AT_LightSaberMaster"],"picked":"SKIP","floor":29.0},{"not_picked":["Moonworks:NicePresent","Moonworks:WindyEnchantment","Transmutation"],"picked":"Moonworks:AnotherUltimateWeapon","floor":30.0},{"not_picked":["Moonworks:Gamble","Moonworks:Accelerator","Discovery"],"picked":"Moonworks:EvilMastermind","floor":33.0},{"not_picked":["Moonworks:DeployBits","Moonworks:BigMagnum+1","Moonworks:BackdoorTrade"],"picked":"Jack Of All Trades","floor":35.0},{"not_picked":["Moonworks:Assault+1","Moonworks:ScrambledEve","Moonworks:IndiscriminateFireSupport","Mayhem"],"picked":"SKIP","floor":37.0},{"not_picked":["Moonworks:AngelHand+1","Moonworks:JonathanRush","Moonworks:SakisCookie","Good Instincts"],"picked":"SKIP","floor":39.0},{"not_picked":["Moonworks:DeployBits","Moonworks:LulusLuckyEgg","REME_TheoryOfElimination+1"],"picked":"Moonworks:NicePresent+1","floor":40.0},{"not_picked":["Gensokyo:RisingWorld+1","Gensokyo:UnhurriedMind+1"],"picked":"Gensokyo:HouraiInAPot+1","floor":45.0},{"not_picked":["Moonworks:NicePresent","Moonworks:SakisCookie","Moonworks:EvilMastermind"],"picked":"REME_TwoStrings+1","floor":47.0},{"not_picked":["Moonworks:Poppoformation","Moonworks:DeployBits+1","Moonworks:IndiscriminateFireSupport","REME_BuildACard"],"picked":"SKIP","floor":48.0},{"not_picked":["Moonworks:Bloodlust+1","Moonworks:Poppoformation+1","Trip+1"],"picked":"Moonworks:NicePresent+1","floor":54}],"player_experience":396136,"relics_obtained":[{"floor":7.0,"key":"Centennial Puzzle"},{"floor":17.0,"key":"Dota2Spire:PowerTreads"},{"floor":17.0,"key":"Dota2Spire:MagicBottle"},{"floor":25.0,"key":"Ancient Tea Set"},{"floor":26.0,"key":"TungstenRod"},{"floor":30.0,"key":"Oddly Smooth Stone"},{"floor":40.0,"key":"Bag of Marbles"},{"floor":43.0,"key":"ChaoDraw"},{"floor":47.0,"key":"AT_TheCollector"},{"floor":54,"key":"REME_HourglassOfDeath"}],"event_choices":[],"is_beta":false,"boss_relics":[{"not_picked":["Velvet Choker","Runic Dome"],"picked":"REME_LowDesire"},{"not_picked":["EasyGame_NEW","Calling Bell"],"picked":"Philosopher\u0027s Stone"}],"items_purged_floors":[21,44,44,53,53],"is_endless":false,"potions_floor_spawned":[2,3,8,19,25,29,33,40],"ascension_level":2}}