{"host":"dcj2yvrgcvh5dl2s","time":1610985099,"event":{"mods":["BaseMod","Better Note","Block Reminder","Colored Powertips","DeckTracker","Minty Spire (QoL Compilation)","Quick Restart","Rare Cards Sparkle","Relic Stats","StSLib"],"gold_per_floor":[114,130,205,205,205,205,205],"floor_reached":6,"language":"ENG","playtime":667,"items_purged":[],"score":44,"play_id":"3d627f5b-d426-4594-85f7-bc9b8093f9f4","local_time":"20210119015139","is_ascension_mode":true,"campfire_choices":[],"circlet_count":0,"master_deck":["Strike_G","Strike_G","Strike_G","Strike_G","Strike_G","Defend_G","Defend_G","Defend_G","Defend_G","Defend_G","Survivor","Neutralize","Cloak And Dagger","Regret"],"relics":["Black Star","MealTicket","Singing Bowl"],"acts_visited":["Exordium"],"potions_floor_usage":[6],"damage_taken":[{"damage":11,"enemies":"Cultist","floor":1,"turns":5},{"damage":0,"enemies":"Jaw Worm","floor":2,"turns":5},{"damage":42,"enemies":"3 Sentries","floor":6,"turns":11}],"seed_played":"-8996532262240856929","potions_obtained":[{"floor":2,"key":"LiquidMemories"}],"is_trial":false,"path_per_floor":["M","M","?","?","T","E"],"character_chosen":"THE_SILENT","items_purchased":[],"campfire_rested":0,"item_purchase_floors":[],"current_hp_per_floor":[52,52,41,41,41,0,0],"gold":205,"neow_bonus":"BOSS_RELIC","is_daily":false,"chose_seed":false,"campfire_upgraded":0,"win_rate":0.0,"timestamp":1610985099,"path_taken":["M","?","?","?","?","E"],"items_purchased_type":[],"build_version":"2020-12-22","purchased_purges":0,"victory":false,"max_hp_per_floor":[70,70,70,70,70,70,70],"relic_stats":{"Singing Bowl":0,"counters":[3,21],"MealTicket":0,"Black Star":0,"obtain_stats":[{"Singing Bowl":5,"MealTicket":4,"Black Star":0,"Ring of the Snake":0},{"Singing Bowl":2,"MealTicket":2,"Black Star":0,"Ring of the Snake":0},{"Singing Bowl":10,"MealTicket":10,"Black Star":0,"Ring of the Snake":0}]},"card_choices":[{"not_picked":["Slice","Predator"],"picked":"Cloak And Dagger","floor":1},{"not_picked":["Skewer","Concentrate","Underhanded Strike"],"picked":"SKIP","floor":2}],"player_experience":2246412,"relics_obtained":[{"floor":5,"key":"Singing Bowl"}],"event_choices":[{"damage_healed":0,"gold_gain":75,"player_choice":"Gather Gold","damage_taken":11,"max_hp_gain":0,"max_hp_loss":0,"event_name":"World of Goop","floor":3,"gold_loss":0},{"damage_healed":0,"gold_gain":0,"player_choice":"Box","damage_taken":0,"relics_obtained":["MealTicket"],"max_hp_gain":0,"max_hp_loss":0,"event_name":"Big Fish","floor":4,"gold_loss":0,"cards_obtained":["Regret"]}],"is_beta":false,"boss_relics":[],"items_purged_floors":[],"is_endless":false,"potions_floor_spawned":[2],"killed_by":"3 Sentries","ascension_level":6}}