{"host":"foq4mrde4mssg7vt","time":1610977782,"event":{"mods":["AchievementEnabler","BaseMod","Colored Map","Colored Powertips","Highlight Path","Minty Spire (QoL Compilation)","Relic Stats","everything is the same but u backflip on backflip"],"gold_per_floor":[118,130,130,148,162,162,178,178,178,196,209,223,46,58,58,134,134,104,104,118,118,138,138,99,99,122,150,165,111,122,139,139,139,139],"floor_reached":33,"language":"ENG","playtime":1082,"items_purged":["Strike_R"],"score":566,"play_id":"90bd2fd8-ce32-4df9-b02e-bf8d1a6b30ca","local_time":"20210118214942","is_ascension_mode":true,"campfire_choices":[{"data":"Bash","floor":6.0,"key":"SMITH"},{"data":"Armaments","floor":8.0,"key":"SMITH"},{"data":"Clothesline","floor":15.0,"key":"SMITH"},{"data":"Immolate","floor":23.0,"key":"SMITH"},{"data":"Pommel Strike","floor":25.0,"key":"SMITH"},{"data":"True Grit","floor":32.0,"key":"SMITH"}],"circlet_count":0,"master_deck":["AscendersBane","Strike_R+1","Strike_R+1","Strike_R+1","Defend_R+1","Defend_R+1","Defend_R+1","Defend_R+1","Bash+1","Shrug It Off","Armaments+1","Pummel","Pommel Strike+1","Clothesline+1","Shrug It Off","Hemokinesis","Immolate+1","Inflame","True Grit+1"],"relics":["Busted Crown","Blood Vial","Bottled Lightning","SacredBark","Orichalcum","Omamori"],"acts_visited":["Exordium","TheCity"],"potions_floor_usage":[33,33],"damage_taken":[{"damage":0.0,"enemies":"Cultist","floor":1.0,"turns":3.0},{"damage":3.0,"enemies":"2 Louse","floor":2.0,"turns":3.0},{"damage":7.0,"enemies":"Jaw Worm","floor":4.0,"turns":3.0},{"damage":9.0,"enemies":"Red Slaver","floor":5.0,"turns":3.0},{"damage":6.0,"enemies":"Looter","floor":7.0,"turns":3.0},{"damage":0.0,"enemies":"Exordium Wildlife","floor":10.0,"turns":3.0},{"damage":0.0,"enemies":"3 Louse","floor":11.0,"turns":4.0},{"damage":0.0,"enemies":"Blue Slaver","floor":12.0,"turns":3.0},{"damage":2.0,"enemies":"Exordium Wildlife","floor":14.0,"turns":2.0},{"damage":36.0,"enemies":"The Guardian","floor":16.0,"turns":9.0},{"damage":12.0,"enemies":"2 Thieves","floor":18.0,"turns":4.0},{"damage":6.0,"enemies":"Chosen","floor":20.0,"turns":4.0},{"damage":6.0,"enemies":"Centurion and Healer","floor":22.0,"turns":7.0},{"damage":0.0,"enemies":"Slavers","floor":27.0,"turns":2.0},{"damage":2.0,"enemies":"3 Cultists","floor":28.0,"turns":4.0},{"damage":20.0,"enemies":"Snake Plant","floor":30.0,"turns":4.0},{"damage":8.0,"enemies":"Cultist and Chosen","floor":31.0,"turns":6.0},{"damage":49,"enemies":"Automaton","floor":33,"turns":6}],"seed_played":"-6533188372966850947","potions_obtained":[{"floor":2.0,"key":"SkillPotion"},{"floor":5.0,"key":"ColorlessPotion"},{"floor":11.0,"key":"DuplicationPotion"},{"floor":16.0,"key":"Energy Potion"},{"floor":27.0,"key":"Block Potion"},{"floor":30.0,"key":"PowerPotion"},{"floor":31.0,"key":"Fruit Juice"}],"is_trial":false,"path_per_floor":["M","M","T","M","M","R","M","R","T","M","M","M","$","M","R","B",null,"M","?","M","?","M","R","$","R","T","E","M","$","M","M","R","B"],"character_chosen":"IRONCLAD","items_purchased":["Shrug It Off","Hemokinesis","Inflame","True Grit"],"campfire_rested":0,"item_purchase_floors":[13,13,24,29],"current_hp_per_floor":[68,65,65,60,53,53,49,49,49,51,53,55,55,55,55,21,62,52,52,48,48,44,44,44,44,44,46,46,46,28,22,22,0,0],"gold":139,"neow_bonus":"BOSS_RELIC","is_daily":false,"chose_seed":false,"campfire_upgraded":6,"win_rate":0.0,"timestamp":1610977782,"path_taken":["M","M","?","M","M","R","M","R","T","M","M","M","$","M","R","BOSS","M","?","M","?","M","R","$","R","T","E","M","$","?","M","R","BOSS"],"items_purchased_type":["Card","Card","Card","Card"],"build_version":"2020-12-22","purchased_purges":1,"victory":false,"max_hp_per_floor":[75,75,75,75,75,75,75,75,75,75,75,75,75,75,75,75,75,75,75,75,75,75,75,75,75,75,75,75,75,75,75,75,85,85],"relic_stats":{"Blood Vial":32,"Busted Crown":34,"counters":[18,73],"Orichalcum":[18],"obtain_stats":[{"Blood Vial":3,"Busted Crown":0,"SacredBark":17,"Omamori":27,"Bottled Lightning":9,"Orichalcum":26,"Burning Blood":0},{"Blood Vial":2,"Busted Crown":0,"SacredBark":10,"Omamori":14,"Bottled Lightning":5,"Orichalcum":13,"Burning Blood":0},{"Blood Vial":6,"Busted Crown":0,"SacredBark":36,"Omamori":53,"Bottled Lightning":15,"Orichalcum":51,"Burning Blood":0}]},"card_choices":[{"not_picked":["Heavy Blade"],"picked":"SKIP","floor":1.0},{"not_picked":["Warcry"],"picked":"SKIP","floor":2.0},{"not_picked":["Heavy Blade"],"picked":"SKIP","floor":4.0},{"not_picked":[],"picked":"Shrug It Off","floor":5.0},{"not_picked":[],"picked":"Armaments","floor":7.0},{"not_picked":[],"picked":"Pummel","floor":10.0},{"not_picked":[],"picked":"Pommel Strike","floor":11.0},{"not_picked":[],"picked":"Clothesline","floor":12.0},{"not_picked":["Reckless Charge"],"picked":"SKIP","floor":14.0},{"not_picked":[],"picked":"Immolate","floor":16.0},{"not_picked":["Cleave"],"picked":"SKIP","floor":18.0},{"not_picked":["Cleave"],"picked":"SKIP","floor":20.0},{"not_picked":["Clothesline"],"picked":"SKIP","floor":22.0},{"not_picked":["Cleave"],"picked":"SKIP","floor":27.0},{"not_picked":["Combust"],"picked":"SKIP","floor":28.0},{"not_picked":["Pommel Strike"],"picked":"SKIP","floor":30.0},{"not_picked":["Clothesline"],"picked":"SKIP","floor":31.0}],"player_experience":491745,"relics_obtained":[{"floor":3.0,"key":"Blood Vial"},{"floor":9.0,"key":"Bottled Lightning"},{"floor":26.0,"key":"Orichalcum"},{"floor":27.0,"key":"Omamori"}],"event_choices":[{"damage_healed":0.0,"max_hp_gain":0.0,"max_hp_loss":0.0,"gold_gain":0.0,"event_name":"Back to Basics","player_choice":"Simplicity","floor":19.0,"gold_loss":0.0,"damage_taken":0.0,"cards_upgraded":["Strike_R","Strike_R","Strike_R","Strike_R","Defend_R","Defend_R","Defend_R","Defend_R"]},{"cards_removed":["Strike_R"],"damage_healed":0.0,"max_hp_gain":0.0,"max_hp_loss":0.0,"gold_gain":0.0,"event_name":"Purifier","player_choice":"Purged","floor":21.0,"gold_loss":0.0,"damage_taken":0.0}],"is_beta":false,"boss_relics":[{"not_picked":["Black Star","Sozu"],"picked":"SacredBark"}],"items_purged_floors":[13],"is_endless":false,"potions_floor_spawned":[2,5,11,16,27,28,30,31],"killed_by":"Automaton","ascension_level":19}}