{"host":"yyfz7fpozqrhk2m1","time":1610931342,"event":{"mods":["BaseMod","Minty Spire (QoL Compilation)"],"gold_per_floor":[114,114,129,129,148,148,21,64,89,89,89],"floor_reached":10,"language":"ENG","playtime":2451,"items_purged":["Strike_R"],"score":83,"play_id":"a8c0b684-acee-4a41-9eee-73d782e80e20","local_time":"20210117195542","is_ascension_mode":true,"campfire_choices":[{"data":"Bash","floor":6,"key":"SMITH"}],"circlet_count":0,"master_deck":["Strike_R","Strike_R","Strike_R","Defend_R","Defend_R","Defend_R","Defend_R","Bash+1","Twin Strike","Cleave"],"relics":["Burning Blood","Regal Pillow","Golden Idol","PreservedInsect","Ancient Tea Set"],"acts_visited":["Exordium"],"potions_floor_usage":[8,10],"damage_taken":[{"damage":10,"enemies":"Small Slimes","floor":1,"turns":4},{"damage":2,"enemies":"Jaw Worm","floor":3,"turns":3},{"damage":3,"enemies":"2 Louse","floor":5,"turns":2},{"damage":32,"enemies":"Gremlin Nob","floor":8,"turns":4},{"damage":31,"enemies":"Lagavulin","floor":10,"turns":5}],"seed_played":"7287485020066971451","potions_obtained":[{"floor":5,"key":"EssenceOfSteel"},{"floor":8,"key":"Energy Potion"}],"is_trial":false,"path_per_floor":["M","?","M","?","M","R","$","E","T","E"],"character_chosen":"IRONCLAD","items_purchased":["FearPotion"],"campfire_rested":0,"item_purchase_floors":[7],"current_hp_per_floor":[76,56,60,53,56,56,56,30,30,0,0],"gold":89,"neow_bonus":"RANDOM_COMMON_RELIC","is_daily":false,"chose_seed":false,"campfire_upgraded":1,"win_rate":0.0,"timestamp":1610931342,"path_taken":["M","?","M","?","M","R","$","E","T","E"],"items_purchased_type":["Potion"],"build_version":"2020-12-22","purchased_purges":1,"victory":false,"max_hp_per_floor":[80,80,80,80,80,80,80,80,80,80,80],"card_choices":[{"not_picked":["Dark Embrace","Bloodletting"],"picked":"Twin Strike","floor":1},{"not_picked":["Searing Blow","Body Slam","Armaments"],"picked":"SKIP","floor":3},{"not_picked":["Warcry","Rampage"],"picked":"Cleave","floor":5},{"not_picked":["Burning Pact","Clash","Warcry"],"picked":"SKIP","floor":8}],"player_experience":567829,"relics_obtained":[{"floor":8,"key":"PreservedInsect"},{"floor":9,"key":"Ancient Tea Set"}],"event_choices":[{"damage_healed":0,"gold_gain":0,"player_choice":"Take Damage","damage_taken":20,"relics_obtained":["Golden Idol"],"max_hp_gain":0,"max_hp_loss":0,"event_name":"Golden Idol","floor":2,"gold_loss":0},{"cards_removed":["Strike_R"],"damage_healed":0,"gold_gain":0,"player_choice":"Card Removal","damage_taken":7,"max_hp_gain":0,"max_hp_loss":0,"event_name":"Golden Wing","floor":4,"gold_loss":0}],"is_beta":false,"boss_relics":[],"items_purged_floors":[7],"is_endless":false,"potions_floor_spawned":[5,8],"killed_by":"Lagavulin","ascension_level":5}}