{"host":"nc3dlacrfhmj2qcx","time":1610980949,"event":{"mods":["BaseMod","Hermit","Keyboard Shortcuts","Minty Spire (QoL Compilation)","Permanent Neow","StSLib","SuperFastMode","everything is the same but u backflip on backflip"],"gold_per_floor":[11,25,25,43,60,60,90,90,90,165,192,117,117,134,134,210,210,225,15,15,15],"floor_reached":20,"language":"KOR","playtime":565,"items_purged":["Strike_P","Strike_P"],"score":310,"play_id":"0166d1cd-ad22-4767-bd8d-f11fb19100cf","local_time":"20210118234229","is_ascension_mode":true,"campfire_choices":[{"data":"Adaptation","floor":8.0,"key":"SMITH"},{"floor":13.0,"key":"REST"},{"data":"Eruption","floor":15.0,"key":"SMITH"}],"circlet_count":0,"master_deck":["AscendersBane","Strike_P","Strike_P","Defend_P","Defend_P","Defend_P","Eruption+1","Vigilance","MentalFortress","Adaptation+1","ReachHeaven","Evaluate","FlurryOfBlows"],"relics":["PureWater","StoneCalendar","Letter Opener","Ginger","SacredBark","Membership Card"],"acts_visited":["Exordium","TheCity"],"potions_floor_usage":[20],"damage_taken":[{"damage":4.0,"enemies":"Jaw Worm","floor":1.0,"turns":5.0},{"damage":4.0,"enemies":"Small Slimes","floor":2.0,"turns":3.0},{"damage":9.0,"enemies":"2 Louse","floor":4.0,"turns":3.0},{"damage":12.0,"enemies":"2 Fungi Beasts","floor":5.0,"turns":3.0},{"damage":17.0,"enemies":"Lagavulin","floor":11.0,"turns":7.0},{"damage":1.0,"enemies":"Large Slime","floor":14.0,"turns":4.0},{"damage":9,"enemies":"Hexaghost","floor":16,"turns":8},{"damage":23,"enemies":"Shell Parasite","floor":18,"turns":6},{"damage":0,"enemies":"3 Byrds","floor":20,"turns":2}],"seed_played":"8652859010275630870","potions_obtained":[{"floor":4.0,"key":"Dexterity Potion"},{"floor":11.0,"key":"SmokeBomb"},{"floor":18,"key":"Energy Potion"}],"is_trial":false,"path_per_floor":["M","M","?","M","M","$","?","R","T","?","E","$","R","M","R","B",null,"M","$","M"],"character_chosen":"WATCHER","items_purchased":["Membership Card"],"campfire_rested":1,"item_purchase_floors":[19],"current_hp_per_floor":[57,53,53,44,32,32,32,32,32,21,4,4,24,23,23,14,55,32,32,32,32],"gold":15,"neow_bonus":"ONE_RARE_RELIC","is_daily":false,"chose_seed":false,"campfire_upgraded":2,"win_rate":0.0,"timestamp":1610980949,"path_taken":["M","M","?","M","M","$","?","R","T","?","E","$","R","M","R","BOSS","M","$","M"],"items_purchased_type":["Relic"],"build_version":"2020-12-22","purchased_purges":2,"victory":false,"max_hp_per_floor":[68,68,68,68,68,68,68,68,68,68,68,68,68,68,68,68,68,68,68,68,68],"card_choices":[{"not_picked":["PathToVictory","ReachHeaven"],"picked":"MentalFortress","floor":1.0},{"not_picked":["JustLucky","SashWhip","ClearTheMind"],"picked":"SKIP","floor":2.0},{"not_picked":["Halt","ClearTheMind"],"picked":"Adaptation","floor":4.0},{"not_picked":["Protect","ThirdEye"],"picked":"ReachHeaven","floor":5.0},{"not_picked":["SignatureMove","Crescendo","CutThroughFate"],"picked":"SKIP","floor":11.0},{"not_picked":["CutThroughFate","Halt"],"picked":"Evaluate","floor":14.0},{"not_picked":["EmptyFist","EmptyBody"],"picked":"FlurryOfBlows","floor":18}],"player_experience":1052835,"relics_obtained":[{"floor":9.0,"key":"Letter Opener"},{"floor":11.0,"key":"Ginger"}],"event_choices":[{"cards_removed":["Defend_P"],"damage_healed":0.0,"max_hp_gain":0.0,"max_hp_loss":0.0,"gold_gain":0.0,"event_name":"Living Wall","player_choice":"Forget","floor":3.0,"gold_loss":0.0,"damage_taken":0.0},{"damage_healed":0.0,"max_hp_gain":0.0,"max_hp_loss":0.0,"gold_gain":30.0,"event_name":"Dead Adventurer","player_choice":"Searched \u00272\u0027 times","floor":7.0,"gold_loss":0.0,"damage_taken":0.0},{"damage_healed":0.0,"max_hp_gain":0.0,"max_hp_loss":0.0,"gold_gain":75.0,"event_name":"World of Goop","player_choice":"Gather Gold","floor":10.0,"gold_loss":0.0,"damage_taken":11.0}],"is_beta":false,"boss_relics":[{"not_picked":["Velvet Choker","Busted Crown"],"picked":"SacredBark"}],"items_purged_floors":[12,19],"is_endless":false,"potions_floor_spawned":[4,11,16,18],"killed_by":"3 Byrds","ascension_level":16}}