{"host":"8anlmvy5ylhozj27","time":1610996191,"event":{"mods":["2.2 Compatiblity","Act Like it!","Aspiration","BaseMod","Best Route Mod","Better Match","Better Note","Better Sensory Stone","Better Skull","Better Third Choice","BetterRewards","Block Reminder","Colored Map","Colored Powertips","Conspire","Curses Come First","Duelist Mod","Energized Spire","GifTheSpireLib","Gold Saver","Halation","Hermit","Highlight Path","Hubris","Infinite Spire","Ironclad Rager","Minty Spire (QoL Compilation)","Permanent Neow","Quick Restart","Rare Cards Sparkle","Replay The Spire","Robot Space Explorer","Spicy Shops","StSLib","Stuff the Spire","The Bladedancer","The Blue Laboratory","The Disciple","The Exalted","The Necromancer","The Sage","Transform Curses","Wandering Minibosses","vexMod"],"gold_per_floor":[111,124,124,148,169,169,169],"floor_reached":6,"language":"FRA","playtime":475,"items_purged":[],"score":38,"play_id":"5c39c6e0-525f-47c6-92c3-96e86c3a8ce0","local_time":"20210118195631","is_ascension_mode":false,"campfire_choices":[],"circlet_count":0,"master_deck":["Strike_B","Strike_B","Strike_B","Strike_B","Defend_B","Defend_B","Defend_B","Defend_B","Zap","Dualcast","conspire:Banana","Magnetism","Storm","Storm","Steam","Go for the Eyes","Cold Snap","aspiration:Polymerization","Glacier","Leap"],"relics":["Cracked Core","Bromod:ArcaneTrickery","hubris:PeanutButter","Geode","Golden Idol"],"acts_visited":["Exordium"],"potions_floor_usage":[5],"damage_taken":[{"damage":0,"enemies":"Small Slimes","floor":1,"turns":3},{"damage":0,"enemies":"Jaw Worm","floor":2,"turns":4},{"damage":0,"enemies":"2 Louse","floor":4,"turns":3},{"damage":0,"enemies":"Looter","floor":5,"turns":3},{"damage":30,"enemies":"Gremlin Nob","floor":6,"turns":5}],"seed_played":"-4749407010447061723","potions_obtained":[{"floor":1,"key":"CultistPotion"},{"floor":2,"key":"blueLaboratory:BiasPotion"},{"floor":5,"key":"blueLaboratory:TrueEctoplasm"}],"is_trial":false,"path_per_floor":["M","M","?","M","M","E"],"character_chosen":"DEFECT","items_purchased":["Bromod:ArcaneTrickery","conspire:Banana","Magnetism","Storm","Steam","Go for the Eyes","hubris:PeanutButter","Geode"],"campfire_rested":0,"item_purchase_floors":[0,0,0,0,0,0,0,0],"current_hp_per_floor":[41,42,23,24,25,0,0],"gold":169,"neow_bonus":"","is_daily":false,"chose_seed":false,"campfire_upgraded":0,"win_rate":0.0,"timestamp":1610996191,"path_taken":["M","M","?","M","M","E"],"items_purchased_type":["Relic","Card","Card","Card","Card","Card","Relic","Relic"],"build_version":"2020-12-22","purchased_purges":0,"victory":false,"max_hp_per_floor":[76,77,77,78,79,80,80],"card_choices":[{"not_picked":["Streamline","Static Discharge"],"picked":"Cold Snap","floor":1},{"not_picked":["StuffTheSpire:CleanHardDrive","BootSequence"],"picked":"aspiration:Polymerization","floor":2},{"not_picked":["Steam","Streamline"],"picked":"Glacier","floor":4},{"not_picked":["Panic Button","ReplayTheSpireMod:System Scan"],"picked":"Leap","floor":5}],"player_experience":173228,"relics_obtained":[],"event_choices":[{"damage_healed":0,"gold_gain":0,"player_choice":"Take Damage","damage_taken":19,"relics_obtained":["Golden Idol"],"max_hp_gain":0,"max_hp_loss":0,"event_name":"Golden Idol","floor":3,"gold_loss":0}],"is_beta":false,"boss_relics":[],"items_purged_floors":[],"is_endless":false,"potions_floor_spawned":[1,2,5],"killed_by":"Gremlin Nob","ascension_level":0}}