{"host":"y3h3n3f7seyagppx","time":1610982097,"event":{"mods":["AlwaysNeverKeys","BaseMod","Better Vampires","Colored Powertips","DeckTracker","Emptier Cage","Minty Spire (QoL Compilation)","Permanent Neow","Quick Restart","Rare Cards Sparkle","Relic Sorter","Relic Stats","StSLib","Transform Curses"],"gold_per_floor":[117,136,5,16,32,65,65,97,97,114,114,142,158,185,185,263,263,283,298,298,298,26,52,52,52,52,52,71,96,113,147,147,219,219,229,243,253,41,55,55,90,90,160,195,206,238,238,188,188,188,188,188,188,54,81,81],"floor_reached":57,"language":"ENG","playtime":90474,"items_purged":["Strike_G","Defend_G","Defend_G","Strike_G","Defend_G"],"score":2910,"play_id":"90f73cd7-246f-44d3-9882-39d26d2f3d6c","local_time":"20210118100137","is_ascension_mode":true,"campfire_choices":[{"data":"Wraith Form v2","floor":7.0,"key":"SMITH"},{"floor":11.0,"key":"REST"},{"data":"Sucker Punch","floor":15.0,"key":"SMITH"},{"data":"Glass Knife","floor":25.0,"key":"SMITH"},{"floor":27.0,"key":"REST"},{"data":"Ghostly","floor":32.0,"key":"SMITH"},{"data":"Ghostly","floor":40.0,"key":"SMITH"},{"data":"Blade Dance","floor":42.0,"key":"SMITH"},{"data":"Ghostly","floor":49,"key":"SMITH"},{"data":"Night Terror","floor":53,"key":"SMITH"}],"circlet_count":0,"master_deck":["AscendersBane","Strike_G","Strike_G","Strike_G","Defend_G","Defend_G","Survivor","Neutralize","Caltrops","Poisoned Stab","Sucker Punch+1","Wraith Form v2+1","Dagger Spray","After Image","Glass Knife+1","CurseOfTheBell","Terror","Ghostly+1","Ghostly+1","Ghostly+1","Blade Dance+1","Noxious Fumes+1","Noxious Fumes+1","Adrenaline","PiercingWail","Calculated Gamble","Accuracy+1","Night Terror+1"],"relics":["Ring of the Snake","Pocketwatch","Centennial Puzzle","Vajra","Singing Bowl","White Beast Statue","Toy Ornithopter","Calling Bell","Blood Vial","Frozen Egg 2","CaptainsWheel","Oddly Smooth Stone","Potion Belt","Bronze Scales","Smiling Mask","Ornamental Fan","SlaversCollar","Bag of Marbles","Bag of Preparation","Mummified Hand","Thread and Needle","Eternal Feather","Anchor"],"acts_visited":["Exordium","TheCity","TheBeyond","TheEnding"],"potions_floor_usage":[56,56,56,56,56,56,56],"damage_taken":[{"damage":1.0,"enemies":"Cultist","floor":1.0,"turns":4.0},{"damage":0.0,"enemies":"Small Slimes","floor":2.0,"turns":5.0},{"damage":1.0,"enemies":"2 Louse","floor":4.0,"turns":4.0},{"damage":5.0,"enemies":"Large Slime","floor":5.0,"turns":7.0},{"damage":21.0,"enemies":"3 Sentries","floor":6.0,"turns":8.0},{"damage":7.0,"enemies":"Lagavulin","floor":8.0,"turns":9.0},{"damage":0.0,"enemies":"2 Fungi Beasts","floor":10.0,"turns":2.0},{"damage":9.0,"enemies":"3 Sentries","floor":12.0,"turns":6.0},{"damage":6.0,"enemies":"Gremlin Gang","floor":13.0,"turns":3.0},{"damage":5.0,"enemies":"Lagavulin","floor":14.0,"turns":8.0},{"damage":0.0,"enemies":"The Guardian","floor":16.0,"turns":14.0},{"damage":13.0,"enemies":"Shell Parasite","floor":18.0,"turns":7.0},{"damage":7.0,"enemies":"Spheric Guardian","floor":19.0,"turns":8.0},{"damage":33.0,"enemies":"Book of Stabbing","floor":23.0,"turns":7.0},{"damage":2.0,"enemies":"Cultist and Chosen","floor":28.0,"turns":6.0},{"damage":2.0,"enemies":"Gremlin Leader","floor":29.0,"turns":6.0},{"damage":3.0,"enemies":"Snake Plant","floor":30.0,"turns":4.0},{"damage":12.0,"enemies":"Book of Stabbing","floor":31.0,"turns":5.0},{"damage":13.0,"enemies":"Champ","floor":33.0,"turns":9.0},{"damage":0.0,"enemies":"3 Darklings","floor":35.0,"turns":4.0},{"damage":1.0,"enemies":"Orb Walker","floor":36.0,"turns":3.0},{"damage":4.0,"enemies":"Spire Growth","floor":37.0,"turns":7.0},{"damage":2.0,"enemies":"Sphere and 2 Shapes","floor":39.0,"turns":7.0},{"damage":10.0,"enemies":"Giant Head","floor":41.0,"turns":7.0},{"damage":4,"enemies":"Nemesis","floor":44,"turns":7},{"damage":0,"enemies":"Jaw Worm Horde","floor":45,"turns":5},{"damage":0,"enemies":"Giant Head","floor":46,"turns":6},{"damage":4,"enemies":"Donu and Deca","floor":50,"turns":8},{"damage":61,"enemies":"Awakened One","floor":51,"turns":18},{"damage":8,"enemies":"Shield and Spear","floor":55,"turns":5},{"damage":56,"enemies":"The Heart","floor":56,"turns":10}],"seed_played":"-4578308040987093676","potions_obtained":[{"floor":4.0,"key":"Explosive Potion"},{"floor":6.0,"key":"SneckoOil"},{"floor":8.0,"key":"LiquidBronze"},{"floor":13.0,"key":"FearPotion"},{"floor":14.0,"key":"Explosive Potion"},{"floor":16.0,"key":"LiquidBronze"},{"floor":18.0,"key":"FairyPotion"},{"floor":23.0,"key":"Energy Potion"},{"floor":28.0,"key":"FairyPotion"},{"floor":29.0,"key":"SkillPotion"},{"floor":35.0,"key":"SteroidPotion"},{"floor":36.0,"key":"EntropicBrew"},{"floor":41.0,"key":"Strength Potion"},{"floor":46,"key":"BlessingOfTheForge"},{"floor":55,"key":"Energy Potion"}],"is_trial":false,"path_per_floor":["M","M","$","M","M","E","R","E","T","M","R","E","M","E","R","B",null,"M","M","?","?","$","E","?","R","T","R","M","E","M","E","R","B",null,"M","M","M","$","M","R","E","R","T","E","M","E","?","$","R","B","B",null,"R","$","E","B",null],"character_chosen":"THE_SILENT","items_purchased":["Explosive Potion","Oddly Smooth Stone","Bag of Marbles","Ancient Potion"],"campfire_rested":2,"item_purchase_floors":[3,22,38,54],"current_hp_per_floor":[43,43,43,42,37,16,16,9,9,11,31,24,18,15,15,20,59,50,45,37,37,37,6,6,6,6,17,17,24,25,15,15,4,33,35,38,36,36,38,38,30,30,30,32,36,38,31,31,46,44,6,40,51,51,45,21],"gold":81,"neow_bonus":"ONE_RARE_RELIC","is_daily":false,"chose_seed":false,"campfire_upgraded":8,"win_rate":0.0,"timestamp":1610982097,"path_taken":["M","M","?","M","M","E","R","E","T","M","R","E","M","E","R","BOSS","M","M","?","?","$","E","?","R","T","R","M","E","M","E","R","BOSS","M","M","M","$","M","R","E","R","T","E","M","E","?","$","R","BOSS","BOSS","R","$","E","BOSS"],"items_purchased_type":["Potion","Relic","Relic","Potion"],"build_version":"2020-12-22","purchased_purges":5,"victory":true,"max_hp_per_floor":[66,66,66,66,66,66,66,66,66,68,68,70,70,72,72,72,72,74,74,37,37,37,39,39,39,39,39,39,41,43,43,43,43,43,43,45,45,45,47,47,47,47,47,49,51,51,51,51,51,51,51,51,51,51,53,53],"relic_stats":{"Singing Bowl":24,"counters":[31,209],"Eternal Feather":26,"Bag of Preparation":[14],"Smiling Mask":300,"Blood Vial":38,"Centennial Puzzle":[63],"Ornamental Fan":[200],"Mummified Hand":[43],"Bronze Scales":[518],"obtain_stats":[{"Potion Belt":23,"Singing Bowl":9,"Vajra":8,"Oddly Smooth Stone":22,"Thread and Needle":44,"Eternal Feather":46,"Bag of Preparation":41,"Frozen Egg 2":17,"Smiling Mask":29,"White Beast Statue":12,"Calling Bell":17,"Blood Vial":17,"SlaversCollar":34,"Centennial Puzzle":6,"CaptainsWheel":17,"Anchor":55,"Ornamental Fan":31,"Mummified Hand":43,"Bronze Scales":26,"Bag of Marbles":38,"Toy Ornithopter":14,"Ring of the Snake":0,"Pocketwatch":0},{"Potion Belt":14,"Singing Bowl":6,"Vajra":6,"Oddly Smooth Stone":13,"Thread and Needle":25,"Eternal Feather":27,"Bag of Preparation":24,"Frozen Egg 2":11,"Smiling Mask":16,"White Beast Statue":8,"Calling Bell":11,"Blood Vial":11,"SlaversCollar":19,"Centennial Puzzle":5,"CaptainsWheel":11,"Anchor":30,"Ornamental Fan":18,"Mummified Hand":24,"Bronze Scales":14,"Bag of Marbles":22,"Toy Ornithopter":10,"Ring of the Snake":0,"Pocketwatch":0},{"Potion Belt":92,"Singing Bowl":37,"Vajra":37,"Oddly Smooth Stone":85,"Thread and Needle":157,"Eternal Feather":168,"Bag of Preparation":150,"Frozen Egg 2":70,"Smiling Mask":104,"White Beast Statue":45,"Calling Bell":70,"Blood Vial":70,"SlaversCollar":122,"Centennial Puzzle":28,"CaptainsWheel":70,"Anchor":199,"Ornamental Fan":113,"Mummified Hand":150,"Bronze Scales":92,"Bag of Marbles":136,"Toy Ornithopter":56,"Ring of the Snake":0,"Pocketwatch":0}],"Toy Ornithopter":40,"Ring of the Snake":[62],"Pocketwatch":[370]},"card_choices":[{"not_picked":["Prepared","Caltrops","Acrobatics"],"picked":"SKIP","floor":1.0},{"not_picked":["Prepared","Acrobatics"],"picked":"Caltrops","floor":1.0},{"not_picked":["Caltrops","Quick Slash"],"picked":"Poisoned Stab","floor":2.0},{"not_picked":["Deflect","Endless Agony"],"picked":"Sucker Punch","floor":4.0},{"not_picked":["Sucker Punch","Distraction","PiercingWail"],"picked":"SKIP","floor":5.0},{"not_picked":["Endless Agony","Caltrops"],"picked":"Wraith Form v2","floor":6.0},{"not_picked":["Prepared","Bane"],"picked":"Dagger Spray","floor":8.0},{"not_picked":["Dagger Throw","Slice","Acrobatics"],"picked":"Singing Bowl","floor":10.0},{"not_picked":["Distraction","Choke","All Out Attack"],"picked":"Singing Bowl","floor":12.0},{"not_picked":["Underhanded Strike","Prepared"],"picked":"After Image","floor":13.0},{"not_picked":["Quick Slash","Prepared","Deadly Poison"],"picked":"Singing Bowl","floor":14.0},{"not_picked":["Venomology","Malaise"],"picked":"Glass Knife","floor":16.0},{"not_picked":["Caltrops+1","Sucker Punch","Heel Hook"],"picked":"Singing Bowl","floor":18.0},{"not_picked":["Blur","Deadly Poison"],"picked":"Terror","floor":19.0},{"not_picked":["Deflect","Masterful Stab","Leg Sweep"],"picked":"Singing Bowl","floor":23.0},{"not_picked":["Deflect","Masterful Stab+1"],"picked":"Noxious Fumes+1","floor":28.0},{"not_picked":["Prepared","Choke","Quick Slash"],"picked":"Singing Bowl","floor":29.0},{"not_picked":["Prepared","Phantasmal Killer","Footwork+1"],"picked":"Singing Bowl","floor":30.0},{"not_picked":["Dagger Spray","Deflect"],"picked":"Noxious Fumes+1","floor":31.0},{"not_picked":["Corpse Explosion","Die Die Die"],"picked":"Adrenaline","floor":33.0},{"not_picked":["Finisher","Dodge and Roll"],"picked":"PiercingWail","floor":35.0},{"not_picked":["Predator+1","Blur","Tactician"],"picked":"Singing Bowl","floor":36.0},{"not_picked":["Deflect","Blade Dance"],"picked":"Calculated Gamble","floor":37.0},{"not_picked":["Skewer","Blade Dance","Deadly Poison"],"picked":"Singing Bowl","floor":39.0},{"not_picked":["Bane","Choke+1"],"picked":"Accuracy+1","floor":41.0},{"not_picked":["Outmaneuver","Slice","Flying Knee"],"picked":"Singing Bowl","floor":44},{"not_picked":["Flechettes+1","PiercingWail+1","Accuracy+1"],"picked":"Singing Bowl","floor":45},{"not_picked":["Finisher","Cloak And Dagger"],"picked":"Night Terror","floor":46},{"not_picked":["Flying Knee","A Thousand Cuts+1","Endless Agony"],"picked":"Singing Bowl","floor":55}],"player_experience":21248332,"relics_obtained":[{"floor":6.0,"key":"Centennial Puzzle"},{"floor":8.0,"key":"Vajra"},{"floor":9.0,"key":"Singing Bowl"},{"floor":12.0,"key":"White Beast Statue"},{"floor":14.0,"key":"Toy Ornithopter"},{"floor":17.0,"key":"Blood Vial"},{"floor":17.0,"key":"Frozen Egg 2"},{"floor":17.0,"key":"CaptainsWheel"},{"floor":23.0,"key":"Potion Belt"},{"floor":26.0,"key":"Bronze Scales"},{"floor":29.0,"key":"Smiling Mask"},{"floor":31.0,"key":"Ornamental Fan"},{"floor":41.0,"key":"Bag of Preparation"},{"floor":43.0,"key":"Mummified Hand"},{"floor":44,"key":"Thread and Needle"},{"floor":46,"key":"Eternal Feather"},{"floor":55,"key":"Anchor"}],"event_choices":[{"damage_healed":0.0,"max_hp_gain":0.0,"max_hp_loss":37.0,"gold_gain":0.0,"event_name":"Ghosts","player_choice":"Became a Ghost","floor":20.0,"gold_loss":0.0,"damage_taken":0.0,"cards_obtained":["Ghostly","Ghostly","Ghostly"]},{"damage_healed":0.0,"max_hp_gain":0.0,"max_hp_loss":0.0,"gold_gain":0.0,"event_name":"The Library","player_choice":"Read","floor":21.0,"gold_loss":0.0,"damage_taken":0.0,"cards_obtained":["Blade Dance"]},{"damage_healed":0,"gold_gain":0,"player_choice":"Damaged","damage_taken":7,"max_hp_gain":0,"max_hp_loss":0,"event_name":"Wheel of Change","floor":47,"gold_loss":0}],"is_beta":false,"boss_relics":[{"not_picked":["Astrolabe","Runic Dome"],"picked":"Calling Bell"},{"not_picked":["Tiny House","Sozu"],"picked":"SlaversCollar"}],"items_purged_floors":[3,22,38,48,54],"is_endless":false,"potions_floor_spawned":[4,6,8,13,14,16,18,19,23,28,29,30,31,33,35,36,37,39,41,44,45,46,55],"ascension_level":20}}