{"host":"8aoim7owc9xd4zca","time":1610995106,"event":{"mods":["AchievementEnabler","BaseMod","Colored Powertips","Highlight Path","Minty Spire (QoL Compilation)","Permanent Neow","Rare Cards Sparkle","Replay The Spire","StSLib"],"gold_per_floor":[367,542,542,617,631,631,657,657,657,677,677,549,116,147,147,147,147],"floor_reached":16,"language":"ENG","playtime":732,"items_purged":["Shame"],"score":111,"play_id":"71c00dc8-2723-4612-9334-9d8b2838d6d0","local_time":"20210118103826","is_ascension_mode":true,"campfire_choices":[{"floor":6,"key":"REST"},{"floor":8,"key":"REST"}],"circlet_count":0,"master_deck":["Strike_B","Strike_B","Strike_B","Strike_B","Defend_B","Defend_B","Defend_B","Defend_B","Zap","Dualcast","Double Energy","Conserve Battery","Panic Button","Loop","Double Energy","White Noise","Capacitor+1","Lockon"],"relics":["Cracked Core","Replay:Bottled Snecko","Prayer Wheel","Smiling Mask","PreservedInsect","Raider\u0027s Mask","Ancient Tea Set"],"acts_visited":["Exordium"],"potions_floor_usage":[7,16,16],"damage_taken":[{"damage":9,"enemies":"Jaw Worm","floor":1,"turns":4},{"damage":6,"enemies":"2 Louse","floor":5,"turns":3},{"damage":34,"enemies":"Lagavulin","floor":7,"turns":8},{"damage":1,"enemies":"Cultist","floor":10,"turns":3},{"damage":35,"enemies":"Gremlin Nob","floor":14,"turns":4},{"damage":32,"enemies":"The Guardian","floor":16,"turns":3}],"seed_played":"-1086351480268906404","potions_obtained":[{"floor":1,"key":"AttackPotion"},{"floor":15,"key":"Explosive Potion"},{"floor":15,"key":"Flashbang"}],"is_trial":false,"path_per_floor":["M","?","?","?","M","R","E","R","T","M","T","$","$","E","R","B"],"character_chosen":"DEFECT","items_purchased":["White Noise","Capacitor+1","PreservedInsect","Raider\u0027s Mask","Lockon"],"campfire_rested":2,"item_purchase_floors":[12,13,13,13,13],"current_hp_per_floor":[66,66,59,48,42,64,30,52,52,51,51,51,51,16,16,0,0],"gold":147,"neow_bonus":"TWO_FIFTY_GOLD","is_daily":false,"chose_seed":false,"campfire_upgraded":0,"win_rate":0.0,"timestamp":1610995106,"path_taken":["M","?","?","?","M","R","E","R","T","M","?","?","$","E","R","BOSS"],"items_purchased_type":["Card","Card","Relic","Relic","Card"],"build_version":"2020-12-22","purchased_purges":1,"victory":false,"max_hp_per_floor":[75,75,75,75,75,75,75,75,75,75,75,75,75,75,75,75,75],"card_choices":[{"not_picked":["Beam Cell","Gash"],"picked":"Double Energy","floor":1},{"not_picked":["Steam","Rebound"],"picked":"Conserve Battery","floor":5},{"not_picked":["Steam","Rip and Tear"],"picked":"Panic Button","floor":7},{"not_picked":["Consume","Barrage"],"picked":"Loop","floor":10},{"not_picked":["Streamline","Melter"],"picked":"Double Energy","floor":10},{"not_picked":["Genetic Algorithm","Compile Driver","Cold Snap"],"picked":"SKIP","floor":14}],"player_experience":258979,"relics_obtained":[{"floor":7,"key":"Replay:Bottled Snecko"},{"floor":9,"key":"Prayer Wheel"},{"floor":11,"key":"Smiling Mask"},{"floor":14,"key":"Ancient Tea Set"}],"event_choices":[{"damage_healed":0,"gold_gain":175,"player_choice":"AGREE","damage_taken":0,"max_hp_gain":0,"max_hp_loss":0,"event_name":"Liars Game","floor":2,"gold_loss":0,"cards_obtained":["Doubt"]},{"cards_removed":["Doubt"],"damage_healed":0,"gold_gain":0,"player_choice":"Card Removal","damage_taken":7,"max_hp_gain":0,"max_hp_loss":0,"event_name":"Golden Wing","floor":3,"gold_loss":0},{"damage_healed":0,"gold_gain":75,"player_choice":"Gather Gold","damage_taken":11,"max_hp_gain":0,"max_hp_loss":0,"event_name":"World of Goop","floor":4,"gold_loss":0}],"is_beta":false,"boss_relics":[],"items_purged_floors":[12],"is_endless":false,"potions_floor_spawned":[1],"killed_by":"The Guardian","ascension_level":1}}