{"host":"bg8va46pgqgvtzim","time":1610953420,"event":{"mods":["BaseMod","Downfall","Minty Spire (QoL Compilation)","Quick Restart","StSLib","SuperFastMode"],"gold_per_floor":[0,10,23,38,23,23,23,39,39,72,91,91,116,132,146,246,246,146,158,178,278,298,298,298,312,312,338,351,385,383,401,420,420,420],"floor_reached":33,"language":"ZHS","playtime":780,"items_purged":["Strike_P"],"score":397,"play_id":"cb7924ff-6a11-4e00-80fe-aeb0b957cfc3","local_time":"20210118150340","is_ascension_mode":true,"campfire_choices":[{"data":"Eruption","floor":1.0,"key":"SMITH"},{"data":"Perseverance","floor":6.0,"key":"SMITH"},{"data":"SandsOfTime","floor":12.0,"key":"SMITH"},{"data":"DeusExMachina","floor":18.0,"key":"SMITH"},{"data":"Tantrum","floor":23.0,"key":"SMITH"},{"floor":26.0,"key":"DIG"}],"circlet_count":0,"master_deck":["Strike_P","Strike_P","Strike_P","Defend_P","Defend_P","Defend_P","Defend_P","Eruption+1","Vigilance","Brilliance","ClearTheMind","FollowUp","Indignation","Perseverance+1","FlurryOfBlows+1","FlurryOfBlows","SandsOfTime+1","DeceiveReality","Tantrum+1","DeusExMachina+1","Adaptation+1","SpiritShield+1","MentalFortress","EmptyMind+1","expansioncontent:Chronoboost","Prostrate+1","Sanctity+1"],"relics":["PureWater","Bag of Marbles","Pocketwatch","Centennial Puzzle","VioletLotus","downfall:HeartBlessingGreen","Shovel","Akabeko","Toxic Egg 2","Boot"],"acts_visited":["Exordium","TheCity"],"potions_floor_usage":[],"damage_taken":[{"damage":0.0,"enemies":"2 Louse","floor":2.0,"turns":4.0},{"damage":1.0,"enemies":"Cultist","floor":3.0,"turns":3.0},{"damage":1.0,"enemies":"Jaw Worm","floor":4.0,"turns":2.0},{"damage":2.0,"enemies":"downfall:FleeingMerchant","floor":5.0,"turns":4.0},{"damage":1.0,"enemies":"Exordium Wildlife","floor":8.0,"turns":3.0},{"damage":12.0,"enemies":"Lagavulin","floor":10.0,"turns":4.0},{"damage":0.0,"enemies":"Large Slime","floor":11.0,"turns":2.0},{"damage":0.0,"enemies":"3 Sentries","floor":13.0,"turns":2.0},{"damage":0.0,"enemies":"Red Slaver","floor":14.0,"turns":2.0},{"damage":0.0,"enemies":"Exordium Thugs","floor":15.0,"turns":1.0},{"damage":0.0,"enemies":"IC_STATUS_ARCHETYPE","floor":16.0,"turns":4.0},{"damage":0.0,"enemies":"Shell Parasite","floor":19.0,"turns":2.0},{"damage":4.0,"enemies":"3 Byrds","floor":20.0,"turns":4.0},{"damage":5.0,"enemies":"Centurion and Healer","floor":22.0,"turns":3.0},{"damage":6.0,"enemies":"Snake Plant","floor":25.0,"turns":4.0},{"damage":9.0,"enemies":"Gremlin Leader","floor":27.0,"turns":4.0},{"damage":0.0,"enemies":"Snecko","floor":28.0,"turns":2.0},{"damage":16.0,"enemies":"Slavers","floor":29.0,"turns":3.0},{"damage":6.0,"enemies":"downfall:FleeingMerchant","floor":30.0,"turns":3.0},{"damage":5,"enemies":"Sentry and Sphere","floor":31,"turns":5},{"damage":4,"enemies":"Cultist and Chosen","floor":32,"turns":3},{"damage":26,"enemies":"WA_ARCHETYPE_CALM","floor":33,"turns":5}],"seed_played":"-2348730201884916083","potions_obtained":[{"floor":4.0,"key":"Fire Potion"},{"floor":11.0,"key":"Regen Potion"},{"floor":13.0,"key":"GamblersBrew"},{"floor":14.0,"key":"Dexterity Potion"},{"floor":16.0,"key":"Guardian:BlockOnCardUsePotion"},{"floor":20.0,"key":"Guardian:BlockOnCardUsePotion"},{"floor":27.0,"key":"SkillPotion"},{"floor":32,"key":"Fire Potion"}],"is_trial":false,"path_per_floor":["R","M","M","M","$","R","T","M","?","E","M","R","E","M","M","B",null,"R","M","M","?","M","R","T","M","R","E","M","E","$","M","M","B"],"character_chosen":"WATCHER","items_purchased":["MentalFortress","EmptyMind+1","expansioncontent:Chronoboost"],"campfire_rested":0,"item_purchase_floors":[30,30,30],"current_hp_per_floor":[72,72,71,70,68,68,68,67,67,55,55,55,55,55,55,55,72,72,72,68,68,63,63,63,57,57,48,48,32,26,21,17,0,0],"gold":420,"neow_bonus":"THREE_RARE_CARDS","is_daily":false,"chose_seed":false,"campfire_upgraded":5,"win_rate":0.0,"timestamp":1610953420,"path_taken":["R","M","M","M","$","R","T","M","?","E","M","R","E","?","M","BOSS","BOSS","R","M","?","?","?","R","T","M","R","E","M","E","$","M","M","BOSS"],"items_purchased_type":["Card","Card","Card"],"build_version":"2020-12-22","purchased_purges":1,"victory":false,"max_hp_per_floor":[72,72,72,72,72,72,72,72,72,72,72,72,72,72,72,72,72,72,72,72,72,72,72,72,72,72,72,72,72,72,72,72,72,72],"card_choices":[{"not_picked":["Omniscience","SpiritShield"],"picked":"Brilliance","floor":0.0},{"not_picked":["EmptyBody","Crescendo"],"picked":"ClearTheMind","floor":2.0},{"not_picked":["CutThroughFate","Halt"],"picked":"FollowUp","floor":3.0},{"not_picked":["Crescendo","ClearTheMind"],"picked":"Indignation","floor":4.0},{"not_picked":["SashWhip","ThirdEye"],"picked":"Perseverance","floor":5.0},{"not_picked":["ClearTheMind","Consecrate"],"picked":"FlurryOfBlows","floor":8.0},{"not_picked":["PathToVictory","Worship"],"picked":"FlurryOfBlows","floor":10.0},{"not_picked":["JustLucky","CrushJoints"],"picked":"SandsOfTime","floor":11.0},{"not_picked":["Brilliance","ReachHeaven"],"picked":"DeceiveReality","floor":13.0},{"not_picked":["BowlingBash","JustLucky","Protect"],"picked":"SKIP","floor":14.0},{"not_picked":["WreathOfFlame","Fasting2"],"picked":"Tantrum","floor":15.0},{"not_picked":["Vault","Judgement"],"picked":"DeusExMachina","floor":16.0},{"not_picked":["Pray","DeceiveReality","BowlingBash"],"picked":"SKIP","floor":19.0},{"not_picked":["ThirdEye+1","ReachHeaven","CutThroughFate+1"],"picked":"SKIP","floor":20.0},{"not_picked":["CutThroughFate","ClearTheMind","JustLucky+1"],"picked":"SKIP","floor":22.0},{"not_picked":["CarveReality","CutThroughFate+1","Swivel"],"picked":"SKIP","floor":25.0},{"not_picked":["Meditate+1","ThirdEye+1"],"picked":"Adaptation+1","floor":27.0},{"not_picked":["ThirdEye+1","FlyingSleeves","PathToVictory+1"],"picked":"SKIP","floor":28.0},{"not_picked":["DeceiveReality+1","ClearTheMind+1"],"picked":"SpiritShield+1","floor":29.0},{"not_picked":["JustLucky+1","BowlingBash+1","Weave"],"picked":"SKIP","floor":30.0},{"not_picked":["Conclude","ReachHeaven+1"],"picked":"Prostrate+1","floor":31},{"not_picked":["PathToVictory+1","EmptyBody+1"],"picked":"Sanctity+1","floor":32}],"player_experience":2295760,"relics_obtained":[{"floor":7.0,"key":"Bag of Marbles"},{"floor":10.0,"key":"Pocketwatch"},{"floor":13.0,"key":"Centennial Puzzle"},{"floor":24.0,"key":"Shovel"},{"floor":26.0,"key":"Akabeko"},{"floor":27.0,"key":"Toxic Egg 2"},{"floor":29.0,"key":"Boot"}],"event_choices":[{"damage_healed":0.0,"max_hp_gain":0.0,"max_hp_loss":0.0,"gold_gain":0.0,"event_name":"Accursed Blacksmith","player_choice":"Forge","floor":9.0,"gold_loss":0.0,"damage_taken":0.0,"cards_upgraded":["FlurryOfBlows"]}],"is_beta":false,"boss_relics":[{"not_picked":["SacredBark","Snecko Eye"],"picked":"VioletLotus"}],"items_purged_floors":[30],"is_endless":false,"potions_floor_spawned":[4,11,13,14,16,20,22,27,32],"killed_by":"WA_ARCHETYPE_CALM","ascension_level":1}}