{"host":"2lvuisjyit3p3u01","time":1610995909,"event":{"mods":["Act Like it!","BaseMod","Bestiary","Better Synergies","CapriCore","Colored Map","Colored Powertips","Gensokyo","GifTheSpireLib","Marisa????????","Minty Spire (QoL Compilation)","Quick Restart","Remilia??????","Replay The Spire","StSLib","The Servant 0.9.4"],"gold_per_floor":[217,230,230,60,70,103,103,114,140,140,172,252,252,252,45,62,62,163,163,179,179,199,211,211,211,211,225,225,252,502,502,502],"floor_reached":31,"language":"ENG","playtime":1127,"items_purged":["Strike_S","Strike_S"],"score":274,"play_id":"eb545a2b-5a29-4214-87ae-7ae89e6c08a5","local_time":"20210118205149","is_ascension_mode":true,"campfire_choices":[{"floor":7,"key":"REST"},{"data":"Ricochet","floor":10,"key":"SMITH"},{"data":"Reset","floor":17,"key":"SMITH"},{"data":"Embodiment","floor":25,"key":"SMITH"}],"circlet_count":0,"master_deck":["Defend_S","Defend_S","Defend_S","Defend_S","KidneyShot","Exchange","Ricochet+1","Luminosity","DoubleEdge","Moonlight","Reset+1","SpecialFormula","Rearm","Embodiment+1","Unruled","Writhe","SpecialFormula+1"],"relics":["Uniform","MealTicket","PreservedInsect","Bronze Scales","Mercury Hourglass","BargainBundle","Runic Pyramid","Gremlin Horn","Darkstone Periapt"],"acts_visited":["Gensokyo:Gensokyo","Gensokyo:Gensokyoer"],"potions_floor_usage":[6,6,11,18,18,20,27,27,27,27,29,29],"damage_taken":[{"damage":4,"enemies":"Gensokyo:3_Fairies","floor":1,"turns":4},{"damage":10,"enemies":"Gensokyo:2_Kodama","floor":2,"turns":3},{"damage":0,"enemies":"Gensokyo:Python","floor":5,"turns":2},{"damage":44,"enemies":"Gensokyo:Cirno","floor":6,"turns":6},{"damage":5,"enemies":"Gensokyo:CorruptedTreant","floor":8,"turns":3},{"damage":10,"enemies":"Gensokyo:Aya","floor":11,"turns":2},{"damage":0,"enemies":"Gensokyo:LivingMonolith","floor":16,"turns":3},{"damage":3,"enemies":"Gensokyo:Reimu","floor":18,"turns":7},{"damage":19,"enemies":"Gensokyo:CosmicMonolith","floor":20,"turns":4},{"damage":11,"enemies":"Gensokyo:Chomper","floor":22,"turns":4},{"damage":5,"enemies":"Gensokyo:3_Gloops","floor":23,"turns":4},{"damage":11,"enemies":"Gensokyo:Monolith_and_Dog","floor":27,"turns":4},{"damage":33,"enemies":"Gensokyo:Koishi","floor":29,"turns":5},{"damage":20,"enemies":"Gensokyo:Swordslinger","floor":31,"turns":1}],"seed_played":"6124047069071631830","potions_obtained":[{"floor":1,"key":"ColorlessPotion"},{"floor":2,"key":"Block Potion"},{"floor":5,"key":"Energy Potion"},{"floor":20,"key":"SpeedPotion"},{"floor":23,"key":"EntropicBrew"},{"floor":27,"key":"ColorlessPotion"}],"is_trial":false,"path_per_floor":["M","M","?","$","M","E","R","M","T","R","E","?","PTL","PTL","$","M","R","B",null,"M","?","M","M","?","R","?","M","T","E","?","M"],"character_chosen":"THE_SERVANT","items_purchased":["LiquidMemories","DoubleEdge","BargainBundle","Luminosity","Adrenaline Potion","Block Potion","FearPotion"],"campfire_rested":1,"item_purchase_floors":[4,4,15,15,15,15,15],"current_hp_per_floor":[61,51,38,53,53,9,28,23,23,23,13,13,13,13,28,28,28,30,65,51,51,45,45,45,45,45,39,39,19,19,0,0],"gold":502,"neow_bonus":"HUNDRED_GOLD","is_daily":false,"chose_seed":false,"campfire_upgraded":3,"win_rate":0.0,"timestamp":1610995909,"path_taken":["M","M","?","$","?","E","R","?","T","R","E","?","PTL","PTL","$","M","R","BOSS","M","?","?","M","?","R","?","M","T","E","?","?"],"items_purchased_type":["Potion","Card","Relic","Card","Potion","Potion","Potion"],"build_version":"2020-12-22","purchased_purges":2,"victory":false,"max_hp_per_floor":[65,65,65,65,65,65,65,65,65,65,65,65,65,65,65,65,65,65,65,65,65,65,65,65,65,65,65,65,65,62,62,62],"card_choices":[{"not_picked":["Defy","GearUp"],"picked":"Ricochet","floor":1},{"not_picked":["Alleviate","Spin"],"picked":"Luminosity","floor":2},{"not_picked":["Luminosity","Ricochet"],"picked":"Moonlight","floor":5},{"not_picked":["ReturningBlade","FastForward","Snipe"],"picked":"SKIP","floor":6},{"not_picked":["Ricochet","Comet"],"picked":"Reset","floor":8},{"not_picked":["Rewind","Rearm"],"picked":"SpecialFormula","floor":11},{"not_picked":["PendulumOfEternity","BottledTime"],"picked":"Rearm","floor":16},{"not_picked":["Initiator","ForgedInTime"],"picked":"Embodiment","floor":18},{"not_picked":["Misdirection","FastForward","DoubleEdge"],"picked":"SKIP","floor":20},{"not_picked":["DoubleEdge","ShatteredReality+1","Comet"],"picked":"SKIP","floor":22},{"not_picked":["Ricochet+1","FastForward"],"picked":"Unruled","floor":23},{"not_picked":["TimeWarp","Potential"],"picked":"SpecialFormula+1","floor":27},{"not_picked":["Embodiment","WasteNot","RealityMarble"],"picked":"SKIP","floor":29}],"player_experience":219021,"relics_obtained":[{"floor":6,"key":"PreservedInsect"},{"floor":9,"key":"Bronze Scales"},{"floor":11,"key":"Mercury Hourglass"},{"floor":28,"key":"Gremlin Horn"},{"floor":29,"key":"Darkstone Periapt"}],"event_choices":[],"is_beta":false,"boss_relics":[{"not_picked":["Kintsugi","Painkiller Herb"],"picked":"Runic Pyramid"}],"items_purged_floors":[4,15],"is_endless":false,"potions_floor_spawned":[1,2,5,16,20,23,27],"killed_by":"Gensokyo:Swordslinger","ascension_level":1}}