{"host":"00tqcjwpycel7e54","time":1610984991,"event":{"mods":["ATMod(阿瑾Mod)","Act Like it!","BaseMod","Colored Powertips","Decade(王小明)","Hermit","Highlight Path","Hubris","Luminous","Marisa（F雨　魔理沙）","Minty Spire (QoL Compilation)","Reimu（博丽灵梦）","Remilia（蕾米莉亚）","Robot Space Explorer","SOS（斯巴达之子）","Shop Mod","Spicy Shops","StSLib","The Administrix","The Animator","The Blackbeard","The Bug Knight","The Construct","The Cursed","The Gatherer","The Hierophant","The Mystic","The Runesmith","The Servant 0.9.4","WarShipGirlsR/战舰少女R mod","Youmu（魂魄妖梦）","Yuyuko","vexMod","【遗物卡牌】REMEMod"],"gold_per_floor":[117,77,88,63,73,100,130,130,130,130,161,171,121,135,135,238,238,256,276,33,50,67,99,99,126,126,146,61,61,77,109,109,211,211,223,48,64,83,129,163,163,174,174,205,205,233,249,260,260,260],"floor_reached":51,"language":"ZHS","playtime":2434,"items_purged":["Defend_P","Defend_P"],"score":1496,"play_id":"e3533850-da5f-453c-8e03-211ba6d320e6","local_time":"20210118234951","is_ascension_mode":true,"campfire_choices":[{"data":"Apotheosis","floor":8.0,"key":"SMITH"},{"data":"Vigilance","floor":10.0,"key":"SMITH"},{"data":"Ragnarok","floor":15.0,"key":"SMITH"},{"floor":24.0,"key":"RECALL"},{"data":"AT_IrregularMenstruation","floor":32.0,"key":"SMITH"},{"floor":45,"key":"REST"},{"floor":49,"key":"REST"}],"circlet_count":0,"master_deck":["Apotheosis+1","Strike_P","Strike_P","Strike_P","Strike_P","Defend_P","Eruption","Vigilance+1","FollowUp","Prostrate","Prostrate","EmptyMind","BowlingBash","Ragnarok+1","CrushJoints","Crescendo","AT_ChampionKick","EmptyBody+1","Fasting2","Vengeance","Halt+1","Conclude","AT_IrregularMenstruation+1","SandsOfTime+1","Scrawl","EmptyMind+1","Worship+1","Halt","Adaptation","Crescendo+1","InnerPeace+1","FlyingSleeves+1"],"relics":["PureWater","AT_ATBox","REME_ComplimentaryCards","Damaru","PaintedHorse:ReiMu","hubris:OldNail","AT_PhaseBoots","Odd Mushroom","Happy Flower","Blood Vial","vexMod:NewClearReactor","HollowMod:StagPassRelic","hubris:TinFlute","Du-Vu Doll","Matryoshka","Runesmith:AutoHammer","hubris:Towel","AT_EbonyIvory","Fusion Hammer","TungstenRod","Orichalcum","AT_BellDemon","CaptainsWheel","Unceasing Top","Pear","AT_BladeRuinedKing","Bottled Lightning","AT_ImmortalShieldbow"],"acts_visited":["Exordium","TheCity","TheBeyond"],"potions_floor_usage":[50,50,50],"damage_taken":[{"damage":0.0,"enemies":"Small Slimes","floor":1.0,"turns":2.0},{"damage":0.0,"enemies":"2 Louse","floor":3.0,"turns":2.0},{"damage":3.0,"enemies":"Jaw Worm","floor":5.0,"turns":4.0},{"damage":0.0,"enemies":"Gremlin Nob","floor":6.0,"turns":2.0},{"damage":6.0,"enemies":"The Mushroom Lair","floor":7.0,"turns":3.0},{"damage":0.0,"enemies":"Lagavulin","floor":11.0,"turns":4.0},{"damage":0.0,"enemies":"Blue Slaver","floor":12.0,"turns":2.0},{"damage":0.0,"enemies":"2 Fungi Beasts","floor":14.0,"turns":2.0},{"damage":24.0,"enemies":"Hexaghost","floor":16.0,"turns":4.0},{"damage":0.0,"enemies":"Spheric Guardian","floor":18.0,"turns":3.0},{"damage":3.0,"enemies":"2 Thieves","floor":19.0,"turns":2.0},{"damage":0.0,"enemies":"Snecko","floor":21.0,"turns":2.0},{"damage":0.0,"enemies":"Snake Plant","floor":22.0,"turns":3.0},{"damage":0.0,"enemies":"Gremlin Leader","floor":23.0,"turns":2.0},{"damage":0.0,"enemies":"HollowMod:Nosk","floor":25.0,"turns":3.0},{"damage":0.0,"enemies":"Centurion and Healer","floor":27.0,"turns":3.0},{"damage":0.0,"enemies":"Sentry and Sphere","floor":30.0,"turns":3.0},{"damage":10.0,"enemies":"Gremlin Leader","floor":31.0,"turns":2.0},{"damage":0.0,"enemies":"Automaton","floor":33.0,"turns":4.0},{"damage":2.0,"enemies":"Orb Walker","floor":35.0,"turns":2.0},{"damage":10.0,"enemies":"3 Darklings","floor":37.0,"turns":2.0},{"damage":8.0,"enemies":"Maw","floor":38.0,"turns":3.0},{"damage":18.0,"enemies":"2 Orb Walkers","floor":39.0,"turns":3.0},{"damage":16.0,"enemies":"Giant Head","floor":40.0,"turns":3.0},{"damage":0.0,"enemies":"Transient","floor":42.0,"turns":5.0},{"damage":13,"enemies":"Nemesis","floor":44,"turns":3},{"damage":0,"enemies":"Reptomancer","floor":46,"turns":2},{"damage":0,"enemies":"Spire Growth","floor":47,"turns":2},{"damage":0,"enemies":"Transient","floor":48,"turns":5},{"damage":0,"enemies":"Donu and Deca","floor":50,"turns":2}],"seed_played":"4240947479213426627","potions_obtained":[{"floor":3.0,"key":"Explosive Potion"},{"floor":7.0,"key":"Fire Potion"},{"floor":14.0,"key":"Explosive Potion"},{"floor":19.0,"key":"CultistPotion"},{"floor":21.0,"key":"SneckoOil"},{"floor":23.0,"key":"SneckoOil"},{"floor":33.0,"key":"PowerPotion"},{"floor":37.0,"key":"Explosive Potion"},{"floor":39.0,"key":"Strength Potion"},{"floor":40.0,"key":"SkillPotion"},{"floor":44,"key":"BottledMiracle"}],"is_trial":false,"path_per_floor":["M","?","M","?","M","E","?","R","T","R","E","M","?","M","R","B",null,"M","M","$","M","M","E","R","E","T","M","?","?","M","E","R","B",null,"M","$","M","M","?","E","?","M","T","E","R","E","M","M","R","B",null],"character_chosen":"WATCHER","items_purchased":["HollowMod:StagPassRelic"],"campfire_rested":2,"item_purchase_floors":[20],"current_hp_per_floor":[65,65,65,65,62,62,56,56,56,56,56,58,58,60,60,38,64,66,65,65,67,69,71,71,72,72,72,72,72,72,62,62,64,70,70,70,62,56,40,26,26,28,28,17,38,50,52,54,78,80],"gold":260,"neow_bonus":"RANDOM_COMMON_RELIC","is_daily":false,"chose_seed":false,"campfire_upgraded":4,"win_rate":0.0,"timestamp":1610984991,"path_taken":["M","?","M","?","?","E","?","R","T","R","E","M","?","M","R","BOSS","M","M","$","M","M","E","R","E","T","M","?","?","M","E","R","BOSS","M","$","M","M","?","E","?","?","T","E","R","E","M","M","R","BOSS"],"items_purchased_type":["Relic"],"build_version":"2020-12-22","purchased_purges":2,"victory":true,"max_hp_per_floor":[72,72,72,72,72,72,72,72,72,72,72,72,72,72,72,72,72,72,72,72,72,72,72,72,72,72,72,72,72,72,72,72,72,72,72,72,72,72,72,72,72,72,72,72,72,82,82,82,82,82],"card_choices":[{"not_picked":["CrushJoints","CutThroughFate"],"picked":"FollowUp","floor":1.0},{"not_picked":["Protect","EmptyFist"],"picked":"Prostrate","floor":3.0},{"not_picked":["Sanctity","FlurryOfBlows"],"picked":"Prostrate","floor":5.0},{"not_picked":["Meditate","LikeWater"],"picked":"EmptyMind","floor":6.0},{"not_picked":["REME_Repentance","LikeWater"],"picked":"BowlingBash","floor":7.0},{"not_picked":["Prostrate","Evaluate"],"picked":"Ragnarok","floor":11.0},{"not_picked":["Nirvana","MentalFortress"],"picked":"CrushJoints","floor":12.0},{"not_picked":["BowlingBash","Evaluate"],"picked":"Crescendo","floor":14.0},{"not_picked":["DeusExMachina","Establishment"],"picked":"AT_ChampionKick","floor":16.0},{"not_picked":["Protect","FlurryOfBlows"],"picked":"EmptyBody+1","floor":18.0},{"not_picked":["PathToVictory","Protect+1"],"picked":"Fasting2","floor":19.0},{"not_picked":["Collect+1","Weave"],"picked":"Vengeance","floor":21.0},{"not_picked":["Vengeance","Wireheading"],"picked":"Halt+1","floor":22.0},{"not_picked":["FlurryOfBlows","TalkToTheHand+1"],"picked":"Conclude","floor":23.0},{"not_picked":["Sanctity","Protect+1"],"picked":"AT_IrregularMenstruation","floor":25.0},{"not_picked":["EmptyFist","ForeignInfluence"],"picked":"SandsOfTime+1","floor":27.0},{"not_picked":["Halt+1","CutThroughFate","Consecrate"],"picked":"SKIP","floor":30.0},{"not_picked":["Weave","EmptyBody+1","LessonLearned"],"picked":"SKIP","floor":31.0},{"not_picked":["Establishment","AT_MachinaRedman"],"picked":"Scrawl","floor":33.0},{"not_picked":["Evaluate","BowlingBash+1"],"picked":"EmptyMind+1","floor":35.0},{"not_picked":["Consecrate+1","FollowUp"],"picked":"Worship+1","floor":37.0},{"not_picked":["CutThroughFate+1","Crescendo","ThirdEye+1"],"picked":"SKIP","floor":38.0},{"not_picked":["InnerPeace+1","BowlingBash"],"picked":"Halt","floor":39.0},{"not_picked":["SashWhip","PathToVictory+1"],"picked":"Adaptation","floor":40.0},{"not_picked":["AT_DivineConfetti","Wireheading"],"picked":"Crescendo+1","floor":42.0},{"not_picked":["BowlingBash","Crescendo+1","SandsOfTime"],"picked":"SKIP","floor":44},{"not_picked":["WaveOfTheHand","Wireheading+1"],"picked":"InnerPeace+1","floor":46},{"not_picked":["SashWhip","FlurryOfBlows"],"picked":"FlyingSleeves+1","floor":47},{"not_picked":["BowlingBash+1","Evaluate","CarveReality"],"picked":"SKIP","floor":48}],"player_experience":748954,"relics_obtained":[{"floor":6.0,"key":"AT_SpeedBoots"},{"floor":7.0,"key":"Odd Mushroom"},{"floor":9.0,"key":"Happy Flower"},{"floor":11.0,"key":"Blood Vial"},{"floor":23.0,"key":"hubris:TinFlute"},{"floor":25.0,"key":"Du-Vu Doll"},{"floor":26.0,"key":"Matryoshka"},{"floor":31.0,"key":"AT_EbonyIvory"},{"floor":39.0,"key":"TungstenRod"},{"floor":40.0,"key":"Orichalcum"},{"floor":43.0,"key":"AT_BellDemon"},{"floor":43.0,"key":"CaptainsWheel"},{"floor":44,"key":"Unceasing Top"},{"floor":46,"key":"Pear"},{"floor":46,"key":"AT_BladeRuinedKing"},{"floor":47,"key":"Bottled Lightning"},{"floor":48,"key":"AT_ImmortalShieldbow"}],"event_choices":[{"damage_healed":0.0,"max_hp_gain":0.0,"max_hp_loss":0.0,"gold_gain":0.0,"event_name":"yidonshenshe","player_choice":"塞钱","floor":2.0,"gold_loss":40.0,"damage_taken":0.0,"relics_obtained":["PaintedHorse:ReiMu"]},{"damage_healed":0.0,"max_hp_gain":0.0,"max_hp_loss":0.0,"gold_gain":0.0,"event_name":"Mushrooms","player_choice":"Fought Mushrooms","floor":7.0,"gold_loss":0.0,"damage_taken":0.0},{"cards_removed":["Defend_P"],"damage_healed":0.0,"max_hp_gain":0.0,"max_hp_loss":0.0,"gold_gain":0.0,"event_name":"The Cleric","player_choice":"Card Removal","floor":13.0,"gold_loss":50.0,"damage_taken":0.0},{"damage_healed":0.0,"max_hp_gain":0.0,"max_hp_loss":0.0,"gold_gain":0.0,"event_name":"Addict","player_choice":"Obtained Relic","floor":28.0,"gold_loss":85.0,"damage_taken":0.0,"relics_obtained":["Runesmith:AutoHammer"]},{"damage_healed":0.0,"max_hp_gain":0.0,"max_hp_loss":0.0,"gold_gain":0.0,"event_name":"Mysterious Sphere","player_choice":"Fight","floor":39.0,"gold_loss":0.0,"damage_taken":0.0},{"damage_healed":0.0,"max_hp_gain":0.0,"max_hp_loss":0.0,"gold_gain":0.0,"event_name":"Lab","player_choice":"Got Potions","floor":41.0,"gold_loss":0.0,"damage_taken":0.0}],"is_beta":false,"boss_relics":[{"not_picked":["REME_DuelDisc","hubris:BlackHole"],"picked":"vexMod:NewClearReactor"},{"not_picked":["vexMod:CursedCompass","REME_ChargedStone"],"picked":"Fusion Hammer"}],"items_purged_floors":[36,36],"is_endless":false,"potions_floor_spawned":[3,7,14,18,19,21,23,33,37,39,40,44,48],"ascension_level":7}}