{"host":"l8lm1goh5xm9tkuw","time":1610968110,"event":{"mods":["Act Like it!","Alarm Clock","Astrologer","BaseMod","Colored Map","Colored Powertips","Hermit","KomeijiMod","Library of Ruina","Library of Ruina Extra","Lobotomy","LobotomyExtend","Marisa£®ÏF”Í°°ƒß¿Ì…≥£©","Minty Spire (QoL Compilation)","MostiFishMod","Quick Restart","Replay The Spire","StSLib","TestMod","The Bug Knight","The Hierophant","UnlockEverythingMod","vexMod","°æ“≈ŒÔø®≈∆°øREMEMod"],"gold_per_floor":[120,131,23,39,58,85,98,98,98,98,98,127,141,171,171,299,299,317,47,47,62,62,97,97,172,172,172,200,69,81,113,113,237,237,248,248,267,157,214,243,255,320,320,339,339,352,352,368,368,408,408,408,408,408,54,129,129],"floor_reached":58,"language":"ZHS","playtime":2000,"items_purged":["LightAttack","LightAttack","UnforgettableMelody","Dodge","LightDefense"],"score":2959,"play_id":"a3d07b4e-d3d0-42b7-8ef1-696dc52b252a","local_time":"20210118190830","is_ascension_mode":true,"campfire_choices":[{"data":"DarkCloud","floor":11,"key":"SMITH"},{"data":"CleanUp","floor":15,"key":"SMITH"},{"data":"GutHarvesting","floor":24,"key":"SMITH"},{"floor":27,"key":"RECALL"},{"data":"CleanUp","floor":32,"key":"SMITH"},{"data":"GoinFirst","floor":45,"key":"SMITH"},{"data":"Reload","floor":47,"key":"SMITH"},{"data":"CookingPrep","floor":49,"key":"SMITH"},{"data":"CrackOfDawn","floor":54,"key":"SMITH"}],"circlet_count":0,"master_deck":["AscendersBane","ChargeAndCover","FocusedStrikes","SnakesPrey","RulesOfTheBackstreets","BladeWhirl+1","DarkCloud+1","Faith+1","Cruelty","GoinFirst+1","CleanUp+1","Parry2","Reload+1","GutHarvesting+1","Commandeering+1","CrackOfDawn+1","SilentMist+1","CookingPrep+1","CleanUp+1","VenomousFangs+1","ExtractFuel+1","QuickSuppression+1"],"relics":["PageOfLibrarian","DaveBox","testmod-TestBox","REME_ComplimentaryCards","ShadowXiaoBlade","testmod-AscensionHeart","SynthV:TestCard","LetterFromLob","PageOfLaetitia","The Courier","Mirror","PageOfLittleHelper","testmod-SaigiyounoYou","ImprovedEquipment","ReplayTheSpireMod:TigerMarble","PageOfPorccubus","PageOfForsakenMurderer","testmod-Antiphasic","xbg","Pondfish Scales","testmod-AssaultLearning","testmod-Nyarlathotep","PageOfSnowWhitesApple","PageOfSingingMachine","testmod-TurbochargingSystem"],"acts_visited":["Exordium","TheCity","TheBeyond","TheEnding"],"potions_floor_usage":[25,28,35,44,46,57],"damage_taken":[{"damage":0,"enemies":"Small Slimes","floor":1,"turns":2},{"damage":0,"enemies":"Jaw Worm","floor":2,"turns":2},{"damage":0,"enemies":"Cultist","floor":4,"turns":2},{"damage":7,"enemies":"Large Slime","floor":5,"turns":3},{"damage":10,"enemies":"Replay:BlueRogue","floor":6,"turns":2},{"damage":0,"enemies":"Exordium Wildlife","floor":7,"turns":2},{"damage":19,"enemies":"Lagavulin","floor":12,"turns":4},{"damage":0,"enemies":"3 Louse","floor":13,"turns":1},{"damage":22,"enemies":"Replay:BlueRogue","floor":14,"turns":3},{"damage":30,"enemies":"The Guardian","floor":16,"turns":4},{"damage":0,"enemies":"3 Byrds","floor":18,"turns":3},{"damage":0,"enemies":"Spheric Guardian","floor":21,"turns":2},{"damage":10,"enemies":"Book of Stabbing","floor":23,"turns":2},{"damage":29,"enemies":"Gremlin Leader","floor":25,"turns":6},{"damage":13,"enemies":"Slavers","floor":28,"turns":3},{"damage":10,"enemies":"Centurion and Healer","floor":30,"turns":3},{"damage":5,"enemies":"REME_1_Revenger","floor":31,"turns":3},{"damage":5,"enemies":"Champ","floor":33,"turns":3},{"damage":0,"enemies":"3 Darklings","floor":35,"turns":3},{"damage":30,"enemies":"Orb Walker","floor":37,"turns":3},{"damage":0,"enemies":"Sphere and 2 Shapes","floor":39,"turns":2},{"damage":10,"enemies":"R_Hoarder","floor":40,"turns":3},{"damage":0,"enemies":"Transient","floor":41,"turns":6},{"damage":0,"enemies":"Giant Head","floor":42,"turns":4},{"damage":26,"enemies":"Writhing Mass","floor":44,"turns":3},{"damage":14,"enemies":"Spire Growth","floor":46,"turns":3},{"damage":0,"enemies":"3 Darklings","floor":48,"turns":2},{"damage":29,"enemies":"Donu and Deca","floor":50,"turns":4},{"damage":74,"enemies":"Awakened One","floor":51,"turns":5},{"damage":72,"enemies":"Shield and Spear","floor":56,"turns":5},{"damage":49,"enemies":"The Heart","floor":57,"turns":4}],"seed_played":"6953226623369518566","potions_obtained":[{"floor":1,"key":"Fire Potion"},{"floor":4,"key":"Elixir"},{"floor":25,"key":"PowerPotion"},{"floor":28,"key":"Adrenaline Potion"},{"floor":37,"key":"PowerPotion"},{"floor":44,"key":"ColorlessPotion"}],"is_trial":false,"path_per_floor":["M","M","$","M","M","E","M","?","T","M","R","E","M","E","R","B",null,"M","$","T","M","?","E","R","E","T","R","E","$","M","E","R","B",null,"M","?","M","$","M","E","M","E","T","M","R","M","R","M","R","B","B",null,null,"R","$","E","B",null],"character_chosen":"Librarian","items_purchased":["DarkCloud","ImprovedEquipment","SilentMist+1","PageOfSnowWhitesApple","PageOfSingingMachine"],"campfire_rested":0,"item_purchase_floors":[3,19,29,55,55],"current_hp_per_floor":[55,56,56,57,51,43,47,47,47,71,71,53,54,36,36,36,68,78,78,78,78,78,69,69,59,59,59,65,65,78,80,80,87,87,87,87,69,69,77,84,103,104,104,89,89,79,79,89,89,91,63,63,90,90,90,67,93],"gold":129,"neow_bonus":"TRANSFORM_CARD","is_daily":false,"chose_seed":false,"campfire_upgraded":8,"win_rate":0.0,"timestamp":1610968110,"path_taken":["M","M","$","M","M","E","M","?","T","M","R","E","M","E","R","BOSS","M","$","?","M","?","E","R","E","T","R","E","?","M","E","R","BOSS","M","?","M","$","M","E","M","E","T","M","R","M","R","M","R","BOSS","BOSS","R","$","E","BOSS"],"items_purchased_type":["Card","Relic","Card","Relic","Relic"],"build_version":"2020-12-22","purchased_purges":5,"victory":true,"max_hp_per_floor":[71,71,71,71,70,71,71,71,71,71,71,72,72,73,73,78,78,78,78,78,78,78,79,79,80,80,80,81,81,81,82,82,87,87,87,87,94,94,94,103,103,104,104,104,89,89,89,89,89,94,99,99,99,99,99,100,110],"card_choices":[{"not_picked":["UpbeatPerformance","CumulusWall","Rewind","Quickness","Concentration","Reload","DesperateStruggle","MultiHit"],"picked":"RulesOfTheBackstreets","floor":1},{"not_picked":["HighKick","NightInTheBackstreets","FlashingStrike","Unlock1","Rewind","QuickAttack","SomberProcuration","StructuralAnalysis","Thrust","UnavoidableGaze"],"picked":"BladeWhirl","floor":2},{"not_picked":["Guardian_lor","Eliminate","Bvapour","SharpNails","SuppressingShot","Leap_lor","ViolentFlame","InhaleSmoke","EndlessBattle","GuidanceOfTheGears","HiddenBlade"],"picked":"SKIP","floor":4},{"not_picked":["BackstreetsDash","InnerArdor","ICanCookAnything","WildCard","EnergyCycle","ConcentratedFire","PreemptiveStrike","WaitUp","Decapitation","FervidEmotions"],"picked":"Faith","floor":5},{"not_picked":["RipSpace","BoundaryOfDeath","ChargeUp","UnforgettableMelody","Decapitation","GutHarvesting","MirageStorm","CrackOfDawn","FormingStorm","CrackOfDawn"],"picked":"Cruelty","floor":6},{"not_picked":["BlazingStrike","HardRehearsal","Track","ViolentFlame","InhaleSmoke","Rewind","BackAttack","Feast","GaleKick","Faith","BizarreAttack"],"picked":"SKIP","floor":7},{"not_picked":["FleshFillet","ChargeUp","CrackOfDawn","UnforgettableMelody","CrackOfDawn","ChargeUp","SilentNight","Commandeering","DaringDecision","Tttonst"],"picked":"GoinFirst","floor":12},{"not_picked":["Ripple","Punishment","StayCalm","SparkingSpear","HiddenBlade","AutomatedMovement","IdentifyWeakpoint","CutIn","Pound","GuardingStance","Overcharge"],"picked":"SKIP","floor":13},{"not_picked":["RipSpace","EnergyBeam","Disposal","EnergyBeam","CrackOfDawn","ScratchThat","BlazingStrike","Transpierce","EnergyBeam","RipSpace"],"picked":"CleanUp","floor":14},{"not_picked":["GreatSerpentsImpact","SharpSwipe","Bvapour","FierceCharge+1","EndlessBattle","Retaliate","TrimTheIngredients","AsThePrescriptOrders","Leap_lor","QuickAttack+1"],"picked":"Parry2","floor":18},{"not_picked":["GuardingStance","SparkingSpear","AsThePrescriptOrders","BoundaryOfDeath","Pound","FrontalAssault","Multislash","TraceOfFumes","Unlock1","ViolentFlame+1","MindCrush"],"picked":"SKIP","floor":21},{"not_picked":["Decapitation","Transpierce","MirageStorm","Castigation","TieShanKao","SilentNight","Tttonst","BoundaryOfDeath","UnforgettableMelody","Transpierce"],"picked":"GutHarvesting","floor":23},{"not_picked":["GoinFirst","BlazingStrike","RagingStorm","Disposal","WillProduceFineSilk","RagingStorm","SavageMode","DaringDecision","DaringDecision","RipSpace"],"picked":"Commandeering","floor":25},{"not_picked":["EmotionalTurbulence","BoundaryOfDeath","Cruelty","RagingStorm","Transpierce","CrackOfDawn","RipSpace","Observe","Punishment","WillProduceFineSilk"],"picked":"CrackOfDawn","floor":28},{"not_picked":["StartinOutLightly","PreemptiveStrike","UnavoidableGaze","DesperateStruggle","ShrineToMusic+1","Leap_lor","QuickAttack","UpbeatPerformance","StrongStrike","ExtremeEdge"],"picked":"CookingPrep","floor":30},{"not_picked":["FleshFillet","ScratchThat","Tttonst","CleanUp","EnergyBeam","Decapitation","Castigation","FormingStorm","EnergyBeam","MindCrush"],"picked":"CleanUp","floor":31},{"not_picked":["BackAttack","StartinOutLightly","GuardingStance+1","FaintMemories","PreemptiveStrike","InkOver","Reload","StrikeDown","FeelinGood+1","Riposte+1","Wallop_lor+1"],"picked":"SKIP","floor":35},{"not_picked":["SparkingSpear","DefenseOrder","UnavoidableGaze+1","FeatherShield+1","Unlock1","FleetFootsteps","AutomatedMovement","HighKick+1","StrongStrike","ICanCookAnything"],"picked":"VenomousFangs","floor":37},{"not_picked":["MultiHit+1","SinglePointStab+1","PreemptiveStrike","NightInTheBackstreets","SharpNails","Thirst","QuickSuppression","FleetEdge","Diversion+1","Reload"],"picked":"ExtractFuel+1","floor":39},{"not_picked":["Observe","LeRegole","SenseQuarry","ScratchThat","Observe","BoundaryOfDeath","GutHarvesting","EmotionalTurbulence","Suppress","TrashDisposal","SavageMode"],"picked":"SKIP","floor":40},{"not_picked":["EnergyCycle+1","BackAttack+1","AsThePrescriptOrders","HeavyPeaks","Standoff+1","FierceCharge","Tailoring","GuardingStance","Rewind+1","PreemptiveStrike","RatsGuideToSurvival"],"picked":"SKIP","floor":41},{"not_picked":["BoundaryOfDeath","Disposal","GroundSmash","GutHarvesting","BoundaryOfDeath","Deflect_lor","Observe","SilentNight","RipSpace","FleshFillet","Disposal"],"picked":"SKIP","floor":42},{"not_picked":["SpearedSweep+1","Diversion+1","Thrust","Endure","Riposte","FierceCharge","StructuralAnalysis","ExtractFuel","Wallop_lor+1","FleetEdge+1","StrongStrike"],"picked":"SKIP","floor":44},{"not_picked":["FleetEdge","ChopItOff","FlashingStrike+1","EnergyShield","DesperateStruggle","SharpSwipe+1","EmotionalTurbulence","ViolentFlame","Rewind","StrongStrike","HeavyPeaks"],"picked":"SKIP","floor":46},{"not_picked":["NightInTheBackstreets","Eject","AutonomousRush","Faith","Wallop_lor","Parry","Pound","Juggling","Tttonst","GuardingStance"],"picked":"QuickSuppression+1","floor":48},{"not_picked":["CleanUp","DaringDecision","Castigation","Commandeering","RepressedFlesh","Eradication","SilentNight","SavageMode","TrashDisposal","MirageStorm","Cruelty"],"picked":"SKIP","floor":56}],"player_experience":360451,"relics_obtained":[{"floor":1,"key":"SynthV:TestCard"},{"floor":1,"key":"LetterFromLob"},{"floor":6,"key":"PageOfLaetitia"},{"floor":9,"key":"The Courier"},{"floor":12,"key":"Mirror"},{"floor":14,"key":"PageOfLittleHelper"},{"floor":23,"key":"ReplayTheSpireMod:TigerMarble"},{"floor":25,"key":"PageOfPorccubus"},{"floor":26,"key":"PageOfForsakenMurderer"},{"floor":31,"key":"testmod-Antiphasic"},{"floor":40,"key":"Pondfish Scales"},{"floor":42,"key":"testmod-AssaultLearning"},{"floor":43,"key":"testmod-Nyarlathotep"},{"floor":56,"key":"testmod-TurbochargingSystem"}],"event_choices":[{"damage_healed":0,"gold_gain":0,"player_choice":"Ignored","damage_taken":0,"max_hp_gain":0,"max_hp_loss":0,"event_name":"Liars Game","floor":8,"gold_loss":0},{"damage_healed":0,"gold_gain":0,"cards_transformed":["LightDefense","LightDefense"],"player_choice":"Became Test Subject","damage_taken":0,"max_hp_gain":0,"max_hp_loss":0,"event_name":"Drug Dealer","floor":22,"gold_loss":0,"cards_obtained":["UnforgettableMelody","Reload"]}],"is_beta":false,"boss_relics":[{"not_picked":["testmod-StringDisintegrator","GreenFoldingFan"],"picked":"testmod-SaigiyounoYou"},{"not_picked":["PatriotShield","Painkiller Herb"],"picked":"xbg"}],"items_purged_floors":[3,19,29,38,55],"is_endless":false,"potions_floor_spawned":[1,4,14,25,28,31,35,37,40,44],"ascension_level":20}}