{"host":"wj6vwlg8bkoql3lv","time":1610998622,"event":{"mods":["BaseMod","Colored Map","Downfall","Hermit","Jorbs\u0027s Wanderer Trilogy","Marisa????????","Minty Spire (QoL Compilation)","StSLib","The Bug Knight","The Cursed","The Disciple","The Hierophant","The Marked","The Runesmith","The Senshi","The Servant 0.9.4"],"gold_per_floor":[119,119,142,112,130,130,165,184,209,184,175,187,197,167,167,234,234,250,233,208,204,204],"floor_reached":21,"language":"ENG","playtime":2752,"items_purged":[],"score":237,"play_id":"614c2e62-b30c-455d-a5dc-2b97e3ef1750","local_time":"20210118193702","is_ascension_mode":false,"campfire_choices":[{"data":"hierophant:Repentance","floor":6,"key":"SMITH"},{"floor":15,"key":"REST"}],"circlet_count":0,"master_deck":["hierophant:Strike_Hierophant","hierophant:Strike_Hierophant","hierophant:Strike_Hierophant","hierophant:Strike_Hierophant","hierophant:Punish+1","hierophant:Defend_Hierophant","hierophant:Defend_Hierophant","hierophant:Defend_Hierophant","hierophant:Defend_Hierophant","hierophant:ChurchCoffers","hierophant:Repentance+1","hierophant:Smite","hierophant:Alms","hierophant:MorningPrayer","hierophant:SolarFlare","hierophant:Martyrdom","hierophant:Doomsaying","hierophant:SolarFlare","hierophant:Doubloon","hierophant:Charity","hierophant:Batter","hierophant:EyeForCoin+1","hierophant:Doubloon+1","hierophant:Exaltation","hierophant:Doubloon+1","hierophant:RepressedViolence","hierophant:Doubloon+1"],"relics":["hierophant:PropheticMaskRelic","NeowsBlessing","Ancient Tea Set","HollowMod:LifeEnderRelic","Tiny Chest","Sozu"],"acts_visited":["Exordium","TheCity"],"potions_floor_usage":[10,12,14,20,20],"damage_taken":[{"damage":0,"enemies":"2 Louse","floor":1,"turns":1},{"damage":0,"enemies":"Jaw Worm","floor":5,"turns":1},{"damage":0,"enemies":"Lagavulin","floor":7,"turns":1},{"damage":6,"enemies":"Cultist","floor":8,"turns":3},{"damage":5,"enemies":"Looter","floor":10,"turns":2},{"damage":8,"enemies":"Red Slaver","floor":11,"turns":2},{"damage":3,"enemies":"Lots of Slimes","floor":12,"turns":2},{"damage":14,"enemies":"Exordium Wildlife","floor":13,"turns":5},{"damage":7,"enemies":"Exordium Thugs","floor":14,"turns":3},{"damage":18,"enemies":"Slime Boss","floor":16,"turns":6},{"damage":10,"enemies":"Chosen","floor":18,"turns":3},{"damage":18,"enemies":"Shell Parasite","floor":19,"turns":3},{"damage":13,"enemies":"Chosen and Byrds","floor":20,"turns":5},{"damage":60,"enemies":"Cultist and Chosen","floor":21,"turns":4}],"seed_played":"-6502305852930886805","potions_obtained":[{"floor":4,"key":"Guardian:BlockOnCardUsePotion"},{"floor":4,"key":"BlessingOfTheForge"},{"floor":5,"key":"Swift Potion"},{"floor":8,"key":"PowerPotion"},{"floor":12,"key":"Fruit Juice"},{"floor":13,"key":"Explosive Potion"},{"floor":14,"key":"LiquidBronze"}],"is_trial":false,"path_per_floor":["M","?","T","?","M","R","E","M","T","M","M","M","M","M","R","B",null,"M","M","M","M"],"character_chosen":"HIEROPHANT","items_purchased":[],"campfire_rested":1,"item_purchase_floors":[],"current_hp_per_floor":[75,75,75,75,75,75,75,69,69,64,56,58,44,37,61,43,80,70,52,39,0,0],"gold":204,"neow_bonus":"THREE_ENEMY_KILL","is_daily":false,"chose_seed":false,"campfire_upgraded":1,"win_rate":0.0,"timestamp":1610998622,"path_taken":["M","?","?","?","M","R","E","M","T","M","M","M","M","M","R","BOSS","M","?","M","M"],"items_purchased_type":[],"build_version":"2020-12-22","purchased_purges":0,"victory":false,"max_hp_per_floor":[75,75,75,75,75,75,75,75,75,75,75,80,80,80,80,80,80,80,80,80,80,80],"card_choices":[{"not_picked":["hierophant:Sermon","hierophant:RecallFunds"],"picked":"hierophant:Repentance","floor":1},{"not_picked":["hierophant:PassingBell","hierophant:Purify"],"picked":"hierophant:Smite","floor":5},{"not_picked":["hierophant:Shelter","hierophant:RecallFunds"],"picked":"hierophant:Alms","floor":7},{"not_picked":["hierophant:Charity","hierophant:Rebuild"],"picked":"hierophant:MorningPrayer","floor":8},{"not_picked":["hierophant:Repentance","hierophant:Purify"],"picked":"hierophant:SolarFlare","floor":10},{"not_picked":["hierophant:Remorse","hierophant:MorningPrayer"],"picked":"hierophant:Martyrdom","floor":11},{"not_picked":["hierophant:Encroach","hierophant:Shelter"],"picked":"hierophant:Doomsaying","floor":12},{"not_picked":["hierophant:SecretStash","hierophant:Doubloon"],"picked":"hierophant:SolarFlare","floor":13},{"not_picked":["hierophant:ConvertCurrency","hierophant:AuricBeam"],"picked":"hierophant:Charity","floor":14},{"not_picked":["hierophant:DeathKnell","hierophant:Anathema"],"picked":"hierophant:Batter","floor":16},{"not_picked":["hierophant:Doubloon","hierophant:AuricShield"],"picked":"hierophant:EyeForCoin+1","floor":18},{"not_picked":["hierophant:Doomsaying","hierophant:RepressedViolence"],"picked":"hierophant:Exaltation","floor":19},{"not_picked":["hierophant:Smite+1","hierophant:MorningPrayer"],"picked":"hierophant:RepressedViolence","floor":20}],"player_experience":62105,"relics_obtained":[{"floor":3,"key":"Ancient Tea Set"},{"floor":7,"key":"HollowMod:LifeEnderRelic"},{"floor":9,"key":"Tiny Chest"}],"event_choices":[{"damage_healed":0,"gold_gain":0,"player_choice":"Grow","damage_taken":0,"max_hp_gain":0,"max_hp_loss":0,"event_name":"Living Wall","floor":2,"gold_loss":0,"cards_upgraded":["hierophant:Punish"]},{"damage_healed":0,"gold_gain":0,"player_choice":"Bought 2 Potions","damage_taken":0,"max_hp_gain":0,"max_hp_loss":0,"event_name":"The Woman in Blue","floor":4,"gold_loss":0}],"is_beta":false,"boss_relics":[{"not_picked":["Fusion Hammer","Cursed Key"],"picked":"Sozu"}],"items_purged_floors":[],"is_endless":false,"potions_floor_spawned":[5,8,12,13,14,19],"killed_by":"Cultist and Chosen","ascension_level":0}}