{"host":"qgrlfjrqk9z96gfi","time":1610946205,"event":{"mods":["BaseMod","Block Reminder","Colored Map","Custom Start","DeckTracker","Minty Spire (QoL Compilation)"],"gold_per_floor":[117,135,149,149,21,65,25,25,25,48,101,144,144,178,178,268,268,286,299,299,0,0,0,14,44,44,59,59,93,93,18,18,18,18],"floor_reached":33,"language":"ENG","playtime":1443,"items_purged":["Writhe"],"score":652,"play_id":"fb26b1d3-e5a3-4e17-aa40-18201cd45fe8","local_time":"20210117190325","is_ascension_mode":true,"campfire_choices":[{"data":"Footwork","floor":8,"key":"SMITH"},{"data":"Footwork","floor":15,"key":"SMITH"},{"data":"Well Laid Plans","floor":23,"key":"SMITH"},{"data":"Blade Dance","floor":28,"key":"SMITH"},{"data":"Underhanded Strike","floor":30,"key":"SMITH"},{"data":"Leg Sweep","floor":32,"key":"SMITH"}],"circlet_count":0,"master_deck":["AscendersBane","Strike_G","Strike_G","Strike_G","Strike_G","Defend_G","Defend_G","Defend_G","Defend_G","Defend_G","Survivor","Neutralize","Underhanded Strike+1","Dagger Throw","Leg Sweep+1","Well Laid Plans+1","Footwork+1","Dagger Spray","Infinite Blades","Predator","Footwork+1","Tools of the Trade","CurseOfTheBell","Backflip","Blade Dance+1","Glass Knife","PiercingWail"],"relics":["Ring of the Snake","CaptainsWheel","Bloody Idol","Turnip","Pocketwatch","Thread and Needle","Pen Nib","Calling Bell","Happy Flower","Mummified Hand","Dead Branch","Letter Opener","Bag of Marbles","Du-Vu Doll","Bottled Lightning","Question Card"],"acts_visited":["Exordium","TheCity"],"potions_floor_usage":[6,12,14,16,16,25,25,33],"damage_taken":[{"damage":0.0,"enemies":"Cultist","floor":1.0,"turns":4.0},{"damage":1.0,"enemies":"Small Slimes","floor":2.0,"turns":4.0},{"damage":1.0,"enemies":"2 Louse","floor":3.0,"turns":4.0},{"damage":12,"enemies":"3 Sentries","floor":6,"turns":8},{"damage":0,"enemies":"Looter","floor":7,"turns":4},{"damage":8,"enemies":"3 Louse","floor":10,"turns":3},{"damage":1,"enemies":"Lagavulin","floor":12,"turns":7},{"damage":5,"enemies":"Gremlin Nob","floor":14,"turns":4},{"damage":10,"enemies":"The Guardian","floor":16,"turns":13},{"damage":0,"enemies":"Shell Parasite","floor":18,"turns":5},{"damage":2,"enemies":"Spheric Guardian","floor":19,"turns":5},{"damage":0,"enemies":"Snecko","floor":24,"turns":4},{"damage":0,"enemies":"Gremlin Leader","floor":25,"turns":5},{"damage":0,"enemies":"Sentry and Sphere","floor":27,"turns":5},{"damage":22,"enemies":"Slavers","floor":29,"turns":4},{"damage":40,"enemies":"Collector","floor":33,"turns":8}],"seed_played":"9201141557052707793","potions_obtained":[{"floor":2.0,"key":"EntropicBrew"},{"floor":6,"key":"Block Potion"},{"floor":12,"key":"Poison Potion"},{"floor":14,"key":"BlessingOfTheForge"},{"floor":16,"key":"BlessingOfTheForge"},{"floor":18,"key":"FearPotion"},{"floor":29,"key":"Block Potion"}],"is_trial":false,"path_per_floor":["M","M","M","?","$","E","M","R","T","M","?","E","?","E","R","B",null,"M","M","?","$","?","R","M","E","T","M","R","E","R","?","R","B"],"character_chosen":"THE_SILENT","items_purchased":["CunningPotion","Well Laid Plans","Bag of Marbles","Blade Dance"],"campfire_rested":0,"item_purchase_floors":[5,5,21,21],"current_hp_per_floor":[59,58,57,54,54,42,42,42,42,34,34,33,33,28,28,18,45,45,43,43,43,43,43,48,53,53,54,54,37,37,37,37,0,0],"gold":18,"neow_bonus":"ONE_RARE_RELIC","is_daily":false,"chose_seed":false,"campfire_upgraded":6,"win_rate":0.0,"timestamp":1610946205,"path_taken":["M","M","?","?","$","E","M","R","T","M","?","E","?","E","R","BOSS","M","M","?","$","?","R","M","E","T","M","R","E","R","?","R","BOSS"],"items_purchased_type":["Potion","Card","Relic","Card"],"build_version":"2020-12-22","purchased_purges":1,"victory":false,"max_hp_per_floor":[60,60,60,54,54,54,54,54,54,54,54,54,54,54,54,54,54,54,54,54,54,54,54,54,54,54,54,54,54,54,54,54,54,54],"card_choices":[{"not_picked":["Slice","Flying Knee"],"picked":"Underhanded Strike","floor":1.0},{"not_picked":["PiercingWail","Deflect"],"picked":"Dagger Throw","floor":2.0},{"not_picked":["Infinite Blades","Tactician"],"picked":"Leg Sweep","floor":3.0},{"not_picked":["Dagger Throw","Distraction"],"picked":"Footwork","floor":6},{"not_picked":["Infinite Blades","Cloak And Dagger"],"picked":"Dagger Spray","floor":7},{"not_picked":["Backflip","Burst"],"picked":"Infinite Blades","floor":10},{"not_picked":["Bane","Skewer"],"picked":"Predator","floor":12},{"not_picked":["Quick Slash","Glass Knife"],"picked":"Footwork","floor":14},{"not_picked":["Glass Knife","Doppelganger"],"picked":"Tools of the Trade","floor":16},{"not_picked":["Leg Sweep","Envenom"],"picked":"Backflip","floor":18},{"not_picked":["Sucker Punch","Masterful Stab","Setup"],"picked":"SKIP","floor":19},{"not_picked":["Poisoned Stab","Deadly Poison"],"picked":"Glass Knife","floor":24},{"not_picked":["Dagger Spray","Quick Slash+1"],"picked":"PiercingWail","floor":25},{"not_picked":["Dash","Bane","Choke"],"picked":"SKIP","floor":27},{"not_picked":["Flying Knee","Well Laid Plans","Bane"],"picked":"SKIP","floor":29}],"player_experience":1023384,"relics_obtained":[{"floor":6,"key":"Turnip"},{"floor":9,"key":"Pocketwatch"},{"floor":12,"key":"Thread and Needle"},{"floor":14,"key":"Pen Nib"},{"floor":17,"key":"Happy Flower"},{"floor":17,"key":"Mummified Hand"},{"floor":17,"key":"Dead Branch"},{"floor":25,"key":"Du-Vu Doll"},{"floor":26,"key":"Bottled Lightning"},{"floor":29,"key":"Question Card"}],"event_choices":[{"damage_healed":0.0,"max_hp_gain":0.0,"max_hp_loss":6.0,"gold_gain":0.0,"event_name":"Golden Idol","player_choice":"Lose Max HP","floor":4.0,"gold_loss":0.0,"damage_taken":0.0,"relics_obtained":["Golden Idol"]},{"damage_healed":0,"gold_gain":53,"player_choice":"Gained Gold","damage_taken":0,"max_hp_gain":0,"max_hp_loss":0,"event_name":"Golden Wing","floor":11,"gold_loss":0},{"damage_healed":0,"gold_gain":0,"player_choice":"Ignored","damage_taken":0,"max_hp_gain":0,"max_hp_loss":0,"event_name":"Liars Game","floor":13,"gold_loss":0},{"damage_healed":0,"gold_gain":0,"player_choice":"Opened","damage_taken":0,"relics_obtained":["Letter Opener"],"max_hp_gain":0,"max_hp_loss":0,"event_name":"The Mausoleum","floor":20,"gold_loss":0,"cards_obtained":["Writhe"]},{"damage_healed":0,"gold_gain":0,"player_choice":"Gave Idol","damage_taken":0,"relics_obtained":["Bloody Idol"],"max_hp_gain":0,"max_hp_loss":0,"event_name":"Forgotten Altar","floor":22,"relics_lost":["Golden Idol"],"gold_loss":0},{"cards_removed":["Strike_G"],"damage_healed":0,"gold_gain":0,"player_choice":"Gave Gold","damage_taken":0,"max_hp_gain":0,"max_hp_loss":0,"event_name":"Beggar","floor":31,"gold_loss":75}],"is_beta":false,"boss_relics":[{"not_picked":["Pandora\u0027s Box","Ring of the Serpent"],"picked":"Calling Bell"}],"items_purged_floors":[21],"is_endless":false,"potions_floor_spawned":[2,6,12,14,16,18,24,29],"killed_by":"Collector","ascension_level":20}}