{"host":"qm4rv4rkpk76sbxu","time":1610979916,"event":{"mods":["BaseMod","Bestiary","Block Reminder","DeckTracker","Filter the Spire","Keyboard Shortcuts","Minty Spire (QoL Compilation)","MonsterHotkey","Quick Restart","Relic Stats","Slay-I","StSLib","ojb\u0027s Better Paths Mod","ojb\u0027s Info Mod"],"gold_per_floor":[111,130,130,130,130,130,165,165,189,224,33,33,46,63,63,161,161,179,192,192,462,38,70,70,90,90,90,102,122,136,156,156,254,254,271,271,271,282,297,297,330,330,377,394,394,394],"floor_reached":45,"language":"ENG","playtime":1358,"items_purged":["Regret","Strike_R"],"score":626,"play_id":"bf8cbede-cb6b-4e7d-97b9-a3d5783d4272","local_time":"20210118152516","is_ascension_mode":true,"campfire_choices":[{"data":"Bash","floor":6.0,"key":"SMITH"},{"data":"Spot Weakness","floor":8.0,"key":"SMITH"},{"data":"Berserk","floor":15.0,"key":"SMITH"},{"data":"Demon Form","floor":24,"key":"SMITH"},{"data":"Feed","floor":27,"key":"SMITH"},{"floor":32,"key":"REST"},{"floor":40,"key":"RECALL"}],"circlet_count":0,"master_deck":["Strike_R","Strike_R","Strike_R","Strike_R","Defend_R","Defend_R+1","Defend_R+1","Defend_R","Bash+1","Spot Weakness+1","Iron Wave","Shrug It Off","Feel No Pain","Shrug It Off","Berserk+1","Feed+1","Ghostly Armor","Pommel Strike+1","Feed","Shrug It Off","Panacea","Demon Form+1","Pain","Cleave","Pummel+1","Exhume","Seeing Red","Madness","Madness","Headbutt+1","Heavy Blade+1","Burning Pact+1","Deep Breath","Flash of Steel","Injury"],"relics":["Burning Blood","NeowsBlessing","Lantern","War Paint","MealTicket","Blood Vial","Red Skull","Self Forming Clay","Membership Card","Cursed Key","DollysMirror","Pocketwatch","Mercury Hourglass","HornCleat","Fusion Hammer","Bottled Lightning"],"acts_visited":["Exordium","TheCity","TheBeyond"],"potions_floor_usage":[18,22,23,23,23,33,39],"damage_taken":[{"damage":0.0,"enemies":"Small Slimes","floor":1.0,"turns":1.0},{"damage":0.0,"enemies":"2 Louse","floor":2.0,"turns":1.0},{"damage":0.0,"enemies":"Gremlin Nob","floor":7.0,"turns":1.0},{"damage":23.0,"enemies":"3 Sentries","floor":10.0,"turns":7.0},{"damage":0.0,"enemies":"Jaw Worm","floor":13.0,"turns":3.0},{"damage":2.0,"enemies":"2 Fungi Beasts","floor":14.0,"turns":4.0},{"damage":37.0,"enemies":"Hexaghost","floor":16.0,"turns":9.0},{"damage":0,"enemies":"Chosen","floor":18,"turns":4},{"damage":13,"enemies":"Shell Parasite","floor":19,"turns":6},{"damage":54,"enemies":"Slavers","floor":23,"turns":9},{"damage":6,"enemies":"Snecko","floor":25,"turns":5},{"damage":11,"enemies":"Chosen and Byrds","floor":28,"turns":4},{"damage":5,"enemies":"Sentry and Sphere","floor":29,"turns":5},{"damage":24,"enemies":"Cultist and Chosen","floor":30,"turns":5},{"damage":4,"enemies":"Centurion and Healer","floor":31,"turns":5},{"damage":54,"enemies":"Champ","floor":33,"turns":8},{"damage":21,"enemies":"3 Darklings","floor":35,"turns":5},{"damage":13,"enemies":"Orb Walker","floor":38,"turns":3},{"damage":15,"enemies":"4 Shapes","floor":39,"turns":4},{"damage":43,"enemies":"Giant Head","floor":41,"turns":8},{"damage":29,"enemies":"Transient","floor":44,"turns":5},{"damage":28,"enemies":"Jaw Worm Horde","floor":45,"turns":1}],"seed_played":"-7175925224597535612","potions_obtained":[{"floor":2.0,"key":"SkillPotion"},{"floor":7.0,"key":"AttackPotion"},{"floor":10.0,"key":"ElixirPotion"},{"floor":16.0,"key":"BlessingOfTheForge"},{"floor":18,"key":"Fire Potion"},{"floor":28,"key":"Dexterity Potion"},{"floor":30,"key":"SteroidPotion"},{"floor":31,"key":"Swift Potion"},{"floor":33,"key":"Energy Potion"},{"floor":41,"key":"SteroidPotion"}],"is_trial":false,"path_per_floor":["M","M","?","?","T","R","E","R","T","E","$","?","M","M","R","B",null,"M","M","?","?","$","E","R","M","T","R","M","M","M","M","R","B",null,"M","?","?","M","M","R","E","?","T","M","M"],"character_chosen":"IRONCLAD","items_purchased":["Membership Card","DollysMirror","Fruit Juice","SkillPotion","Shrug It Off","Panacea","Pocketwatch"],"campfire_rested":1,"item_purchase_floors":[11,22,22,22,22,22,22],"current_hp_per_floor":[80,80,80,73,73,73,79,79,79,63,78,78,80,80,80,49,80,84,80,63,36,56,16,16,21,21,21,25,35,19,26,62,20,127,112,96,96,91,91,91,56,46,46,25,0,0],"gold":394,"neow_bonus":"THREE_ENEMY_KILL","is_daily":false,"chose_seed":false,"campfire_upgraded":5,"win_rate":0.0,"timestamp":1610979916,"path_taken":["M","M","?","?","?","R","E","R","T","E","$","?","?","M","R","BOSS","M","?","?","?","$","E","R","M","T","R","M","?","?","M","R","BOSS","M","?","?","M","M","R","E","?","T","M","M"],"items_purchased_type":["Relic","Relic","Potion","Potion","Card","Card","Relic"],"build_version":"2020-12-22","purchased_purges":2,"victory":false,"max_hp_per_floor":[80,80,80,80,80,80,80,80,80,80,80,80,80,80,80,80,80,84,87,92,92,97,103,103,106,106,106,113,120,120,123,123,127,127,127,127,127,127,134,134,134,134,134,134,134,134],"relic_stats":{"Blood Vial":27,"counters":[22,103],"Self Forming Clay":[225],"MealTicket":30,"War Paint":["Defend_R","Defend_R"],"Cursed Key":2,"obtain_stats":[{"Lantern":3,"NeowsBlessing":0,"Self Forming Clay":10,"War Paint":4,"Cursed Key":17,"Burning Blood":0,"Mercury Hourglass":23,"Blood Vial":7,"HornCleat":26,"DollysMirror":22,"MealTicket":5,"Fusion Hammer":34,"Membership Card":11,"Bottled Lightning":41,"Red Skull":9,"Pocketwatch":22},{"Lantern":2,"NeowsBlessing":0,"Self Forming Clay":4,"War Paint":2,"Cursed Key":7,"Burning Blood":0,"Mercury Hourglass":10,"Blood Vial":3,"HornCleat":11,"DollysMirror":9,"MealTicket":2,"Fusion Hammer":16,"Membership Card":4,"Bottled Lightning":20,"Red Skull":3,"Pocketwatch":9},{"Lantern":2,"NeowsBlessing":0,"Self Forming Clay":10,"War Paint":2,"Cursed Key":26,"Burning Blood":0,"Mercury Hourglass":45,"Blood Vial":3,"HornCleat":50,"DollysMirror":36,"MealTicket":2,"Fusion Hammer":77,"Membership Card":10,"Bottled Lightning":97,"Red Skull":3,"Pocketwatch":36}],"Burning Blood":98,"Pocketwatch":[51],"Mercury Hourglass":[217]},"card_choices":[{"not_picked":["Clash","Pummel"],"picked":"Spot Weakness","floor":1.0},{"not_picked":["Headbutt","Combust"],"picked":"Iron Wave","floor":2.0},{"not_picked":["Armaments","Entrench"],"picked":"Shrug It Off","floor":7.0},{"not_picked":["Headbutt","Clash"],"picked":"Feel No Pain","floor":10.0},{"not_picked":["Entrench","Flex"],"picked":"Shrug It Off","floor":13.0},{"not_picked":["Flame Barrier","Sentinel"],"picked":"Berserk","floor":14.0},{"not_picked":["Brutality","Barricade"],"picked":"Feed","floor":16.0},{"not_picked":["Hemokinesis+1","Spot Weakness"],"picked":"Ghostly Armor","floor":18},{"not_picked":["Iron Wave+1","Flex+1"],"picked":"Pommel Strike+1","floor":19},{"not_picked":["Shrug It Off","Sever Soul"],"picked":"Demon Form","floor":23},{"not_picked":["Clothesline+1","Twin Strike+1","Body Slam"],"picked":"SKIP","floor":25},{"not_picked":["Iron Wave","Clash"],"picked":"Cleave","floor":28},{"not_picked":["Havoc","Iron Wave","Perfected Strike"],"picked":"SKIP","floor":29},{"not_picked":["Rampage+1","Metallicize","Wild Strike"],"picked":"SKIP","floor":30},{"not_picked":["Combust+1","Bloodletting"],"picked":"Pummel+1","floor":31},{"not_picked":["Fiend Fire","Bludgeon"],"picked":"Exhume","floor":33},{"not_picked":["Body Slam","Clash+1"],"picked":"Seeing Red","floor":35},{"not_picked":["Body Slam","Flex+1"],"picked":"Headbutt+1","floor":38},{"not_picked":["Havoc+1","Clash+1"],"picked":"Heavy Blade+1","floor":39},{"not_picked":["Iron Wave","Demon Form"],"picked":"Burning Pact+1","floor":41},{"not_picked":["Trip","Impatience"],"picked":"Deep Breath","floor":42},{"not_picked":["Trip","Finesse"],"picked":"Flash of Steel","floor":42},{"not_picked":["Armaments","Havoc","Cleave"],"picked":"SKIP","floor":44}],"player_experience":1356700,"relics_obtained":[{"floor":5.0,"key":"MealTicket"},{"floor":7.0,"key":"Blood Vial"},{"floor":9.0,"key":"Red Skull"},{"floor":10.0,"key":"Self Forming Clay"},{"floor":23,"key":"Mercury Hourglass"},{"floor":26,"key":"HornCleat"},{"floor":41,"key":"Bottled Lightning"}],"event_choices":[{"damage_healed":0.0,"max_hp_gain":0.0,"max_hp_loss":0.0,"gold_gain":0.0,"event_name":"Big Fish","player_choice":"Box","floor":3.0,"gold_loss":0.0,"damage_taken":0.0,"relics_obtained":["Lantern"],"cards_obtained":["Regret"]},{"damage_healed":0.0,"max_hp_gain":0.0,"max_hp_loss":0.0,"gold_gain":0.0,"event_name":"Scrap Ooze","player_choice":"Success","floor":4.0,"gold_loss":0.0,"damage_taken":7.0,"relics_obtained":["War Paint"]},{"damage_healed":0.0,"max_hp_gain":0.0,"max_hp_loss":0.0,"gold_gain":0.0,"event_name":"Match and Keep!","player_choice":"0 cards matched","floor":12.0,"gold_loss":0.0,"damage_taken":0.0,"cards_obtained":[]},{"damage_healed":0,"gold_gain":0,"player_choice":"Shed Blood","damage_taken":22,"max_hp_gain":5,"max_hp_loss":0,"event_name":"Forgotten Altar","floor":20,"gold_loss":0},{"damage_healed":0,"gold_gain":270,"player_choice":"GOLD GOLD GOLD ","damage_taken":27,"max_hp_gain":0,"max_hp_loss":0,"event_name":"Knowing Skull","floor":21,"potions_obtained":[],"gold_loss":0,"cards_obtained":[]},{"damage_healed":0,"gold_gain":0,"player_choice":"Embrace Madness","damage_taken":16,"max_hp_gain":0,"max_hp_loss":0,"event_name":"Winding Halls","floor":36,"gold_loss":0,"cards_obtained":["Madness","Madness"]},{"damage_healed":0,"gold_gain":0,"player_choice":"Ignored","damage_taken":0,"max_hp_gain":0,"max_hp_loss":0,"event_name":"Tomb of Lord Red Mask","floor":37,"gold_loss":0},{"damage_healed":0,"gold_gain":0,"player_choice":"Memory 3","damage_taken":10,"max_hp_gain":0,"max_hp_loss":0,"event_name":"SensoryStone","floor":42,"gold_loss":0}],"is_beta":false,"boss_relics":[{"not_picked":["Empty Cage","Black Blood"],"picked":"Cursed Key"},{"not_picked":["Coffee Dripper","Sozu"],"picked":"Fusion Hammer"}],"items_purged_floors":[11,22],"is_endless":false,"potions_floor_spawned":[2,7,10,16,18,19,28,30,31,33,41],"killed_by":"Jaw Worm Horde","ascension_level":1}}