{"host":"ssahdsoo349p0ms1","time":1610928916,"event":{"mods":["AchievementEnabler","BaseMod","Colored Powertips","Filter the Spire","Minty Spire (QoL Compilation)","StSLib"],"gold_per_floor":[116,129,139,154,229,229,257,257,257,281,310,326,345,371,371,451,451,474,260,260,284,284,284,348,102,102,145,112,112,112,123,123,210,210,250,300,300],"floor_reached":36,"language":"ENG","playtime":1305,"items_purged":["Strike_P"],"score":1032,"play_id":"51c028b9-2a4e-4513-8ef0-d09259b67cd9","local_time":"20210117181516","is_ascension_mode":true,"campfire_choices":[{"data":"Tantrum","floor":6.0,"key":"SMITH"},{"data":"Fasting2","floor":15.0,"key":"SMITH"},{"data":"Blasphemy","floor":23.0,"key":"SMITH"},{"floor":32.0,"key":"REST"}],"circlet_count":0,"master_deck":["AscendersBane","Strike_P+1","Strike_P+1","Strike_P+1","Defend_P+1","Defend_P+1","Defend_P+1","Defend_P+1","Eruption","Vigilance","SashWhip","Tantrum+1","ThirdEye","Fasting2+1","DeusExMachina","Halt","FlyingSleeves","ClearTheMind","Blasphemy+1","FearNoEvil","Wish","Conclude","WheelKick","FlurryOfBlows","Halt","Vault","CutThroughFate","Adaptation","Wish"],"relics":["Philosopher\u0027s Stone","Centennial Puzzle","CeramicFish","Matryoshka","VioletLotus","Orrery","Lantern","MealTicket","Smiling Mask","Shuriken","Unceasing Top","Busted Crown"],"acts_visited":["Exordium","TheCity","TheBeyond"],"potions_floor_usage":[],"damage_taken":[{"damage":0.0,"enemies":"Jaw Worm","floor":1.0,"turns":4.0},{"damage":6.0,"enemies":"2 Louse","floor":2.0,"turns":3.0},{"damage":0.0,"enemies":"Small Slimes","floor":3.0,"turns":2.0},{"damage":4.0,"enemies":"Blue Slaver","floor":4.0,"turns":4.0},{"damage":0.0,"enemies":"Lagavulin","floor":7.0,"turns":3.0},{"damage":4.0,"enemies":"3 Louse","floor":10.0,"turns":3.0},{"damage":0.0,"enemies":"Large Slime","floor":11.0,"turns":2.0},{"damage":2.0,"enemies":"2 Fungi Beasts","floor":12.0,"turns":3.0},{"damage":4.0,"enemies":"Looter","floor":13.0,"turns":2.0},{"damage":0.0,"enemies":"Gremlin Nob","floor":14.0,"turns":3.0},{"damage":0.0,"enemies":"Slime Boss","floor":16.0,"turns":3.0},{"damage":0.0,"enemies":"Shell Parasite","floor":18.0,"turns":3.0},{"damage":15.0,"enemies":"3 Byrds","floor":21.0,"turns":4.0},{"damage":25.0,"enemies":"Slavers","floor":24.0,"turns":3.0},{"damage":12.0,"enemies":"Book of Stabbing","floor":27.0,"turns":2.0},{"damage":0.0,"enemies":"Cultist and Chosen","floor":29.0,"turns":4.0},{"damage":0.0,"enemies":"Snecko","floor":31.0,"turns":3.0},{"damage":15.0,"enemies":"Collector","floor":33.0,"turns":5.0},{"damage":12.0,"enemies":"Orb Walker","floor":35.0,"turns":4.0},{"damage":47,"enemies":"3 Shapes","floor":36,"turns":7}],"seed_played":"-2099281180404984185","potions_obtained":[{"floor":2.0,"key":"SteroidPotion"},{"floor":4.0,"key":"SteroidPotion"},{"floor":11.0,"key":"ColorlessPotion"},{"floor":12.0,"key":"Dexterity Potion"},{"floor":21.0,"key":"LiquidBronze"},{"floor":24.0,"key":"SmokeBomb"}],"is_trial":false,"path_per_floor":["M","M","M","M","?","R","E","?","T","M","M","M","M","E","R","B",null,"M","$","?","M","?","R","E","$","T","E","$","M","?","M","R","B",null,"M","M"],"character_chosen":"WATCHER","items_purchased":["Orrery","Vault","MealTicket","Adaptation"],"campfire_rested":1,"item_purchase_floors":[19,25,25,28],"current_hp_per_floor":[61,55,55,51,40,40,40,40,40,36,36,34,30,30,30,30,59,59,59,59,44,44,44,19,19,19,7,22,22,3,3,24,9,57,45,0,0],"gold":300,"neow_bonus":"BOSS_RELIC","is_daily":false,"chose_seed":false,"campfire_upgraded":3,"win_rate":0.0,"timestamp":1610928916,"path_taken":["M","M","M","M","?","R","E","?","T","M","M","M","M","E","R","BOSS","M","$","?","M","?","R","E","?","T","E","$","M","?","M","R","BOSS","M","M"],"items_purchased_type":["Relic","Card","Relic","Card"],"build_version":"2020-12-22","purchased_purges":1,"victory":false,"max_hp_per_floor":[68,68,68,68,68,68,68,68,68,68,68,68,68,68,68,68,68,68,68,68,68,68,68,68,68,68,68,68,68,73,73,73,73,73,73,73,73],"card_choices":[{"not_picked":["Fasting2","Crescendo"],"picked":"SashWhip","floor":1.0},{"not_picked":["JustLucky","Halt"],"picked":"Tantrum","floor":2.0},{"not_picked":["Evaluate","Crescendo"],"picked":"ThirdEye","floor":3.0},{"not_picked":["ClearTheMind","EmptyBody"],"picked":"Fasting2","floor":4.0},{"not_picked":["PathToVictory","FlyingSleeves"],"picked":"DeusExMachina","floor":7.0},{"not_picked":["Crescendo","CutThroughFate"],"picked":"Halt","floor":10.0},{"not_picked":["SignatureMove","Vengeance"],"picked":"FlyingSleeves","floor":11.0},{"not_picked":["Perseverance","ThirdEye","Evaluate"],"picked":"SKIP","floor":12.0},{"not_picked":["PathToVictory","CrushJoints"],"picked":"ClearTheMind","floor":13.0},{"not_picked":["CrushJoints","Sanctity","Prostrate"],"picked":"SKIP","floor":14.0},{"not_picked":["Brilliance","Establishment"],"picked":"Blasphemy","floor":16.0},{"not_picked":["Protect","InnerPeace+1"],"picked":"FearNoEvil","floor":18.0},{"not_picked":["Worship+1","Conclude"],"picked":"Wish","floor":19.0},{"not_picked":["Halt","FollowUp"],"picked":"Conclude","floor":19.0},{"not_picked":["Halt","EmptyBody"],"picked":"WheelKick","floor":19.0},{"not_picked":["FollowUp","Weave"],"picked":"FlurryOfBlows","floor":21.0},{"not_picked":["FollowUp","SignatureMove"],"picked":"Halt","floor":24.0},{"not_picked":["ThirdEye","Devotion"],"picked":"CutThroughFate","floor":27.0},{"not_picked":["CrushJoints","Crescendo","Collect"],"picked":"SKIP","floor":31.0},{"not_picked":["SpiritShield","Ragnarok"],"picked":"Wish","floor":33.0},{"not_picked":["FollowUp"],"picked":"SKIP","floor":35.0}],"player_experience":571528,"relics_obtained":[{"floor":7.0,"key":"Centennial Puzzle"},{"floor":9.0,"key":"CeramicFish"},{"floor":14.0,"key":"Matryoshka"},{"floor":24.0,"key":"Lantern"},{"floor":26.0,"key":"Smiling Mask"},{"floor":26.0,"key":"Shuriken"},{"floor":27.0,"key":"Unceasing Top"}],"event_choices":[{"damage_healed":0.0,"max_hp_gain":0.0,"max_hp_loss":0.0,"gold_gain":75.0,"event_name":"World of Goop","player_choice":"Gather Gold","floor":5.0,"gold_loss":0.0,"damage_taken":11.0},{"damage_healed":0.0,"max_hp_gain":0.0,"max_hp_loss":0.0,"gold_gain":0.0,"event_name":"Liars Game","player_choice":"Ignored","floor":8.0,"gold_loss":0.0,"damage_taken":0.0},{"damage_healed":0.0,"max_hp_gain":0.0,"max_hp_loss":0.0,"gold_gain":0.0,"event_name":"Vampires","player_choice":"Ignored","floor":20.0,"gold_loss":0.0,"damage_taken":0.0},{"damage_healed":0.0,"max_hp_gain":0.0,"max_hp_loss":0.0,"gold_gain":0.0,"event_name":"Back to Basics","player_choice":"Simplicity","floor":22.0,"gold_loss":0.0,"damage_taken":0.0,"cards_upgraded":["Strike_P","Strike_P","Strike_P","Defend_P","Defend_P","Defend_P","Defend_P"]},{"damage_healed":0.0,"max_hp_gain":5.0,"max_hp_loss":0.0,"gold_gain":0.0,"event_name":"Forgotten Altar","player_choice":"Shed Blood","floor":30.0,"gold_loss":0.0,"damage_taken":24.0}],"is_beta":false,"boss_relics":[{"not_picked":["Fusion Hammer","Runic Dome"],"picked":"VioletLotus"},{"not_picked":["Pandora\u0027s Box","Snecko Eye"],"picked":"Busted Crown"}],"items_purged_floors":[19],"is_endless":false,"potions_floor_spawned":[2,4,11,12,21,24,29],"killed_by":"3 Shapes","ascension_level":20}}