{"host":"1q02rw1wpi0nrsss","time":1610973423,"event":{"mods":["AchievementEnabler","BaseMod","Better Note","Custom Start","Dark Map","DeckTracker","Disable Question Mark Monsters","Minty Spire (QoL Compilation)","Permanent Neow","Quick Restart","Rare Cards Sparkle","Relic Stats","StSLib"],"gold_per_floor":[119,119,79,99,114,114,132,132,432,465,465,465,465,506,506,636,636,655,432,457,535,550,591,141,162,215,215,233,276,276,295,295,421,484,502,517,517,533,100,100,143,143,143,143,225,238,238,263,263,263],"floor_reached":51,"language":"ENG","playtime":2094,"items_purged":["Strike_G","Strike_G","Strike_G"],"score":1090,"play_id":"f200dd6d-e6fe-4216-8782-f6898c40209a","local_time":"20210118043703","is_ascension_mode":true,"campfire_choices":[{"data":"Blade Dance","floor":6,"key":"SMITH"},{"data":"Footwork","floor":8,"key":"SMITH"},{"data":"Die Die Die","floor":12,"key":"SMITH"},{"floor":15,"key":"REST"},{"floor":27,"key":"REST"},{"floor":30,"key":"REST"},{"data":"Bullet Time","floor":32,"key":"SMITH"},{"data":"Terror","floor":40,"key":"SMITH"},{"data":"Envenom","floor":42,"key":"SMITH"},{"data":"A Thousand Cuts","floor":44,"key":"SMITH"},{"data":"Calculated Gamble","floor":49,"key":"SMITH"}],"circlet_count":0,"master_deck":["Strike_G","Strike_G","Defend_G","Defend_G","Defend_G","Defend_G","Defend_G+1","Survivor","Neutralize","Blade Dance+1","Footwork+1","Finisher","Calculated Gamble+1","Die Die Die+1","Storm of Steel+1","A Thousand Cuts+1","Flechettes+1","Cloak And Dagger+1","Accuracy+1","Blade Dance","Backflip+1","Bullet Time+1","Venomology+1","Terror+1","Crippling Poison+1","Envenom+1"],"relics":["Ring of the Snake","Tiny Chest","Old Coin","Ice Cream","Golden Idol","Anchor","SlaversCollar","Bronze Scales","White Beast Statue","Centennial Puzzle","ClockworkSouvenir","Bag of Preparation","Vajra","Molten Egg 2","Tiny House","Tough Bandages","Shuriken","HornCleat"],"acts_visited":["Exordium","TheCity","TheBeyond"],"potions_floor_usage":[7,10,20,25,25,29,29,31,35,38,38,41,41,41,41,48,50,50,50],"damage_taken":[{"damage":6,"enemies":"Small Slimes","floor":1,"turns":4},{"damage":5,"enemies":"Jaw Worm","floor":4,"turns":4},{"damage":0,"enemies":"2 Louse","floor":5,"turns":1},{"damage":5,"enemies":"Exordium Wildlife","floor":7,"turns":3},{"damage":1,"enemies":"3 Sentries","floor":10,"turns":6},{"damage":29,"enemies":"Lagavulin","floor":14,"turns":6},{"damage":19,"enemies":"The Guardian","floor":16,"turns":17},{"damage":0,"enemies":"3 Byrds","floor":18,"turns":4},{"damage":0,"enemies":"Chosen","floor":20,"turns":4},{"damage":21,"enemies":"Centurion and Healer","floor":22,"turns":5},{"damage":20,"enemies":"Book of Stabbing","floor":23,"turns":5},{"damage":0,"enemies":"Snecko","floor":25,"turns":3},{"damage":1,"enemies":"Chosen and Byrds","floor":28,"turns":4},{"damage":0,"enemies":"Slavers","floor":29,"turns":3},{"damage":0,"enemies":"Shelled Parasite and Fungi","floor":31,"turns":3},{"damage":45,"enemies":"Champ","floor":33,"turns":7},{"damage":0,"enemies":"Orb Walker","floor":35,"turns":2},{"damage":0,"enemies":"3 Shapes","floor":36,"turns":4},{"damage":0,"enemies":"Jaw Worm Horde","floor":38,"turns":2},{"damage":6,"enemies":"Reptomancer","floor":41,"turns":3},{"damage":0,"enemies":"Spire Growth","floor":46,"turns":3},{"damage":2,"enemies":"Writhing Mass","floor":48,"turns":3},{"damage":56,"enemies":"Awakened One","floor":50,"turns":7}],"seed_played":"-6343873355979055524","potions_obtained":[{"floor":4,"key":"ColorlessPotion"},{"floor":5,"key":"Energy Potion"},{"floor":18,"key":"Swift Potion"},{"floor":22,"key":"Explosive Potion"},{"floor":23,"key":"Ancient Potion"},{"floor":25,"key":"SkillPotion"},{"floor":28,"key":"SkillPotion"},{"floor":29,"key":"Weak Potion"},{"floor":31,"key":"Fire Potion"},{"floor":33,"key":"Swift Potion"},{"floor":34,"key":"BlessingOfTheForge"},{"floor":35,"key":"LiquidBronze"},{"floor":38,"key":"Swift Potion"},{"floor":41,"key":"GamblersBrew"},{"floor":46,"key":"LiquidBronze"},{"floor":48,"key":"Regen Potion"}],"is_trial":false,"path_per_floor":["M","?","$","M","M","R","M","R","T","E","?","R","?","E","R","B",null,"M","$","M","T","M","E","$","M","T","R","M","E","R","M","R","B",null,"M","M","?","M","$","R","E","R","T","R","T","M","$","M","R","B",null],"character_chosen":"THE_SILENT","items_purchased":["Footwork","Bronze Scales","ClockworkSouvenir","Bag of Preparation","Blade Dance","Tough Bandages"],"campfire_rested":3,"item_purchase_floors":[3,19,24,24,24,39],"current_hp_per_floor":[57,62,62,57,57,57,52,52,52,51,51,51,33,4,26,7,58,58,58,58,58,37,17,17,17,17,39,38,38,60,60,60,15,65,65,65,65,65,65,65,59,59,59,59,59,59,59,57,57,16],"gold":263,"neow_bonus":"RANDOM_COMMON_RELIC","is_daily":false,"chose_seed":false,"campfire_upgraded":8,"win_rate":0.0,"timestamp":1610973423,"path_taken":["M","?","$","M","M","R","M","R","T","E","?","R","?","E","R","BOSS","M","$","M","?","M","E","$","M","T","R","M","E","R","M","R","BOSS","M","M","?","?","?","R","E","R","T","R","?","M","$","M","R","BOSS"],"items_purchased_type":["Card","Relic","Relic","Relic","Card","Relic"],"build_version":"2020-12-22","purchased_purges":3,"victory":true,"max_hp_per_floor":[70,75,75,75,75,75,75,75,75,75,75,75,75,75,75,75,75,75,75,75,75,75,75,75,75,75,75,75,75,75,75,75,75,80,80,80,80,80,80,80,80,80,80,80,80,80,80,80,80,80],"relic_stats":{"Centennial Puzzle":[15],"Tough Bandages":[84],"counters":[23,103],"Golden Idol":165,"Shuriken":[16],"Bronze Scales":[150],"Tiny Chest":2,"Bag of Preparation":[24],"obtain_stats":[{"Ice Cream":10,"Tiny House":34,"Golden Idol":13,"Vajra":26,"Bag of Preparation":24,"White Beast Statue":21,"Old Coin":9,"ClockworkSouvenir":24,"SlaversCollar":17,"Anchor":14,"Centennial Puzzle":23,"Tough Bandages":39,"HornCleat":45,"Shuriken":41,"Bronze Scales":19,"Tiny Chest":0,"Molten Egg 2":29,"Ring of the Snake":0},{"Ice Cream":5,"Tiny House":16,"Golden Idol":5,"Vajra":12,"Bag of Preparation":11,"White Beast Statue":9,"Old Coin":4,"ClockworkSouvenir":11,"SlaversCollar":7,"Anchor":6,"Centennial Puzzle":11,"Tough Bandages":19,"HornCleat":20,"Shuriken":20,"Bronze Scales":8,"Tiny Chest":0,"Molten Egg 2":14,"Ring of the Snake":0},{"Ice Cream":18,"Tiny House":79,"Golden Idol":18,"Vajra":62,"Bag of Preparation":59,"White Beast Statue":49,"Old Coin":12,"ClockworkSouvenir":59,"SlaversCollar":41,"Anchor":24,"Centennial Puzzle":59,"Tough Bandages":87,"HornCleat":90,"Shuriken":90,"Bronze Scales":45,"Tiny Chest":0,"Molten Egg 2":69,"Ring of the Snake":0}],"Ring of the Snake":[46]},"card_choices":[{"not_picked":["Acrobatics","Dagger Throw"],"picked":"Blade Dance","floor":1},{"not_picked":["Backflip","PiercingWail"],"picked":"Finisher","floor":4},{"not_picked":["Poisoned Stab","Acrobatics"],"picked":"Calculated Gamble","floor":5},{"not_picked":["Slice","Accuracy"],"picked":"Die Die Die","floor":7},{"not_picked":["Deflect","Acrobatics"],"picked":"Storm of Steel","floor":10},{"not_picked":["Poisoned Stab","PiercingWail","Backstab"],"picked":"SKIP","floor":14},{"not_picked":["Wraith Form v2","Venomology"],"picked":"A Thousand Cuts","floor":16},{"not_picked":["Skewer","Quick Slash"],"picked":"Flechettes+1","floor":18},{"not_picked":["Sucker Punch+1","Deflect"],"picked":"Cloak And Dagger+1","floor":20},{"not_picked":["Distraction+1","PiercingWail"],"picked":"Accuracy+1","floor":22},{"not_picked":["Outmaneuver","Backstab","All Out Attack"],"picked":"SKIP","floor":23},{"not_picked":["Dagger Spray","Prepared"],"picked":"Backflip+1","floor":25},{"not_picked":["Flechettes","Deadly Poison+1","Leg Sweep"],"picked":"SKIP","floor":28},{"not_picked":["Dodge and Roll","Choke+1","Accuracy"],"picked":"SKIP","floor":29},{"not_picked":["Quick Slash+1","Backflip+1"],"picked":"Bullet Time","floor":31},{"not_picked":["Storm of Steel","Wraith Form v2"],"picked":"Venomology","floor":33},{"not_picked":["Prepared","Slice+1"],"picked":"Terror","floor":34},{"not_picked":["Dagger Throw+1","Cloak And Dagger+1"],"picked":"Crippling Poison+1","floor":35},{"not_picked":["Sucker Punch+1","Blade Dance","Dagger Throw+1"],"picked":"SKIP","floor":36},{"not_picked":["PiercingWail","Caltrops","Dagger Spray+1"],"picked":"SKIP","floor":38},{"not_picked":["Dagger Throw+1","Concentrate"],"picked":"Envenom","floor":41},{"not_picked":["Poisoned Stab+1","Expertise","Underhanded Strike+1"],"picked":"SKIP","floor":46},{"not_picked":["Setup+1","Poisoned Stab+1","Bane+1"],"picked":"SKIP","floor":48}],"player_experience":412031,"relics_obtained":[{"floor":9,"key":"Old Coin"},{"floor":10,"key":"Ice Cream"},{"floor":14,"key":"Anchor"},{"floor":21,"key":"White Beast Statue"},{"floor":23,"key":"Centennial Puzzle"},{"floor":26,"key":"Vajra"},{"floor":29,"key":"Molten Egg 2"},{"floor":41,"key":"Shuriken"},{"floor":45,"key":"HornCleat"}],"event_choices":[{"damage_healed":0,"gold_gain":0,"player_choice":"Donut","damage_taken":0,"max_hp_gain":5,"max_hp_loss":0,"event_name":"Big Fish","floor":2,"gold_loss":0},{"damage_healed":0,"gold_gain":0,"player_choice":"Grow","damage_taken":0,"max_hp_gain":0,"max_hp_loss":0,"event_name":"Living Wall","floor":11,"gold_loss":0,"cards_upgraded":["Storm of Steel"]},{"damage_healed":0,"gold_gain":0,"player_choice":"Take Damage","damage_taken":18,"relics_obtained":["Golden Idol"],"max_hp_gain":0,"max_hp_loss":0,"event_name":"Golden Idol","floor":13,"gold_loss":0},{"damage_healed":0,"gold_gain":0,"player_choice":"Upgraded","damage_taken":0,"max_hp_gain":0,"max_hp_loss":0,"event_name":"Upgrade Shrine","floor":37,"gold_loss":0,"cards_upgraded":["Venomology"]}],"is_beta":false,"boss_relics":[{"not_picked":["Fusion Hammer","Black Star"],"picked":"SlaversCollar"},{"not_picked":["Snecko Eye","Velvet Choker"],"picked":"Tiny House"}],"items_purged_floors":[19,24,39],"is_endless":false,"potions_floor_spawned":[4,5,18,22,23,25,28,29,31,33,35,36,38,41,46,48],"ascension_level":9}}