{"host":"la6t950uoatqs0xt","time":1610940760,"event":{"mods":["AchievementEnabler","BaseMod","Colored Powertips","Minty Spire (QoL Compilation)","Quick Restart","Rare Cards Sparkle"],"gold_per_floor":[112,122,140,158,174,204,204,204,204],"floor_reached":8,"language":"ENG","playtime":353,"items_purged":[],"score":66,"play_id":"36f8e06f-b26a-4185-a93e-6b52f6b9c642","local_time":"20210117223240","is_ascension_mode":true,"campfire_choices":[{"floor":7,"key":"REST"}],"circlet_count":0,"master_deck":["Strike_R","Strike_R","Strike_R","Strike_R","Strike_R","Defend_R","Defend_R","Defend_R","Defend_R","Bash","Purity","Power Through","Wild Strike","Intimidate"],"relics":["Burning Blood","Happy Flower"],"acts_visited":["Exordium"],"potions_floor_usage":[],"damage_taken":[{"damage":5,"enemies":"Cultist","floor":1,"turns":4},{"damage":13,"enemies":"Jaw Worm","floor":2,"turns":4},{"damage":8,"enemies":"Small Slimes","floor":3,"turns":4},{"damage":16,"enemies":"2 Fungi Beasts","floor":4,"turns":4},{"damage":17,"enemies":"Blue Slaver","floor":5,"turns":5},{"damage":49,"enemies":"Lagavulin","floor":6,"turns":8},{"damage":59,"enemies":"Gremlin Nob","floor":8,"turns":5}],"seed_played":"-4917777410216435386","potions_obtained":[{"floor":3,"key":"SpeedPotion"},{"floor":4,"key":"Block Potion"}],"is_trial":false,"path_per_floor":["M","M","M","M","M","E","R","E"],"character_chosen":"IRONCLAD","items_purchased":[],"campfire_rested":1,"item_purchase_floors":[],"current_hp_per_floor":[80,73,71,61,50,7,31,0,0],"gold":204,"neow_bonus":"RANDOM_COLORLESS","is_daily":false,"chose_seed":false,"campfire_upgraded":0,"win_rate":0.0,"timestamp":1610940760,"path_taken":["M","M","M","?","M","E","R","E"],"items_purchased_type":[],"build_version":"2020-12-22","purchased_purges":0,"victory":false,"max_hp_per_floor":[80,80,80,80,80,80,80,80,80],"card_choices":[{"not_picked":["Forethought","Dramatic Entrance"],"picked":"Purity","floor":0},{"not_picked":["Twin Strike","Headbutt"],"picked":"Power Through","floor":1},{"not_picked":["Body Slam","Carnage","Pommel Strike"],"picked":"SKIP","floor":2},{"not_picked":["Rampage","Clothesline","Havoc"],"picked":"SKIP","floor":3},{"not_picked":["Inflame","Thunderclap"],"picked":"Wild Strike","floor":4},{"not_picked":["Pommel Strike","Heavy Blade"],"picked":"Intimidate","floor":5},{"not_picked":["Shockwave","Dual Wield","Exhume"],"picked":"SKIP","floor":6}],"player_experience":257761,"relics_obtained":[{"floor":6,"key":"Happy Flower"}],"event_choices":[],"is_beta":false,"boss_relics":[],"items_purged_floors":[],"is_endless":false,"potions_floor_spawned":[3,4],"killed_by":"Gremlin Nob","ascension_level":2}}