{"host":"7l2t4psy44vpcd9q","time":1610973618,"event":{"mods":["AchievementEnabler","BaseMod","DeckTracker","Minty Spire (QoL Compilation)","SuperFastMode"],"gold_per_floor":[216,229,229,194,56,90,52,52,352,378,378,397,397,415,415,415,415],"floor_reached":16,"language":"KOR","playtime":497,"items_purged":[],"score":216,"play_id":"13b8867d-0c02-42e3-bdc1-f0906db602e3","local_time":"20210118214018","is_ascension_mode":true,"campfire_choices":[{"data":"Barrage","floor":8,"key":"SMITH"},{"floor":13,"key":"REST"},{"data":"Go for the Eyes","floor":15,"key":"SMITH"}],"circlet_count":0,"master_deck":["AscendersBane","Strike_B","Strike_B","Strike_B","Strike_B","Defend_B","Defend_B","Defend_B","Defend_B","Zap+1","Dualcast+1","Sweeping Beam","Barrage+1","Rebound","Compile Driver","Go for the Eyes+1","BootSequence+1","Compile Driver","Ball Lightning"],"relics":["Cracked Core","Happy Flower","Old Coin","Art of War"],"acts_visited":["Exordium"],"potions_floor_usage":[6,6],"damage_taken":[{"damage":4,"enemies":"Jaw Worm","floor":1,"turns":4},{"damage":0,"enemies":"2 Louse","floor":2,"turns":1},{"damage":25,"enemies":"3 Sentries","floor":6,"turns":5},{"damage":29,"enemies":"Gremlin Nob","floor":10,"turns":4},{"damage":0,"enemies":"Small Slimes","floor":12,"turns":2},{"damage":0,"enemies":"2 Fungi Beasts","floor":14,"turns":3},{"damage":40,"enemies":"Hexaghost","floor":16,"turns":7}],"seed_played":"8308677064673698136","potions_obtained":[{"floor":2,"key":"Regen Potion"}],"is_trial":false,"path_per_floor":["M","M","?","?","$","E","?","R","T","E","?","M","R","M","R","B"],"character_chosen":"DEFECT","items_purchased":["Rebound","SteroidPotion","Compile Driver"],"campfire_rested":1,"item_purchase_floors":[5,5,5],"current_hp_per_floor":[60,60,39,56,56,45,45,45,45,16,16,16,37,37,37,0,0],"gold":415,"neow_bonus":"HUNDRED_GOLD","is_daily":false,"chose_seed":false,"campfire_upgraded":2,"win_rate":0.0,"timestamp":1610973618,"path_taken":["M","M","?","?","$","E","?","R","T","E","?","M","R","?","R","BOSS"],"items_purchased_type":["Card","Potion","Card"],"build_version":"2020-12-22","purchased_purges":0,"victory":false,"max_hp_per_floor":[71,71,71,71,71,71,71,71,71,71,71,71,71,71,71,71,71],"card_choices":[{"not_picked":["Redo","Compile Driver"],"picked":"Sweeping Beam","floor":1},{"not_picked":["Darkness","Stack"],"picked":"Barrage","floor":2},{"not_picked":["Rebound","Chaos"],"picked":"Go for the Eyes","floor":6},{"not_picked":["Buffer","Turbo"],"picked":"BootSequence","floor":10},{"not_picked":["BootSequence","Recycle"],"picked":"Compile Driver","floor":12},{"not_picked":["Recycle","Genetic Algorithm"],"picked":"Ball Lightning","floor":14}],"player_experience":1262202,"relics_obtained":[{"floor":6,"key":"Happy Flower"},{"floor":9,"key":"Old Coin"},{"floor":10,"key":"Art of War"}],"event_choices":[{"damage_healed":0,"gold_gain":0,"player_choice":"Entered Light","damage_taken":21,"max_hp_gain":0,"max_hp_loss":0,"event_name":"Shining Light","floor":3,"gold_loss":0,"cards_upgraded":["Zap","Dualcast"]},{"damage_healed":17,"gold_gain":0,"player_choice":"Healed","damage_taken":0,"max_hp_gain":0,"max_hp_loss":0,"event_name":"The Cleric","floor":4,"gold_loss":35},{"damage_healed":0,"gold_gain":0,"player_choice":"Left Gold","damage_taken":0,"max_hp_gain":0,"max_hp_loss":0,"event_name":"World of Goop","floor":7,"gold_loss":38},{"damage_healed":0,"gold_gain":0,"player_choice":"Grow","damage_taken":0,"max_hp_gain":0,"max_hp_loss":0,"event_name":"Living Wall","floor":11,"gold_loss":0,"cards_upgraded":["BootSequence"]}],"is_beta":false,"boss_relics":[],"items_purged_floors":[],"is_endless":false,"potions_floor_spawned":[2],"killed_by":"Hexaghost","ascension_level":20}}