{"host":"y9jgkjnf95sujozk","time":1610989109,"event":{"mods":["2.2 Compatiblity","AchievementEnabler","Act Like it!","BaseMod","BetterRewards","Block Reminder","Colored Map","Colored Powertips","Decade(王小明)","Downfall","Friendly Minions","Gensokyo","GifTheSpireLib","Hallownest","Hermit","Highlight Path","HololiveMod","Hubris","Infinite Spire","Jorbs\u0027s Wanderer Trilogy","Koishi","Marisa（霧雨　魔理沙）","Minty Spire (QoL Compilation)","Quick Restart","Random Character Button","Rare Cards Sparkle","Reimu（博??梦）","Remilia（蕾米莉?）","Shop Mod","StSLib","SuperFastMode","The Animator","The Bug Knight","The Cursed","The Disciple","The Hierophant","The Jungle","The Senshi","The Servant 0.9.4","[IsaacMod]以撒尖塔"],"gold_per_floor":[80,94,94,94,121,121,121,184,238,271,111,111,127,127,127,225,275,298,298,313,387,387,426,444,544,544,573,595,595,610,610,610,712,762,783,34,9,35,55,82,101,41,93,219,277,277,277,296,296,296],"floor_reached":51,"language":"ENG","playtime":1542,"items_purged":[],"score":1432,"play_id":"98d3bb55-577b-40ba-8978-ec44904575c4","local_time":"20210118175829","is_ascension_mode":true,"campfire_choices":[{"data":"Hololive_Spy","floor":6,"key":"SMITH"},{"data":"Hololive_CallNekomataOkayu","floor":12,"key":"SMITH"},{"data":"Hololive_CallSpadeEcho","floor":15,"key":"SMITH"},{"data":"Hololive_CallArtia","floor":32,"key":"SMITH"},{"data":"Hololive_StarCraft","floor":47,"key":"SMITH"},{"data":"Hololive_CallSpadeEcho","floor":49,"key":"SMITH"}],"circlet_count":0,"master_deck":["Hololive_Strike","Hololive_Strike","Hololive_Defend+1","Hololive_Defend+1","Hololive_Breathe","Hololive_CallAZKi","Hololive_CallHimemoriLuna","Hololive_CallTokoyamiTowa","Hololive_CallShiranuiFlare","Hololive_CallShirakamiFubuki","DoctorFetus","Hololive_OvertimeWork","Hololive_CocoNews","Hololive_CallYuzukiChoco","Hololive_Spy+1","Hololive_CallHoshimachiSuisei","Hololive_CallNekomataOkayu+1","Hololive_CallSpadeEcho+1","Hololive_IdolExercise","Hololive_SummonFox","Hololive_Spy","Hololive_CallAiraniIofifteen","Hololive_CallYozoraMel","Hololive_StrengthChampion","Hololive_Psychosis","Hololive_CallOkamiMio","Hololive_CallAZKi","Hololive_StrengthChampion+1","Hololive_CallTokinoSora","Hololive_Recruit","Hololive_CallRosalyn","Hololive_CallArtia+1","Hololive_HighAtkLowDef","Hololive_MaximGun","Hololive_Spy","Hololive_CallManoAloe","Hololive_CallAyundaRisu+1","Hololive_CocoNews","Hololive_DevilCharm","Hololive_CallMomosuzuNene+1","Master of Strategy","Mind Blast","Hololive_CallUruhaRushia","Hololive_CallSpadeEcho+1","Hololive_CallYogiri+1","Hololive_CallFriendA+1","Hololive_StarCraft+1","Hololive_CallOzoraSubaru+1"],"relics":["Hololive_TheStar","HushsDoor","CaptainsWheel","GuppysHead","hubris:MobiusCoin","Hololive_LightStick","Toy Ornithopter","hubris:Towel","War Paint","Blue Candle","Enchiridion","MagicMushroom","PureWhite:ReiMu","hubris:TenFootPole","Calipers","expansioncontent:StudyCardRelic","HandDrill","Orichalcum","Omamori","infinitespire:Beetle Shell","infinitespire:Magic Flask","Hallownest:BeastSealRelic"],"acts_visited":["Exordium","Gensokyo:Gensokyo","theJungle:Jungle"],"potions_floor_usage":[16,16,23,23,23,27,27,27,27,33,45,45,45],"damage_taken":[{"damage":0,"enemies":"Gensokyo:2_Kodama","floor":1,"turns":4},{"damage":0,"enemies":"Gensokyo:Python","floor":2,"turns":2},{"damage":0,"enemies":"Gensokyo:3_Fairies","floor":8,"turns":4},{"damage":0,"enemies":"Gensokyo:Aya","floor":10,"turns":4},{"damage":0,"enemies":"Gensokyo:Kitsune","floor":13,"turns":2},{"damage":0,"enemies":"Gensokyo:Yukari","floor":16,"turns":4},{"damage":0,"enemies":"theJungle:Flameango_and_Byrd","floor":18,"turns":3},{"damage":0,"enemies":"theJungle:GiantWrat","floor":20,"turns":2},{"damage":0,"enemies":"theJungle:Lyon","floor":21,"turns":3},{"damage":0,"enemies":"theJungle:MamaSnecko","floor":23,"turns":4},{"damage":0,"enemies":"theJungle:SlimyTreeVines","floor":24,"turns":3},{"damage":0,"enemies":"theJungle:Cassacara","floor":27,"turns":4},{"damage":0,"enemies":"theJungle:2_Flameangoes","floor":28,"turns":4},{"damage":0,"enemies":"theJungle:Lyon","floor":30,"turns":3},{"damage":0,"enemies":"theJungle:QueenSpyder","floor":33,"turns":9},{"damage":0,"enemies":"Hallownest:2_Littles","floor":35,"turns":3},{"damage":0,"enemies":"Hallownest:Shield_Heavy","floor":38,"turns":3},{"damage":0,"enemies":"Hallownest:2_Great","floor":39,"turns":4},{"damage":7,"enemies":"Hallownest:2_Soldiers_and_1_Guardian","floor":41,"turns":4},{"damage":0,"enemies":"Hallownest:Slobbering_and_Violent","floor":44,"turns":4},{"damage":0,"enemies":"Hallownest:StalkingDevout","floor":45,"turns":4},{"damage":0,"enemies":"Hallownest:2_Great","floor":48,"turns":2},{"damage":0,"enemies":"Hallownest:Radiance","floor":50,"turns":7}],"seed_played":"917661565866978472","potions_obtained":[{"floor":8,"key":"ZuzhouPotion:ReiMu"},{"floor":10,"key":"SkillPotion"},{"floor":16,"key":"BlessingOfTheForge"},{"floor":23,"key":"EntropicBrew"},{"floor":30,"key":"MagicPotion:ReiMu"},{"floor":33,"key":"Fire Potion"},{"floor":35,"key":"Block Potion"},{"floor":39,"key":"Dexterity Potion"}],"is_trial":false,"path_per_floor":["M","M","?","?","T","R","?","M","T","E","?","R","M","COS","R","B",null,"M","?","M","M","?","E","M","?","T","E","M","?","M","?","R","B",null,"M","$","?","M","M","T","M","?","T","M","E","?","R","M","R","B",null],"character_chosen":"Hololive_HololiveCharacter","items_purchased":["Hololive_CocoNews","Hololive_SummonFox","Hololive_Spy","Hololive_CallAiraniIofifteen","Hololive_MaximGun","Hololive_Spy","Hololive_CallManoAloe","Hololive_CocoNews","Hololive_DevilCharm","Hololive_CallMomosuzuNene","HandDrill","Master of Strategy","Mind Blast","Orichalcum"],"campfire_rested":0,"item_purchase_floors":[0,17,17,17,34,34,34,36,36,36,36,36,36,36],"current_hp_per_floor":[35,35,35,35,35,35,35,35,35,35,35,35,35,35,35,35,33,33,33,33,33,27,33,33,33,33,33,33,33,33,33,33,33,23,23,23,23,23,23,23,16,23,23,24,30,30,30,30,30,30],"gold":296,"neow_bonus":"","is_daily":false,"chose_seed":false,"campfire_upgraded":6,"win_rate":0.0,"timestamp":1610989109,"path_taken":["M","M","?","?","?","R","?","M","T","E","?","R","?","COS","R","BOSS","M","?","?","M","?","E","M","?","T","E","?","?","M","?","R","BOSS","M","$","?","?","M","?","M","?","T","M","E","?","R","M","R","BOSS"],"items_purchased_type":["Card","Card","Card","Card","Card","Card","Card","Card","Card","Card","Relic","Card","Card","Relic"],"build_version":"2020-12-22","purchased_purges":0,"victory":true,"max_hp_per_floor":[35,35,35,35,35,35,35,35,35,35,35,35,35,35,35,35,33,33,33,33,33,33,33,33,33,33,33,33,33,33,33,33,33,23,23,23,23,23,23,23,23,30,30,30,30,30,30,30,30,30],"card_choices":[{"not_picked":[],"picked":"DoctorFetus","floor":0},{"not_picked":["Hololive_CallOzoraSubaru","Hololive_CallShiroganeNoel","Hololive_HighAtkLowDef"],"picked":"Hololive_CallYuzukiChoco","floor":1},{"not_picked":["Hololive_HuntDinosaur","Hololive_CallUruhaRushia","Hololive_Sequa"],"picked":"Hololive_Spy","floor":2},{"not_picked":["Hololive_HuntDinosaur","Hololive_Drill","Hololive_CallTsunomakiWatame"],"picked":"Hololive_CallHoshimachiSuisei","floor":8},{"not_picked":["Hololive_OvertimeWork","Hololive_CandyCastle","Hololive_CallShishiroBotan"],"picked":"Hololive_CallNekomataOkayu","floor":10},{"not_picked":["Hololive_CallShishiroBotan","Hololive_Sequa","Hololive_StrengthChampion"],"picked":"Hololive_CallSpadeEcho","floor":13},{"not_picked":["Hololive_BeCareful","Hololive_HighAtkLowDef","Hololive_OpenUp"],"picked":"Hololive_IdolExercise","floor":16},{"not_picked":["Hololive_Drill","Hololive_Breathe","Hololive_CallFriendA+1"],"picked":"Hololive_CallYozoraMel","floor":18},{"not_picked":["Hololive_Drill","Hololive_Trident","Hololive_HuntDinosaur"],"picked":"Hololive_StrengthChampion","floor":20},{"not_picked":["Hololive_FlyingPonyTail","Hololive_CallNatsuiroMatsuri","Hololive_StrengthChampion"],"picked":"Hololive_Psychosis","floor":21},{"not_picked":["Hololive_CallMoonaHoshinova","Hololive_Psychosis","Hololive_CallUsadaPekora"],"picked":"Hololive_CallOkamiMio","floor":23},{"not_picked":["Hololive_OvertimeWork+1","Hololive_Drill","Hololive_CallUruhaRushia"],"picked":"Hololive_CallAZKi","floor":24},{"not_picked":["Hololive_FlyingPonyTail","Hololive_Sequa","Hololive_Trident+1"],"picked":"Hololive_StrengthChampion+1","floor":25},{"not_picked":["Hololive_HuntDinosaur+1","Hololive_LuckPotion","Hololive_BringToTrial"],"picked":"Hololive_CallTokinoSora","floor":27},{"not_picked":["Hololive_Drill","Hololive_Breathe+1","Hololive_CallDoris"],"picked":"Hololive_Recruit","floor":28},{"not_picked":["Hololive_Psychosis","Hololive_Drill","Hololive_LuckPotion"],"picked":"Hololive_CallArtia","floor":30},{"not_picked":["Hololive_IdolExercise","Hololive_Rebirth","Hololive_DDD"],"picked":"Hololive_HighAtkLowDef","floor":33},{"not_picked":["Hololive_CallFriendA+1","Hololive_Sequa","Hololive_SummonFox"],"picked":"Hololive_CallAyundaRisu+1","floor":35},{"not_picked":["Hololive_Rebound","Hololive_Drill","Hololive_StrengthChampion"],"picked":"Hololive_CallUruhaRushia","floor":38},{"not_picked":["Hololive_FlyingPonyTail","Hololive_CallFriendA","Hololive_OvertimeWork+1"],"picked":"Hololive_CallSpadeEcho","floor":39},{"not_picked":["Hololive_RevenueBasedLive","Hololive_CallAkaiHaato+1","Hololive_CallShirakamiFubuki"],"picked":"Hololive_CallYogiri+1","floor":41},{"not_picked":["Hololive_Breathe+1","Hololive_Psychosis","Hololive_RevenueBasedLive+1"],"picked":"Hololive_CallFriendA+1","floor":44},{"not_picked":["Hololive_HighAtkLowDef","Hololive_CallShiroganeNoel+1","Hololive_RevenueBasedLive+1"],"picked":"Hololive_StarCraft","floor":45},{"not_picked":["Hololive_Drill+1","Hololive_Trident+1","Hololive_Psychosis"],"picked":"Hololive_CallOzoraSubaru+1","floor":48}],"player_experience":152264,"relics_obtained":[{"floor":5,"key":"Toy Ornithopter"},{"floor":9,"key":"War Paint"},{"floor":10,"key":"Blue Candle"},{"floor":23,"key":"PureWhite:ReiMu"},{"floor":26,"key":"hubris:TenFootPole"},{"floor":27,"key":"Calipers"},{"floor":40,"key":"Omamori"},{"floor":43,"key":"infinitespire:Beetle Shell"},{"floor":45,"key":"infinitespire:Magic Flask"}],"event_choices":[{"cards_removed":["Injury"],"damage_healed":0,"gold_gain":0,"player_choice":"Purged","damage_taken":0,"max_hp_gain":0,"max_hp_loss":0,"event_name":"Purifier","floor":31,"gold_loss":0}],"is_beta":false,"boss_relics":[{"not_picked":["ChampionBelt","SacredBark"],"picked":"MagicMushroom"},{"not_picked":[]},{"not_picked":["hubris:HollowSoul","Astrolabe"],"picked":"expansioncontent:StudyCardRelic"},{"not_picked":[]}],"items_purged_floors":[],"is_endless":false,"potions_floor_spawned":[8,10,16,21,23,30,33,35,39,44],"ascension_level":2}}