{"host":"ccw6t0i2dpm5wyxf","time":1610985716,"event":{"mods":["AchievementEnabler","BaseMod","Colored Map","Minty Spire (QoL Compilation)","Permanent Neow","SuperFastMode"],"gold_per_floor":[16,16,36,51,51,82,97,97,97],"floor_reached":8,"language":"ENG","playtime":386,"items_purged":[],"score":87,"play_id":"00c818fe-f3a1-4a36-8e87-790c29499212","local_time":"20210118100156","is_ascension_mode":true,"campfire_choices":[],"circlet_count":0,"master_deck":["AscendersBane","Strike_R","Strike_R","Strike_R","Strike_R","Defend_R","Defend_R","Defend_R","Defend_R","Bash","Corruption+1","Thunderclap","True Grit","Clothesline","Second Wind","Iron Wave"],"relics":["Burning Blood","Unceasing Top"],"acts_visited":["Exordium"],"potions_floor_usage":[6],"damage_taken":[{"damage":9,"enemies":"Jaw Worm","floor":1,"turns":5},{"damage":0,"enemies":"Cultist","floor":3,"turns":4},{"damage":7,"enemies":"2 Louse","floor":4,"turns":3},{"damage":27,"enemies":"Gremlin Nob","floor":6,"turns":5},{"damage":22,"enemies":"Large Slime","floor":7,"turns":10},{"damage":38,"enemies":"3 Sentries","floor":8,"turns":9}],"seed_played":"-2405558384942073906","potions_obtained":[{"floor":3,"key":"Explosive Potion"}],"is_trial":false,"path_per_floor":["M","?","M","M","?","E","M","E"],"character_chosen":"IRONCLAD","items_purchased":[],"campfire_rested":0,"item_purchase_floors":[],"current_hp_per_floor":[69,69,75,74,74,53,37,0,0],"gold":97,"neow_bonus":"THREE_RARE_CARDS","is_daily":false,"chose_seed":false,"campfire_upgraded":0,"win_rate":0.0,"timestamp":1610985716,"path_taken":["M","?","M","M","?","E","M","E"],"items_purchased_type":[],"build_version":"2020-12-22","purchased_purges":0,"victory":false,"max_hp_per_floor":[80,80,80,80,80,80,80,80,80],"card_choices":[{"not_picked":["Fiend Fire","Exhume"],"picked":"Corruption","floor":0},{"not_picked":["Sever Soul","Perfected Strike"],"picked":"Thunderclap","floor":1},{"not_picked":["Body Slam","Pommel Strike"],"picked":"True Grit","floor":3},{"not_picked":["Thunderclap","Heavy Blade"],"picked":"Clothesline","floor":4},{"not_picked":["Twin Strike","Wild Strike"],"picked":"Second Wind","floor":6},{"not_picked":["Combust","Clothesline"],"picked":"Iron Wave","floor":7}],"player_experience":292531,"relics_obtained":[{"floor":6,"key":"Unceasing Top"}],"event_choices":[{"damage_healed":0,"gold_gain":0,"player_choice":"Grow","damage_taken":0,"max_hp_gain":0,"max_hp_loss":0,"event_name":"Living Wall","floor":2,"gold_loss":0,"cards_upgraded":["Corruption"]},{"cards_removed":["Strike_R"],"damage_healed":0,"gold_gain":0,"player_choice":"Purged","damage_taken":0,"max_hp_gain":0,"max_hp_loss":0,"event_name":"Purifier","floor":5,"gold_loss":0}],"is_beta":false,"boss_relics":[],"items_purged_floors":[],"is_endless":false,"potions_floor_spawned":[3],"killed_by":"3 Sentries","ascension_level":10}}