{"host":"cw25u8qal1h0d7ia","time":1610986501,"event":{"mods":["BaseMod","Downfall","Minty Spire (QoL Compilation)","StSLib"],"gold_per_floor":[99,99,111,21,36,63,63,98,113,113,113,123,123,153,165,265,265,265,281,301,301,301,301,328,338,338,354,354,385,385,385,385],"floor_reached":31,"language":"ENG","playtime":1775,"items_purged":["downfall:Malfunctioning"],"score":289,"play_id":"90da5ae9-e337-4022-aa95-8a4929e2ef97","local_time":"20210118171501","is_ascension_mode":true,"campfire_choices":[{"data":"bronze:Goto","floor":1,"key":"SMITH"},{"data":"bronze:Constructor","floor":11,"key":"SMITH"},{"data":"bronze:Separator","floor":13,"key":"SMITH"},{"data":"bronze:Terminator","floor":18,"key":"SMITH"},{"data":"bronze:TinkerersToolbox","floor":28,"key":"SMITH"}],"circlet_count":0,"master_deck":["bronze:Strike+1","bronze:Strike+1","bronze:Strike","bronze:Strike","bronze:Defend","bronze:Defend+1","bronze:Defend","bronze:Defend","bronze:Replicate","bronze:Goto+1","Panache+1","bronze:Constructor+1","bronze:Separator+1","bronze:FunctionCard","bronze:Terminator+1","bronze:TinkerersToolbox+1"],"relics":["bronze:BronzeCore","Anchor","Gremlin Horn","Odd Mushroom","Sozu","Nilry\u0027s Codex","Lantern","Bronze Scales","downfall:RedIOU","Du-Vu Doll"],"acts_visited":["Exordium","TheCity"],"potions_floor_usage":[14,14,14,31],"damage_taken":[{"damage":0,"enemies":"Jaw Worm","floor":3,"turns":3},{"damage":0,"enemies":"downfall:FleeingMerchant","floor":4,"turns":4},{"damage":0,"enemies":"Small Slimes","floor":5,"turns":2},{"damage":11,"enemies":"Lagavulin","floor":6,"turns":6},{"damage":18,"enemies":"3 Sentries","floor":8,"turns":9},{"damage":0,"enemies":"2 Louse","floor":9,"turns":3},{"damage":0,"enemies":"Blue Slaver","floor":12,"turns":2},{"damage":29,"enemies":"The Mushroom Lair","floor":14,"turns":6},{"damage":0,"enemies":"Large Slime","floor":15,"turns":5},{"damage":9,"enemies":"SI_SHIV_ARCHETYPE","floor":16,"turns":9},{"damage":0,"enemies":"3 Byrds","floor":19,"turns":2},{"damage":6,"enemies":"Spheric Guardian","floor":20,"turns":4},{"damage":0,"enemies":"3 Cultists","floor":25,"turns":3},{"damage":0,"enemies":"Snake Plant","floor":27,"turns":2},{"damage":16,"enemies":"Book of Stabbing","floor":29,"turns":4},{"damage":34,"enemies":"Slavers","floor":31,"turns":2}],"seed_played":"8485326364468612734","potions_obtained":[{"floor":5,"key":"hexamod:SoulburnPotion"},{"floor":6,"key":"DuplicationPotion"},{"floor":8,"key":"Regen Potion"},{"floor":14,"key":"LiquidBronze"},{"floor":16,"key":"PowerPotion"}],"is_trial":false,"path_per_floor":["R","?","M","$","M","E","T","E","M","?","R","M","R","?","M","B",null,"R","M","M","?","?","?","T","M","?","M","R","E","?","E"],"character_chosen":"THE_AUTOMATON","items_purchased":[],"campfire_rested":0,"item_purchase_floors":[],"current_hp_per_floor":[63,63,63,63,63,52,52,34,34,39,39,39,39,25,25,16,68,68,68,62,46,46,46,46,46,46,46,46,30,30,0,0],"gold":385,"neow_bonus":"RANDOM_COLORLESS_2","is_daily":false,"chose_seed":false,"campfire_upgraded":5,"win_rate":0.0,"timestamp":1610986501,"path_taken":["R","?","M","$","M","E","T","E","M","?","R","?","R","?","M","BOSS","R","M","M","?","?","?","T","?","?","M","R","E","?","E"],"items_purchased_type":[],"build_version":"2020-12-22","purchased_purges":1,"victory":false,"max_hp_per_floor":[63,63,63,63,63,63,63,63,63,68,68,68,68,68,68,68,68,68,68,68,68,68,68,68,68,68,68,68,68,68,68,68],"card_choices":[{"not_picked":["Metamorphosis","The Bomb"],"picked":"Panache","floor":0},{"not_picked":["bronze:WildBeam","bronze:FineTuning","bronze:MaxOutput"],"picked":"SKIP","floor":3},{"not_picked":["bronze:Iterate","bronze:DigitalCarnage"],"picked":"bronze:Constructor","floor":4},{"not_picked":["bronze:Shield","bronze:CloningBeam"],"picked":"bronze:Separator","floor":5},{"not_picked":["bronze:BugBarrage","bronze:DarkDash","bronze:Iterate"],"picked":"SKIP","floor":6},{"not_picked":["bronze:Safeguard","bronze:WildBeam"],"picked":"bronze:Hardcode","floor":8},{"not_picked":["bronze:Branch","bronze:Shield","bronze:Repair"],"picked":"SKIP","floor":9},{"not_picked":["bronze:BugBarrage","bronze:ForLoop","bronze:DelayedSlice"],"picked":"SKIP","floor":12},{"not_picked":["bronze:Shell","bronze:Shield"],"picked":"bronze:Terminator","floor":14},{"not_picked":["bronze:Separator","bronze:OilSpill","bronze:Invalidate"],"picked":"SKIP","floor":15},{"not_picked":["bronze:Break","bronze:HyperBeam"],"picked":"bronze:TinkerersToolbox","floor":16},{"not_picked":["bronze:DarkDash","bronze:DigitalCarnage","bronze:BronzeOrb+1"],"picked":"SKIP","floor":19},{"not_picked":["bronze:BugBarrage","bronze:DarkDash","bronze:Constructor"],"picked":"SKIP","floor":20},{"not_picked":["bronze:Terminator","bronze:Shield","bronze:DarkDash+1"],"picked":"SKIP","floor":25},{"not_picked":["bronze:OilSpill","bronze:Shield+1","bronze:Invalidate"],"picked":"SKIP","floor":27},{"not_picked":["bronze:Boost","bronze:BuggyMess","bronze:ThunderWave"],"picked":"SKIP","floor":29}],"player_experience":594786,"relics_obtained":[{"floor":6,"key":"Anchor"},{"floor":7,"key":"Gremlin Horn"},{"floor":8,"key":"Regal Pillow"},{"floor":14,"key":"Odd Mushroom"},{"floor":21,"key":"Nilry\u0027s Codex"},{"floor":24,"key":"Bronze Scales"},{"floor":29,"key":"Du-Vu Doll"}],"event_choices":[{"damage_healed":0,"gold_gain":0,"player_choice":"Donut","damage_taken":0,"max_hp_gain":5,"max_hp_loss":0,"event_name":"Big Fish","floor":10,"gold_loss":0},{"damage_healed":0,"gold_gain":0,"player_choice":"Fought Mushrooms","damage_taken":0,"max_hp_gain":0,"max_hp_loss":0,"event_name":"Mushrooms","floor":14,"gold_loss":0},{"damage_healed":0,"gold_gain":0,"player_choice":"Stole Relic","damage_taken":0,"relics_obtained":["Lantern"],"max_hp_gain":0,"max_hp_loss":0,"event_name":"Addict","floor":22,"gold_loss":0,"cards_obtained":["Pride"]},{"cards_removed":["Pride"],"damage_healed":0,"gold_gain":0,"player_choice":"Card Removal","damage_taken":0,"max_hp_gain":0,"max_hp_loss":0,"event_name":"Wheel of Change","floor":23,"gold_loss":0}],"is_beta":false,"boss_relics":[{"not_picked":["Tiny House","expansioncontent:StudyCardRelic"],"picked":"Sozu"}],"items_purged_floors":[4],"is_endless":false,"potions_floor_spawned":[5,6,8,14,16,20,27],"killed_by":"Slavers","ascension_level":2}}