{"host":"bq4pt811tk9yrmjl","time":1610928213,"event":{"mods":["AchievementEnabler","BaseMod","Colored Map","Colored Powertips","Defuse TimeMaze Blight","Hermit","Minty Spire (QoL Compilation)","StSLib","SuperFastMode"],"gold_per_floor":[109,109,125,125,87,116,116,116,116,116,128,187,31,60,60,156,156,167,167,167,217,63,88,58,58],"floor_reached":24,"language":"ENG","playtime":431,"items_purged":[],"score":255,"play_id":"2d84d9e6-46e3-4738-b0aa-2384aaa9af08","local_time":"20210117220333","is_ascension_mode":true,"campfire_choices":[{"data":"Neutralize","floor":7.0,"key":"SMITH"},{"data":"Bouncing Flask","floor":10.0,"key":"SMITH"},{"floor":15.0,"key":"REST"}],"circlet_count":0,"master_deck":["Strike_G","Defend_G","Defend_G","Defend_G","Defend_G","Defend_G","Survivor","Neutralize+1","Dash+1","Bouncing Flask+1","Envenom","Bane+1","Night Terror+1","Skewer+1","Slice","Deflect","Flying Knee"],"relics":["Ring of the Snake","NeowsBlessing","PreservedInsect","Dead Branch","ClockworkSouvenir","Smiling Mask","Astrolabe","Snake Skull","Ancient Tea Set"],"acts_visited":["Exordium","TheCity"],"potions_floor_usage":[],"damage_taken":[{"damage":0.0,"enemies":"2 Louse","floor":1.0,"turns":1.0},{"damage":0.0,"enemies":"Jaw Worm","floor":3.0,"turns":1.0},{"damage":0.0,"enemies":"Lagavulin","floor":6.0,"turns":1.0},{"damage":0.0,"enemies":"Cultist","floor":11.0,"turns":3.0},{"damage":8.0,"enemies":"3 Sentries","floor":12.0,"turns":6.0},{"damage":14.0,"enemies":"Gremlin Nob","floor":14.0,"turns":3.0},{"damage":42.0,"enemies":"Hexaghost","floor":16.0,"turns":11.0},{"damage":5.0,"enemies":"3 Byrds","floor":18.0,"turns":6.0},{"damage":50,"enemies":"Book of Stabbing","floor":23,"turns":8},{"damage":0,"enemies":"2 Thieves","floor":24,"turns":2}],"seed_played":"-7605270475486460506","potions_obtained":[{"floor":1.0,"key":"Dexterity Potion"},{"floor":6.0,"key":"DistilledChaos"},{"floor":12.0,"key":"Swift Potion"},{"floor":16.0,"key":"Fire Potion"}],"is_trial":false,"path_per_floor":["M","?","M","?","$","E","R","?","T","R","M","?","$","E","R","B",null,"M","?","?","?","$","E","M"],"character_chosen":"THE_SILENT","items_purchased":["Bouncing Flask","ClockworkSouvenir","Snake Skull"],"campfire_rested":1,"item_purchase_floors":[5,13,22],"current_hp_per_floor":[70,70,70,70,70,70,70,70,70,70,70,62,62,48,69,27,70,65,65,52,52,52,2,2,2],"gold":58,"neow_bonus":"THREE_ENEMY_KILL","is_daily":false,"chose_seed":false,"campfire_upgraded":2,"win_rate":0.0,"timestamp":1610928213,"path_taken":["M","?","M","?","$","E","R","?","T","R","?","?","?","E","R","BOSS","M","?","?","?","$","E","M"],"items_purchased_type":["Card","Relic","Relic"],"build_version":"2020-12-22","purchased_purges":0,"victory":false,"max_hp_per_floor":[70,70,70,70,70,70,70,70,70,70,70,70,70,70,70,70,70,70,70,75,75,75,75,75,75],"card_choices":[{"not_picked":["PiercingWail","Backflip"],"picked":"Dash","floor":1.0},{"not_picked":["Backflip","Poisoned Stab","Deadly Poison"],"picked":"SKIP","floor":3.0},{"not_picked":["Expertise","Quick Slash","A Thousand Cuts"],"picked":"SKIP","floor":6.0},{"not_picked":["Cloak And Dagger","Dodge and Roll","Tactician"],"picked":"SKIP","floor":11.0},{"not_picked":["Distraction","Calculated Gamble","Blade Dance"],"picked":"SKIP","floor":14.0},{"not_picked":["Storm of Steel","Malaise"],"picked":"Envenom","floor":16.0},{"not_picked":["Dagger Throw+1","Well Laid Plans"],"picked":"Slice","floor":18.0},{"not_picked":["Endless Agony","Cloak And Dagger"],"picked":"Flying Knee","floor":23}],"player_experience":174563,"relics_obtained":[{"floor":6.0,"key":"PreservedInsect"},{"floor":12.0,"key":"Dead Branch"},{"floor":14.0,"key":"Smiling Mask"},{"floor":23,"key":"Ancient Tea Set"}],"event_choices":[{"damage_healed":0.0,"max_hp_gain":0.0,"max_hp_loss":0.0,"gold_gain":0.0,"event_name":"The Cleric","player_choice":"Leave","floor":2.0,"gold_loss":0.0,"damage_taken":0.0},{"damage_healed":0.0,"max_hp_gain":0.0,"max_hp_loss":0.0,"gold_gain":0.0,"event_name":"Living Wall","player_choice":"Grow","floor":4.0,"gold_loss":0.0,"damage_taken":0.0,"cards_upgraded":["Dash"]},{"cards_removed":["Strike_G"],"damage_healed":0.0,"max_hp_gain":0.0,"max_hp_loss":0.0,"gold_gain":0.0,"event_name":"Wheel of Change","player_choice":"Card Removal","floor":8.0,"gold_loss":0.0,"damage_taken":0.0},{"damage_healed":0.0,"max_hp_gain":0.0,"max_hp_loss":0.0,"gold_gain":0.0,"event_name":"Dead Adventurer","player_choice":"Searched \u00272\u0027 times","floor":12.0,"gold_loss":0.0,"damage_taken":0.0},{"damage_healed":0.0,"max_hp_gain":0.0,"max_hp_loss":0.0,"gold_gain":0.0,"event_name":"The Library","player_choice":"Read","floor":19.0,"gold_loss":0.0,"damage_taken":0.0,"cards_obtained":["Deflect"]},{"damage_healed":0.0,"max_hp_gain":5.0,"max_hp_loss":0.0,"gold_gain":0.0,"event_name":"Forgotten Altar","player_choice":"Shed Blood","floor":20.0,"gold_loss":0.0,"damage_taken":18.0},{"damage_healed":0,"gold_gain":100,"player_choice":"Bet on Murderer","damage_taken":0,"max_hp_gain":0,"max_hp_loss":0,"event_name":"The Joust","floor":21,"gold_loss":50}],"is_beta":false,"boss_relics":[{"not_picked":["SacredBark","Runic Dome"],"picked":"Astrolabe"}],"items_purged_floors":[],"is_endless":false,"potions_floor_spawned":[1,6,12,16],"killed_by":"2 Thieves","ascension_level":1}}