{"host":"u1dfzl6o6mfmauc3","time":1610943166,"event":{"mods":["2.2 Compatiblity","AchievementEnabler","BaseMod","Block Reminder","Challenge The Spire","Dark Map","Hermit","Minty Spire (QoL Compilation)","Relic Stats","Robot Space Explorer","StSLib","The Disciple"],"gold_per_floor":[119,119,136,136,136,136,177,201,201,224,262,46,59,79,79,209,209,228,228,248,269,46,46,82,100,124,148,166,197,197,211,211,334,334,348,348,30,50,50,50,68,82,82,102,102,102,102,121,121,121,121,121,121,121,162,162],"floor_reached":57,"language":"ENG","playtime":4088,"items_purged":["RobotSpaceExplorer:Strike","RobotSpaceExplorer:Strike"],"score":1208,"play_id":"8ccc291d-9c28-4967-8335-2a26ac333666","local_time":"20210117231246","is_ascension_mode":false,"campfire_choices":[{"data":"RobotSpaceExplorer:FreezingShield","floor":6,"key":"SMITH"},{"floor":15,"key":"REST"},{"data":"RobotSpaceExplorer:Multitool","floor":23,"key":"SMITH"},{"data":"RobotSpaceExplorer:PowerCollector","floor":30,"key":"SMITH"},{"data":"RobotSpaceExplorer:BigMissile","floor":32,"key":"SMITH"},{"floor":40,"key":"RECALL"},{"data":"RobotSpaceExplorer:PowerCollector","floor":45,"key":"SMITH"},{"data":"RobotSpaceExplorer:ChargingLaser","floor":47,"key":"SMITH"},{"data":"RobotSpaceExplorer:MiniBoosters","floor":49,"key":"SMITH"},{"data":"RobotSpaceExplorer:DoubleBlock","floor":50,"key":"SMITH"},{"data":"RobotSpaceExplorer:FreezeRay","floor":53,"key":"SMITH"}],"circlet_count":0,"master_deck":["RobotSpaceExplorer:Strike","RobotSpaceExplorer:Strike","RobotSpaceExplorer:Defend","RobotSpaceExplorer:Defend","RobotSpaceExplorer:Defend+1","RobotSpaceExplorer:Defend","RobotSpaceExplorer:Scan+1","RobotSpaceExplorer:MiniLasers","RobotSpaceExplorer:ScrapMissile","RobotSpaceExplorer:FreezingShield+1","RobotSpaceExplorer:MiniBoosters+1","RobotSpaceExplorer:MiniDrones","RobotSpaceExplorer:ShovelStrike","RobotSpaceExplorer:BlastShield","RobotSpaceExplorer:BigMissile+1","RobotSpaceExplorer:GearShield","RobotSpaceExplorer:MiniDrones","RobotSpaceExplorer:Multitool+1","RobotSpaceExplorer:PowerCollector+1","RobotSpaceExplorer:MakeshiftVolley","RobotSpaceExplorer:DoubleBlock+1","RobotSpaceExplorer:MetalStrike","RobotSpaceExplorer:Counterblock","RobotSpaceExplorer:TurboDodge+1","RobotSpaceExplorer:ScrapToss","RobotSpaceExplorer:ChargingLaser+1","RobotSpaceExplorer:PowerCollector+1","RobotSpaceExplorer:FreezeRay+1"],"relics":["RobotSpaceExplorer:RoboCore","NeowsBlessing","GremlinMask","HornCleat","Golden Idol","Calipers","Mummified Hand","Dream Catcher","Bag of Preparation","Sozu","Lee\u0027s Waffle","Mango","Orichalcum","War Paint","Busted Crown","Medical Kit","RobotSpaceExplorer:FoglandsKnife"],"acts_visited":["Exordium","TheCity","TheBeyond","TheEnding"],"potions_floor_usage":[16,51],"damage_taken":[{"damage":0,"enemies":"Cultist","floor":1,"turns":1},{"damage":0,"enemies":"2 Louse","floor":3,"turns":1},{"damage":0,"enemies":"Lagavulin","floor":7,"turns":1},{"damage":0,"enemies":"Jaw Worm","floor":8,"turns":4},{"damage":0,"enemies":"Looter","floor":10,"turns":3},{"damage":16,"enemies":"3 Sentries","floor":11,"turns":9},{"damage":0,"enemies":"2 Fungi Beasts","floor":13,"turns":4},{"damage":7,"enemies":"Gremlin Gang","floor":14,"turns":6},{"damage":32,"enemies":"The Guardian","floor":16,"turns":24},{"damage":0,"enemies":"Shell Parasite","floor":18,"turns":7},{"damage":0,"enemies":"Spheric Guardian","floor":20,"turns":1},{"damage":0,"enemies":"Centurion and Healer","floor":21,"turns":5},{"damage":0,"enemies":"Gremlin Leader","floor":24,"turns":10},{"damage":11,"enemies":"3 Cultists","floor":25,"turns":6},{"damage":0,"enemies":"Chosen and Byrds","floor":27,"turns":6},{"damage":2,"enemies":"Shelled Parasite and Fungi","floor":28,"turns":7},{"damage":13,"enemies":"Book of Stabbing","floor":29,"turns":8},{"damage":0,"enemies":"Snecko","floor":31,"turns":5},{"damage":28,"enemies":"Automaton","floor":33,"turns":14},{"damage":3,"enemies":"3 Shapes","floor":35,"turns":4},{"damage":0,"enemies":"3 Darklings","floor":38,"turns":5},{"damage":0,"enemies":"Spire Growth","floor":41,"turns":7},{"damage":11,"enemies":"Jaw Worm Horde","floor":42,"turns":3},{"damage":5,"enemies":"Writhing Mass","floor":44,"turns":7},{"damage":0,"enemies":"Sphere and 2 Shapes","floor":48,"turns":5},{"damage":23,"enemies":"Time Eater","floor":51,"turns":12},{"damage":2,"enemies":"Shield and Spear","floor":55,"turns":6},{"damage":100,"enemies":"The Heart","floor":56,"turns":12}],"seed_played":"3615693669116127199","potions_obtained":[{"floor":7,"key":"GamblersBrew"},{"floor":10,"key":"FairyPotion"},{"floor":11,"key":"Strength Potion"},{"floor":13,"key":"SmokeBomb"},{"floor":16,"key":"PowerPotion"}],"is_trial":false,"path_per_floor":["M","?","M","T","?","R","E","M","T","M","E","$","M","M","R","B",null,"M","?","M","M","$","R","E","M","T","M","M","E","R","M","R","B",null,"M","?","$","M","?","R","M","M","T","M","R","?","R","M","R","R","B",null,"R","$","E","B",null],"character_chosen":"RobotSpaceExplorer","items_purchased":["Bag of Preparation","RobotSpaceExplorer:BigMissile","Lee\u0027s Waffle","Medical Kit","RobotSpaceExplorer:PowerCollector"],"campfire_rested":1,"item_purchase_floors":[12,12,22,37,37],"current_hp_per_floor":[75,75,75,75,69,69,69,69,69,69,53,53,53,46,66,34,69,69,69,69,69,76,76,90,79,79,79,77,64,64,64,64,36,90,87,87,87,87,87,87,87,76,76,71,71,71,71,71,71,71,48,90,90,90,88,25],"gold":162,"neow_bonus":"THREE_ENEMY_KILL","is_daily":false,"chose_seed":false,"campfire_upgraded":9,"win_rate":0.0,"timestamp":1610943166,"path_taken":["M","?","?","?","?","R","E","M","T","M","E","?","M","M","R","BOSS","M","?","M","M","$","R","E","M","T","M","M","E","R","M","R","BOSS","M","?","$","M","?","R","M","?","T","M","R","?","R","M","R","R","BOSS","R","$","E","BOSS"],"items_purchased_type":["Relic","Card","Relic","Relic","Card"],"build_version":"2020-12-22","purchased_purges":2,"victory":true,"max_hp_per_floor":[75,75,75,75,69,69,69,69,69,69,69,69,69,69,69,69,69,69,69,69,69,76,76,90,90,90,90,90,90,90,90,90,90,90,90,90,90,90,90,90,90,90,90,90,90,90,90,90,90,90,90,90,90,90,90,90],"relic_stats":{"Sozu":2,"Dream Catcher":1,"Lee\u0027s Waffle":7,"Busted Crown":14,"counters":[28,183],"Golden Idol":206,"Mummified Hand":[78],"Bag of Preparation":[44],"Orichalcum":[12],"War Paint":["RobotSpaceExplorer:Scan","RobotSpaceExplorer:Defend"],"Medical Kit":[5],"obtain_stats":[{"Lee\u0027s Waffle":22,"Calipers":7,"NeowsBlessing":0,"Golden Idol":5,"RobotSpaceExplorer:RoboCore":0,"GremlinMask":2,"Mango":24,"Bag of Preparation":12,"Orichalcum":26,"War Paint":29,"Medical Kit":37,"Sozu":17,"RobotSpaceExplorer:FoglandsKnife":55,"Dream Catcher":11,"HornCleat":4,"Busted Crown":34,"Mummified Hand":9},{"Lee\u0027s Waffle":12,"Calipers":3,"NeowsBlessing":0,"Golden Idol":2,"RobotSpaceExplorer:RoboCore":0,"GremlinMask":1,"Mango":13,"Bag of Preparation":6,"Orichalcum":14,"War Paint":17,"Medical Kit":20,"Sozu":9,"RobotSpaceExplorer:FoglandsKnife":27,"Dream Catcher":6,"HornCleat":2,"Busted Crown":19,"Mummified Hand":4},{"Lee\u0027s Waffle":66,"Calipers":3,"NeowsBlessing":0,"Golden Idol":2,"RobotSpaceExplorer:RoboCore":0,"GremlinMask":1,"Mango":76,"Bag of Preparation":19,"Orichalcum":82,"War Paint":103,"Medical Kit":126,"Sozu":53,"RobotSpaceExplorer:FoglandsKnife":171,"Dream Catcher":19,"HornCleat":2,"Busted Crown":122,"Mummified Hand":7}]},"card_choices":[{"not_picked":["RobotSpaceExplorer:Pulsar","RobotSpaceExplorer:Ammunition"],"picked":"RobotSpaceExplorer:ScrapMissile","floor":1},{"not_picked":["RobotSpaceExplorer:DoubleFind","RobotSpaceExplorer:GlueShot"],"picked":"RobotSpaceExplorer:FreezingShield","floor":3},{"not_picked":["RobotSpaceExplorer:LuckyStrike","RobotSpaceExplorer:FranticSearch"],"picked":"RobotSpaceExplorer:MiniBoosters","floor":7},{"not_picked":["RobotSpaceExplorer:MetalStrike","RobotSpaceExplorer:ShovelStrike"],"picked":"RobotSpaceExplorer:MiniDrones","floor":8},{"not_picked":["RobotSpaceExplorer:FrostMissile","RobotSpaceExplorer:StunGrenade"],"picked":"RobotSpaceExplorer:ShovelStrike","floor":10},{"not_picked":["RobotSpaceExplorer:Blitz","RobotSpaceExplorer:FranticSearch"],"picked":"RobotSpaceExplorer:BlastShield","floor":11},{"not_picked":["RobotSpaceExplorer:Pulsar","RobotSpaceExplorer:GlueShot"],"picked":"RobotSpaceExplorer:GearShield","floor":13},{"not_picked":["RobotSpaceExplorer:Electropulse","RobotSpaceExplorer:Pulsar"],"picked":"RobotSpaceExplorer:MiniDrones","floor":14},{"not_picked":["RobotSpaceExplorer:Wormhole","RobotSpaceExplorer:BlastShield"],"picked":"RobotSpaceExplorer:Multitool","floor":16},{"not_picked":["RobotSpaceExplorer:MiniBoosters","RobotSpaceExplorer:ShockKick","RobotSpaceExplorer:IronShell"],"picked":"SKIP","floor":18},{"not_picked":["RobotSpaceExplorer:ShockKick","RobotSpaceExplorer:StarDust"],"picked":"RobotSpaceExplorer:MakeshiftVolley","floor":20},{"not_picked":["RobotSpaceExplorer:ScrapMissile+1","RobotSpaceExplorer:Electroshield"],"picked":"RobotSpaceExplorer:DoubleBlock","floor":21},{"not_picked":["RobotSpaceExplorer:SurgingStrike","RobotSpaceExplorer:Pulsar","RobotSpaceExplorer:BlastShield"],"picked":"SKIP","floor":24},{"not_picked":["RobotSpaceExplorer:ExhaustFan","RobotSpaceExplorer:StunGrenade"],"picked":"RobotSpaceExplorer:MetalStrike","floor":25},{"not_picked":["RobotSpaceExplorer:ShockKick","RobotSpaceExplorer:PlasmaMissile"],"picked":"RobotSpaceExplorer:Counterblock","floor":27},{"not_picked":["RobotSpaceExplorer:ScrapToss","RobotSpaceExplorer:ScrapShield"],"picked":"RobotSpaceExplorer:TurboDodge+1","floor":28},{"not_picked":["RobotSpaceExplorer:PowerCollector+1","RobotSpaceExplorer:Counterblock"],"picked":"RobotSpaceExplorer:JunkDive","floor":29},{"not_picked":["RobotSpaceExplorer:SurgingStrike","RobotSpaceExplorer:HighVoltage"],"picked":"RobotSpaceExplorer:ScrapToss","floor":31},{"not_picked":["RobotSpaceExplorer:Arsenal","RobotSpaceExplorer:Wormhole"],"picked":"RobotSpaceExplorer:ChargingLaser","floor":33},{"not_picked":["RobotSpaceExplorer:Probe+1"],"picked":"SKIP","floor":35},{"not_picked":["RobotSpaceExplorer:Pulsar+1"],"picked":"SKIP","floor":38},{"not_picked":["RobotSpaceExplorer:ShockKick+1"],"picked":"SKIP","floor":41},{"not_picked":["RobotSpaceExplorer:StunGrenade"],"picked":"SKIP","floor":42},{"not_picked":["RobotSpaceExplorer:Electroshield"],"picked":"SKIP","floor":44},{"not_picked":[],"picked":"RobotSpaceExplorer:FreezeRay","floor":48},{"not_picked":["RobotSpaceExplorer:Pulsar+1"],"picked":"SKIP","floor":55}],"player_experience":103587,"relics_obtained":[{"floor":4,"key":"HornCleat"},{"floor":7,"key":"Calipers"},{"floor":9,"key":"Mummified Hand"},{"floor":11,"key":"Dream Catcher"},{"floor":24,"key":"Mango"},{"floor":26,"key":"Orichalcum"},{"floor":29,"key":"War Paint"},{"floor":55,"key":"RobotSpaceExplorer:FoglandsKnife"}],"event_choices":[{"damage_healed":0,"gold_gain":0,"player_choice":"Trade","damage_taken":0,"relics_obtained":["GremlinMask"],"max_hp_gain":0,"max_hp_loss":0,"event_name":"FaceTrader","floor":2,"gold_loss":0},{"damage_healed":0,"gold_gain":0,"player_choice":"Lose Max HP","damage_taken":0,"relics_obtained":["Golden Idol"],"max_hp_gain":0,"max_hp_loss":6,"event_name":"Golden Idol","floor":5,"gold_loss":0},{"damage_healed":0,"gold_gain":0,"player_choice":"Read","damage_taken":0,"max_hp_gain":0,"max_hp_loss":0,"event_name":"The Library","floor":19,"gold_loss":0,"cards_obtained":["RobotSpaceExplorer:PowerCollector"]},{"damage_healed":0,"gold_gain":0,"player_choice":"Ignored","damage_taken":0,"max_hp_gain":0,"max_hp_loss":0,"event_name":"Tomb of Lord Red Mask","floor":36,"gold_loss":0},{"damage_healed":0,"gold_gain":0,"player_choice":"Ignored","damage_taken":0,"max_hp_gain":0,"max_hp_loss":0,"event_name":"SecretPortal","floor":39,"gold_loss":0},{"cards_removed":["RobotSpaceExplorer:JunkDive"],"damage_healed":0,"gold_gain":0,"player_choice":"Removed Skill","damage_taken":0,"max_hp_gain":0,"max_hp_loss":0,"event_name":"Falling","floor":46,"gold_loss":0}],"is_beta":false,"boss_relics":[{"not_picked":["Runic Dome","Tiny House"],"picked":"Sozu"},{"not_picked":["Philosopher\u0027s Stone","Pandora\u0027s Box"],"picked":"Busted Crown"}],"items_purged_floors":[22,37],"is_endless":false,"potions_floor_spawned":[7,10,11,13,14,16,20,24,27,29,31,33,35],"ascension_level":0}}