{"host":"7l2t4psy44vpcd9q","time":1610936835,"event":{"mods":["AchievementEnabler","BaseMod","DeckTracker","Minty Spire (QoL Compilation)","SuperFastMode"],"gold_per_floor":[116,135,148,8,26,57,57,87,110,110,141,165,184,109,109,199,199,214,227,248,248,248,248,268,306,355,355,368,368,42,55,55,55,55],"floor_reached":33,"language":"KOR","playtime":1442,"items_purged":["Strike_B+1"],"score":678,"play_id":"0416db2e-c1b6-42e0-a9a4-f37d82c6b00a","local_time":"20210118112715","is_ascension_mode":true,"campfire_choices":[{"data":"Sunder","floor":7,"key":"SMITH"},{"data":"Reboot","floor":15,"key":"SMITH"},{"data":"Buffer","floor":23,"key":"SMITH"},{"data":"Creative AI","floor":27,"key":"SMITH"},{"data":"Coolheaded","floor":32,"key":"SMITH"}],"circlet_count":0,"master_deck":["AscendersBane","Strike_B+1","Strike_B+1","Defend_B+1","Defend_B+1","Defend_B+1","Defend_B+1","Zap","Dualcast","Undo","Go for the Eyes","Consume","Ball Lightning","FTL","Sunder+1","Reboot+1","Self Repair","Ball Lightning","Loop","Turbo","Buffer+1","Cold Snap","Lockon","Creative AI+1","Glacier","Seek","Coolheaded+1","Cold Snap+1","Compile Driver","Capacitor"],"relics":["Runic Dome","Anchor","Bag of Marbles","Art of War","Golden Idol","Dream Catcher","SacredBark","Dead Branch","DataDisk","Bottled Flame","Orrery"],"acts_visited":["Exordium","TheCity"],"potions_floor_usage":[11,16,20,25,25,33],"damage_taken":[{"damage":0,"enemies":"2 Louse","floor":1,"turns":3},{"damage":5,"enemies":"Small Slimes","floor":2,"turns":4},{"damage":2,"enemies":"Jaw Worm","floor":3,"turns":4},{"damage":8,"enemies":"Blue Slaver","floor":5,"turns":4},{"damage":7,"enemies":"Lagavulin","floor":6,"turns":5},{"damage":0,"enemies":"3 Sentries","floor":8,"turns":6},{"damage":8,"enemies":"Gremlin Nob","floor":11,"turns":3},{"damage":2,"enemies":"Exordium Thugs","floor":12,"turns":2},{"damage":0,"enemies":"3 Louse","floor":13,"turns":3},{"damage":20,"enemies":"The Guardian","floor":16,"turns":9},{"damage":0,"enemies":"2 Thieves","floor":18,"turns":4},{"damage":9,"enemies":"Chosen","floor":19,"turns":5},{"damage":14,"enemies":"Centurion and Healer","floor":20,"turns":6},{"damage":10,"enemies":"Sentry and Sphere","floor":24,"turns":6},{"damage":0,"enemies":"Gremlin Leader","floor":25,"turns":5},{"damage":0,"enemies":"3 Cultists","floor":28,"turns":4},{"damage":13,"enemies":"Snecko","floor":31,"turns":4},{"damage":54,"enemies":"Collector","floor":33,"turns":10}],"seed_played":"2134601902742958106","potions_obtained":[{"floor":1,"key":"GamblersBrew"},{"floor":5,"key":"PotionOfCapacity"},{"floor":12,"key":"PowerPotion"},{"floor":18,"key":"SkillPotion"},{"floor":20,"key":"SteroidPotion"},{"floor":24,"key":"Strength Potion"},{"floor":25,"key":"FearPotion"}],"is_trial":false,"path_per_floor":["M","M","M","$","M","E","R","E","T","?","E","M","M","?","R","B",null,"M","M","M","?","?","R","M","E","T","R","M","T","$","M","R","B"],"character_chosen":"DEFECT","items_purchased":["Ball Lightning","FTL","Orrery","Capacitor"],"campfire_rested":0,"item_purchase_floors":[4,4,30,30],"current_hp_per_floor":[64,59,57,57,49,42,42,42,42,42,41,46,53,53,53,40,58,64,62,55,55,55,55,52,52,52,52,59,59,59,53,53,0,0],"gold":55,"neow_bonus":"BOSS_RELIC","is_daily":false,"chose_seed":false,"campfire_upgraded":5,"win_rate":0.0,"timestamp":1610936835,"path_taken":["M","M","M","$","M","E","R","E","T","?","E","M","M","?","R","BOSS","M","M","M","?","?","R","M","E","T","R","M","?","$","?","R","BOSS"],"items_purchased_type":["Card","Card","Relic","Card"],"build_version":"2020-12-22","purchased_purges":1,"victory":false,"max_hp_per_floor":[71,71,71,71,71,71,71,71,71,64,64,64,64,64,64,64,64,64,64,64,64,64,64,64,64,64,64,64,64,64,64,64,64,64],"card_choices":[{"not_picked":["Coolheaded","Storm"],"picked":"Undo","floor":1},{"not_picked":["Leap","Stack"],"picked":"Go for the Eyes","floor":2},{"not_picked":["Conserve Battery","Barrage"],"picked":"Consume","floor":3},{"not_picked":["Beam Cell","Chaos"],"picked":"Sunder","floor":5},{"not_picked":["Leap","Stack"],"picked":"Reboot","floor":6},{"not_picked":["Tempest","FTL"],"picked":"Self Repair","floor":8},{"not_picked":["Streamline","Darkness"],"picked":"Ball Lightning","floor":11},{"not_picked":["Darkness","Go for the Eyes"],"picked":"Loop","floor":12},{"not_picked":["Steam","Compile Driver"],"picked":"Turbo","floor":13},{"not_picked":["Seek","Meteor Strike"],"picked":"Buffer","floor":16},{"not_picked":["Conserve Battery+1","Tempest"],"picked":"Cold Snap","floor":18},{"not_picked":["Streamline","Hello World"],"picked":"Lockon","floor":19},{"not_picked":["Gash","Sweeping Beam","Chaos"],"picked":"SKIP","floor":20},{"not_picked":["Reprogram","Scrape"],"picked":"Creative AI","floor":24},{"not_picked":["Loop+1","Streamline"],"picked":"Glacier","floor":25},{"not_picked":["Go for the Eyes","Ball Lightning","Conserve Battery"],"picked":"SKIP","floor":28},{"not_picked":["Go for the Eyes","Doom and Gloom"],"picked":"Seek","floor":30},{"not_picked":["Ball Lightning","Streamline"],"picked":"Coolheaded","floor":30},{"not_picked":["Sunder","BootSequence"],"picked":"Cold Snap+1","floor":30},{"not_picked":["Rainbow","Barrage"],"picked":"Compile Driver","floor":30},{"not_picked":["Compile Driver","Sunder","Beam Cell"],"picked":"SKIP","floor":31}],"player_experience":1255000,"relics_obtained":[{"floor":6,"key":"Anchor"},{"floor":8,"key":"Bag of Marbles"},{"floor":9,"key":"Art of War"},{"floor":11,"key":"Dream Catcher"},{"floor":25,"key":"Dead Branch"},{"floor":26,"key":"DataDisk"},{"floor":29,"key":"Bottled Flame"}],"event_choices":[{"damage_healed":0,"gold_gain":0,"player_choice":"Lose Max HP","damage_taken":0,"relics_obtained":["Golden Idol"],"max_hp_gain":0,"max_hp_loss":7,"event_name":"Golden Idol","floor":10,"gold_loss":0},{"cards_removed":["Strike_B"],"damage_healed":0,"gold_gain":0,"player_choice":"Card Removal","damage_taken":0,"max_hp_gain":0,"max_hp_loss":0,"event_name":"The Cleric","floor":14,"gold_loss":75},{"damage_healed":0,"gold_gain":0,"player_choice":"Simplicity","damage_taken":0,"max_hp_gain":0,"max_hp_loss":0,"event_name":"Back to Basics","floor":21,"gold_loss":0,"cards_upgraded":["Strike_B","Strike_B","Strike_B","Defend_B","Defend_B","Defend_B","Defend_B"]},{"damage_healed":0,"gold_gain":0,"player_choice":"Ignored","damage_taken":0,"max_hp_gain":0,"max_hp_loss":0,"event_name":"Ghosts","floor":22,"gold_loss":0}],"is_beta":false,"boss_relics":[{"not_picked":["Fusion Hammer","Ectoplasm"],"picked":"SacredBark"}],"items_purged_floors":[30],"is_endless":false,"potions_floor_spawned":[1,5,8,12,13,18,20,24,25],"killed_by":"Collector","ascension_level":20}}