{"host":"o7j6aatxjwpw1421","time":1610988705,"event":{"mods":["2.2 Compatiblity","AchievementEnabler","BaseMod","Colored Map","DeckTracker","Highlight Path","Keyboard Shortcuts","Minty Spire (QoL Compilation)","Permanent Neow","Quick Restart","StSLib","SuperFastMode","everything is the same but u backflip on backflip"],"gold_per_floor":[109,109,34,53,66,66,85,85,111,136,136,181,181,219,219,317,317,359,404,304,345,345,345,345,345],"floor_reached":24,"language":"KOR","playtime":1701,"items_purged":["Clumsy","Defend_P"],"score":368,"play_id":"5717a803-3d28-4a43-97f1-bdbaea54cd75","local_time":"20210119015145","is_ascension_mode":true,"campfire_choices":[{"data":"Eruption","floor":6.0,"key":"SMITH"},{"data":"Adaptation","floor":8.0,"key":"SMITH"},{"floor":13.0,"key":"REST"},{"data":"Worship","floor":15.0,"key":"SMITH"},{"data":"Prostrate","floor":23,"key":"SMITH"}],"circlet_count":0,"master_deck":["AscendersBane","Strike_P","Strike_P","Defend_P","Eruption+1","Vigilance","Perseverance","Worship+1","MentalFortress","Vault","Madness","Adaptation+1","Prostrate+1","Pray","Wish","EmptyBody+1","Writhe"],"relics":["PureWater","Akabeko","Juzu Bracelet","Empty Cage","Potion Belt"],"acts_visited":["Exordium","TheCity"],"potions_floor_usage":[16],"damage_taken":[{"damage":1.0,"enemies":"2 Louse","floor":1.0,"turns":2.0},{"damage":0.0,"enemies":"Cultist","floor":4.0,"turns":6.0},{"damage":5.0,"enemies":"Jaw Worm","floor":5.0,"turns":6.0},{"damage":33.0,"enemies":"Lots of Slimes","floor":7.0,"turns":7.0},{"damage":0.0,"enemies":"Lagavulin","floor":10.0,"turns":7.0},{"damage":10.0,"enemies":"3 Louse","floor":12.0,"turns":6.0},{"damage":0.0,"enemies":"Large Slime","floor":14.0,"turns":10.0},{"damage":29,"enemies":"Slime Boss","floor":16,"turns":19},{"damage":18,"enemies":"2 Thieves","floor":18,"turns":4},{"damage":3,"enemies":"Shell Parasite","floor":19,"turns":8},{"damage":1,"enemies":"Snecko","floor":21,"turns":9},{"damage":0,"enemies":"Book of Stabbing","floor":24,"turns":1}],"seed_played":"6454113178392665132","potions_obtained":[{"floor":5.0,"key":"Weak Potion"},{"floor":7.0,"key":"Swift Potion"},{"floor":12.0,"key":"FearPotion"},{"floor":14.0,"key":"Dexterity Potion"},{"floor":18,"key":"LiquidMemories"}],"is_trial":false,"path_per_floor":["M","?","$","M","M","R","M","R","T","E","?","M","R","M","R","B",null,"M","M","$","M","?","R","E"],"character_chosen":"WATCHER","items_purchased":[],"campfire_rested":1,"item_purchase_floors":[],"current_hp_per_floor":[64,64,64,64,59,59,26,26,26,26,26,16,37,37,37,8,56,38,35,35,34,34,34,34,34],"gold":345,"neow_bonus":"TRANSFORM_TWO_CARDS","is_daily":false,"chose_seed":false,"campfire_upgraded":4,"win_rate":0.0,"timestamp":1610988705,"path_taken":["M","?","$","?","M","R","M","R","T","E","?","M","R","M","R","BOSS","M","M","$","M","?","R","E"],"items_purchased_type":[],"build_version":"2020-12-22","purchased_purges":2,"victory":false,"max_hp_per_floor":[72,72,72,72,72,72,72,72,72,72,72,72,72,72,72,72,72,72,72,72,72,72,72,72,72],"card_choices":[{"not_picked":["CarveReality","JustLucky"],"picked":"MentalFortress","floor":1.0},{"not_picked":["EmptyBody","ReachHeaven"],"picked":"Adaptation","floor":4.0},{"not_picked":["Evaluate","SashWhip","CutThroughFate"],"picked":"SKIP","floor":5.0},{"not_picked":["CrushJoints","FollowUp"],"picked":"Prostrate","floor":7.0},{"not_picked":["Wireheading","Prostrate"],"picked":"Pray","floor":10.0},{"not_picked":["Prostrate","Crescendo","WheelKick"],"picked":"SKIP","floor":12.0},{"not_picked":["Protect","CrushJoints","BowlingBash"],"picked":"SKIP","floor":14.0},{"not_picked":["Indignation","Prostrate"],"picked":"EmptyBody+1","floor":18},{"not_picked":["Evaluate","TalkToTheHand","CarveReality"],"picked":"SKIP","floor":19},{"not_picked":["Nirvana","FollowUp","WaveOfTheHand"],"picked":"SKIP","floor":21}],"player_experience":575153,"relics_obtained":[{"floor":9.0,"key":"Akabeko"},{"floor":10.0,"key":"Juzu Bracelet"}],"event_choices":[{"damage_healed":0.0,"max_hp_gain":0.0,"max_hp_loss":0.0,"gold_gain":0.0,"event_name":"Match and Keep!","player_choice":"2 cards matched","floor":2.0,"gold_loss":0.0,"damage_taken":0.0,"cards_obtained":["Vault","Madness"]},{"damage_healed":0.0,"max_hp_gain":0.0,"max_hp_loss":0.0,"gold_gain":0.0,"event_name":"Match and Keep!","player_choice":"1 cards matched","floor":11.0,"gold_loss":0.0,"damage_taken":0.0,"cards_obtained":["Wish"]},{"damage_healed":0,"gold_gain":0,"player_choice":"Opened","damage_taken":0,"relics_obtained":["Potion Belt"],"max_hp_gain":0,"max_hp_loss":0,"event_name":"The Mausoleum","floor":22,"gold_loss":0,"cards_obtained":["Writhe"]}],"is_beta":false,"boss_relics":[{"not_picked":["Runic Dome","Runic Pyramid"],"picked":"Empty Cage"}],"items_purged_floors":[3,20],"is_endless":false,"potions_floor_spawned":[5,7,12,14,18],"killed_by":"Book of Stabbing","ascension_level":13}}