{"host":"ky7z67tg8zpdk0g7","time":1610954334,"event":{"mods":["2.2 Compatiblity","BaseMod","Better Third Choice","CapriCore","Displayed Cursed Tome","Energized Spire","Halation","Hubris","Minty Spire (QoL Compilation)","Replay The Spire","Shade Mod","Shop Mod","StSLib","The Animator"],"gold_per_floor":[111,130,158,71,86,86,141,216,240,277,289,318,359,393,405,522,534,563,575,601,613,19,19,49,49,97,107,126,185,185,185],"floor_reached":30,"language":"RUS","playtime":1341,"items_purged":["animator:Strike_AccelWorld"],"score":294,"play_id":"403a680a-b0bf-45b2-8111-6295adcba402","local_time":"20210118141854","is_ascension_mode":true,"campfire_choices":[{"data":"animator:DolaSchwi","floor":6,"key":"SMITH"},{"floor":15,"key":"REST"},{"data":"animator:Albedo","floor":23,"key":"SMITH"},{"data":"animator:Urushihara","floor":25,"key":"SMITH"}],"circlet_count":0,"master_deck":["animator:Strike_NoGameNoLife","animator:Defend_NoGameNoLife","animator:DolaSchwi+1","animator:DolaCouronne","animator:Tatsumaki","animator:Genos","animator:Demiurge","animator:Strike_Fate","animator:Strike_Konosuba","animator:Defend_OwariNoSeraph","animator:Defend_AccelWorld","animator:Defend_MadokaMagica","animator:Genos","animator:Cocytus","animator:RoyMustang","animator:Albedo+1","animator:Saitama","CurseOfTheBell","animator:Melzalgald","animator:Shalltear+1","animator:Urushihara+1","animator:Cocytus","animator:Ainz"],"relics":["animator:LivingPicture","animator:TheMissingPiece","NeowsBlessing","MawBank","Red Skull","Ring of Fury","ReplayTheSpireMod:Ring of Addiction","SacredBark","Toy Ornithopter","Bronze Scales","Calling Bell","MealTicket","Darkstone Periapt","Dead Branch","Anchor","animator:HallowedScabbard","animator:HeavyHalberd","Replay:Mystery Machine"],"acts_visited":["Exordium","TheCity"],"potions_floor_usage":[10,18,24,29],"damage_taken":[{"damage":0,"enemies":"Cultist","floor":1,"turns":1},{"damage":0,"enemies":"2 Louse","floor":2,"turns":1},{"damage":0,"enemies":"Small Slimes","floor":3,"turns":1},{"damage":11,"enemies":"3 Louse","floor":5,"turns":3},{"damage":4,"enemies":"Gremlin Nob","floor":10,"turns":3},{"damage":13,"enemies":"Exordium Thugs","floor":12,"turns":2},{"damage":23,"enemies":"3 Sentries","floor":13,"turns":5},{"damage":0,"enemies":"Gremlin Gang","floor":14,"turns":1},{"damage":15,"enemies":"Hexaghost","floor":16,"turns":8},{"damage":6,"enemies":"3 Byrds","floor":18,"turns":2},{"damage":28,"enemies":"Chosen","floor":20,"turns":5},{"damage":22,"enemies":"Replay:Snechameleon","floor":24,"turns":5},{"damage":19,"enemies":"3 Cultists","floor":27,"turns":4},{"damage":0,"enemies":"Cultist and Chosen","floor":28,"turns":3},{"damage":36,"enemies":"Book of Stabbing","floor":29,"turns":4},{"damage":35,"enemies":"Shelled Parasite and Fungi","floor":30,"turns":2}],"seed_played":"2292013392497469231","potions_obtained":[{"floor":2,"key":"Fire Potion"},{"floor":3,"key":"Weak Potion"},{"floor":10,"key":"FairyPotion"},{"floor":11,"key":"DuplicationPotion"},{"floor":18,"key":"PowerPotion"},{"floor":29,"key":"animator:GrowthPotion"}],"is_trial":false,"path_per_floor":["M","M","M","?","M","R","?","?","T","E","?","M","E","M","R","B",null,"M","?","M","$","$","R","E","R","T","M","M","E","M"],"character_chosen":"THE_ANIMATOR","items_purchased":["Anchor","animator:Urushihara","animator:HallowedScabbard"],"campfire_rested":1,"item_purchase_floors":[22,22,22],"current_hp_per_floor":[66,66,66,66,55,55,55,44,44,40,40,28,5,5,24,9,65,57,57,30,30,45,45,28,28,28,9,9,25,0,0],"gold":185,"neow_bonus":"THREE_ENEMY_KILL","is_daily":false,"chose_seed":false,"campfire_upgraded":3,"win_rate":0.0,"timestamp":1610954334,"path_taken":["M","?","M","?","M","R","?","?","T","E","?","M","E","M","R","BOSS","M","?","M","?","?","R","E","R","T","?","?","E","M"],"items_purchased_type":["Relic","Card","Relic"],"build_version":"2020-12-22","purchased_purges":1,"victory":false,"max_hp_per_floor":[66,66,66,66,66,66,66,66,66,66,66,67,67,67,65,65,65,63,63,64,64,62,62,62,62,62,62,60,60,60,60],"card_choices":[{"not_picked":["animator:KyokoSakura","animator:Gluttony"],"picked":"animator:Tatsumaki","floor":1},{"not_picked":["animator:Shinoa","animator:ChlammyZell"],"picked":"animator:Genos","floor":2},{"not_picked":["animator:ChaikaBohdan","animator:ElricAlphonse"],"picked":"animator:Demiurge","floor":3},{"not_picked":["animator:MumenRider","animator:MetalKnight"],"picked":"animator:Genos","floor":5},{"not_picked":["animator:YuiTsuruno","animator:NagisaMomoe","animator:Yoichi"],"picked":"SKIP","floor":10},{"not_picked":["animator:Gluttony","animator:Mitsuba"],"picked":"animator:Cocytus","floor":12},{"not_picked":["animator:Father","animator:SilverFang"],"picked":"animator:RoyMustang","floor":13},{"not_picked":["animator:Cocytus","animator:Demiurge"],"picked":"animator:Albedo","floor":14},{"not_picked":["animator:Envy","animator:HomuraAkemi"],"picked":"animator:Saitama","floor":16},{"not_picked":["animator:Sebas","animator:NagisaMomoe"],"picked":"animator:Melzalgald","floor":18},{"not_picked":["animator:DolaRiku","animator:AcuraAkari+1"],"picked":"animator:Shalltear+1","floor":20},{"not_picked":["animator:PandorasActor","animator:MaesHughes","animator:Kyubey"],"picked":"SKIP","floor":24},{"not_picked":["animator:Shalltear","animator:Entoma"],"picked":"animator:Cocytus","floor":27},{"not_picked":["animator:Mikaela","animator:ElricEdward","animator:ChaikaBohdan"],"picked":"SKIP","floor":28},{"not_picked":["animator:Entoma","animator:IrohaTamaki"],"picked":"animator:Ainz","floor":29}],"player_experience":88861,"relics_obtained":[{"floor":9,"key":"MawBank"},{"floor":10,"key":"Red Skull"},{"floor":11,"key":"Ring of Fury"},{"floor":11,"key":"ReplayTheSpireMod:Ring of Addiction"},{"floor":11,"key":"SacredBark"},{"floor":11,"key":"Toy Ornithopter"},{"floor":13,"key":"Bronze Scales"},{"floor":17,"key":"MealTicket"},{"floor":17,"key":"Darkstone Periapt"},{"floor":17,"key":"Dead Branch"},{"floor":24,"key":"animator:HeavyHalberd"},{"floor":29,"key":"Replay:Mystery Machine"}],"event_choices":[{"damage_healed":0,"gold_gain":55,"player_choice":"Gained Gold","damage_taken":0,"max_hp_gain":0,"max_hp_loss":0,"event_name":"Golden Wing","floor":7,"gold_loss":0},{"damage_healed":0,"gold_gain":75,"player_choice":"Gold","damage_taken":11,"max_hp_gain":0,"max_hp_loss":0,"event_name":"betterThird:BetterGoop","floor":8,"gold_loss":0},{"cards_removed":["CommonCold"],"damage_healed":0,"gold_gain":0,"player_choice":"Removed Curses","damage_taken":0,"max_hp_gain":0,"max_hp_loss":0,"event_name":"Fountain of Cleansing","floor":19,"gold_loss":0}],"is_beta":false,"boss_relics":[{"not_picked":["Kintsugi","energizedSpire:MagnifyingGlass"],"picked":"Calling Bell"}],"items_purged_floors":[22],"is_endless":false,"potions_floor_spawned":[2,3,10,18,29],"killed_by":"Shelled Parasite and Fungi","ascension_level":1}}