{"host":"vzugls1u57eppbds","time":1610977340,"event":{"mods":["AchievementEnabler","BaseMod","Better Third Choice","Minty Spire (QoL Compilation)","Relic Stats","Shop Mod","StSLib","The IronCluck"],"gold_per_floor":[11,11,86,104,27,27,55,55,109,61,74,74,83,119,119,119,119],"floor_reached":16,"language":"ENG","playtime":422,"items_purged":[],"score":154,"play_id":"35abf6a4-8b06-4288-a71e-862fedfc121b","local_time":"20210118144220","is_ascension_mode":true,"campfire_choices":[{"data":"Searing Blow","floor":6,"key":"SMITH"},{"floor":12,"key":"REST"},{"floor":15,"key":"REST"}],"circlet_count":0,"master_deck":["Strike_R","Strike_R","Strike_R","Strike_R","Strike_R","Defend_R","Defend_R","Defend_R","Defend_R","Master of Strategy","Rampage","Twin Strike","Searing Blow+1","Sword Boomerang","Heavy Blade","Regret","Rampage"],"relics":["Burning Blood","Regal Pillow","CeramicFish","Potion Belt","Lizard Tail"],"acts_visited":["Exordium"],"potions_floor_usage":[14,16,16],"damage_taken":[{"damage":0,"enemies":"2 Louse","floor":1,"turns":4},{"damage":6,"enemies":"Small Slimes","floor":4,"turns":4},{"damage":35,"enemies":"3 Sentries","floor":7,"turns":8},{"damage":2,"enemies":"Jaw Worm","floor":11,"turns":3},{"damage":55,"enemies":"Lagavulin","floor":14,"turns":7},{"damage":92,"enemies":"The Guardian","floor":16,"turns":12}],"seed_played":"-5024384959697279728","potions_obtained":[{"floor":1,"key":"Block Potion"},{"floor":7,"key":"Weak Potion"}],"is_trial":false,"path_per_floor":["M","?","?","M","$","R","E","?","T","$","M","R","?","E","R","B"],"character_chosen":"IRONCLAD","items_purchased":["Searing Blow","PowerPotion"],"campfire_rested":2,"item_purchase_floors":[5,10],"current_hp_per_floor":[78,78,67,67,67,67,38,38,38,38,42,80,80,31,70,20,20],"gold":119,"neow_bonus":"RANDOM_COLORLESS_2","is_daily":false,"chose_seed":false,"campfire_upgraded":1,"win_rate":0.0,"timestamp":1610977340,"path_taken":["M","?","?","M","?","R","E","?","T","$","?","R","?","E","R","BOSS"],"items_purchased_type":["Card","Potion"],"build_version":"2020-12-22","purchased_purges":0,"victory":false,"max_hp_per_floor":[80,80,80,80,80,80,80,80,80,80,80,80,80,80,80,80,80],"relic_stats":{"Regal Pillow":29,"Lizard Tail":40,"counters":[6,37],"CeramicFish":18,"obtain_stats":[{"Potion Belt":13,"Regal Pillow":7,"Lizard Tail":14,"CeramicFish":9,"Burning Blood":0},{"Potion Belt":4,"Regal Pillow":3,"Lizard Tail":5,"CeramicFish":3,"Burning Blood":0},{"Potion Belt":19,"Regal Pillow":16,"Lizard Tail":26,"CeramicFish":16,"Burning Blood":0}],"Burning Blood":30},"card_choices":[{"not_picked":["Panache","Magnetism"],"picked":"Master of Strategy","floor":0},{"not_picked":["Headbutt","Thunderclap"],"picked":"Rampage","floor":1},{"not_picked":["Shockwave","Rage"],"picked":"Twin Strike","floor":4},{"not_picked":["Clash","Combust"],"picked":"Sword Boomerang","floor":7},{"not_picked":["Feel No Pain","Anger","Shockwave"],"picked":"SKIP","floor":11},{"not_picked":["Dual Wield","Perfected Strike"],"picked":"Rampage","floor":14}],"player_experience":234633,"relics_obtained":[{"floor":7,"key":"Regal Pillow"},{"floor":9,"key":"CeramicFish"},{"floor":14,"key":"Lizard Tail"}],"event_choices":[{"damage_healed":0,"gold_gain":0,"cards_transformed":["Bash"],"player_choice":"Change","damage_taken":0,"max_hp_gain":0,"max_hp_loss":0,"event_name":"Living Wall","floor":2,"gold_loss":0,"cards_obtained":["Corruption"]},{"damage_healed":0,"gold_gain":75,"player_choice":"Gold","damage_taken":11,"max_hp_gain":0,"max_hp_loss":0,"event_name":"betterThird:BetterGoop","floor":3,"gold_loss":0},{"damage_healed":0,"gold_gain":0,"cards_transformed":["Corruption"],"player_choice":"Transformed","damage_taken":0,"max_hp_gain":0,"max_hp_loss":0,"event_name":"Transmorgrifier","floor":8,"gold_loss":0,"cards_obtained":["Heavy Blade"]},{"damage_healed":0,"gold_gain":0,"player_choice":"Box","damage_taken":0,"relics_obtained":["Potion Belt"],"max_hp_gain":0,"max_hp_loss":0,"event_name":"Big Fish","floor":13,"gold_loss":0,"cards_obtained":["Regret"]}],"is_beta":false,"boss_relics":[],"items_purged_floors":[],"is_endless":false,"potions_floor_spawned":[1,7,11],"killed_by":"The Guardian","ascension_level":9}}