{"host":"a5lz0e76zb3fcwkm","time":1610960465,"event":{"mods":["AchievementEnabler","BaseMod","Colored Map","Colored Powertips","Minty Spire (QoL Compilation)","StSLib","SuperFastMode"],"gold_per_floor":[115,125,125,200,125,125,163,163,243,47,66,66,99,374,374,469,469,487,350,373,373,373,409,409,445,445,468,468,518,228,251,251,345,345,368,368,438,282,307,346,346,679,679,703,718,544,562,576,576,576,576,576,576,55,88,88],"floor_reached":57,"language":"KOR","playtime":2011,"items_purged":["Strike_R","Strike_R","Strike_R","Pain","Strike_R","Strike_R"],"score":3037,"play_id":"ba15cd08-4912-477c-b22a-4d1760b1aede","local_time":"20210118180105","is_ascension_mode":true,"campfire_choices":[{"data":"Fire Breathing","floor":6.0,"key":"SMITH"},{"data":"Wild Strike","floor":8.0,"key":"SMITH"},{"data":"Shockwave","floor":15.0,"key":"SMITH"},{"floor":24.0,"key":"REST"},{"floor":28.0,"key":"RECALL"},{"floor":32.0,"key":"REST"},{"data":"Barricade","floor":41.0,"key":"SMITH"},{"data":"Evolve","floor":49.0,"key":"SMITH"},{"data":"Offering","floor":53.0,"key":"SMITH"}],"circlet_count":0,"master_deck":["AscendersBane","Defend_R+1","Defend_R","Defend_R","Defend_R","Bash","Wild Strike+1","Fire Breathing+1","Fiend Fire+1","Wild Strike+1","Shrug It Off","Shockwave+1","Offering","Battle Trance+1","Offering+1","True Grit+1","Exhume+1","Power Through+1","Barricade+1","Thinking Ahead+1","Ghostly Armor+1","Evolve+1","True Grit+1","Body Slam+1","Burning Pact+1","Warcry+1","Secret Technique+1"],"relics":["Burning Blood","NeowsBlessing","Golden Idol","Molten Egg 2","Pantograph","Omamori","Toy Ornithopter","SacredBark","HornCleat","Toxic Egg 2","War Paint","StrikeDummy","Membership Card","Cursed Key","Lee\u0027s Waffle","Mummified Hand","Old Coin","Orrery","Gremlin Horn","OrangePellets","Orichalcum","Bottled Lightning"],"acts_visited":["Exordium","TheCity","TheBeyond","TheEnding"],"potions_floor_usage":[56,56],"damage_taken":[{"damage":0.0,"enemies":"Cultist","floor":1.0,"turns":1.0},{"damage":0.0,"enemies":"Jaw Worm","floor":2.0,"turns":1.0},{"damage":0.0,"enemies":"3 Sentries","floor":7.0,"turns":2.0},{"damage":8.0,"enemies":"Small Slimes","floor":11.0,"turns":3.0},{"damage":22.0,"enemies":"Lagavulin","floor":13.0,"turns":4.0},{"damage":0.0,"enemies":"Slime Boss","floor":16.0,"turns":5.0},{"damage":26.0,"enemies":"Shell Parasite","floor":18.0,"turns":3.0},{"damage":6.0,"enemies":"Chosen","floor":20.0,"turns":1.0},{"damage":25.0,"enemies":"Gremlin Leader","floor":23.0,"turns":4.0},{"damage":25.0,"enemies":"Slavers","floor":25.0,"turns":3.0},{"damage":18.0,"enemies":"Shelled Parasite and Fungi","floor":27.0,"turns":2.0},{"damage":11.0,"enemies":"Centurion and Healer","floor":31.0,"turns":5.0},{"damage":76.0,"enemies":"Automaton","floor":33.0,"turns":7.0},{"damage":6.0,"enemies":"Orb Walker","floor":35.0,"turns":2.0},{"damage":0.0,"enemies":"3 Shapes","floor":39.0,"turns":8.0},{"damage":12.0,"enemies":"Nemesis","floor":40.0,"turns":9.0},{"damage":11.0,"enemies":"Giant Head","floor":42.0,"turns":8.0},{"damage":22.0,"enemies":"Sphere and 2 Shapes","floor":44.0,"turns":6.0},{"damage":12.0,"enemies":"4 Shapes","floor":45.0,"turns":4.0},{"damage":6.0,"enemies":"Transient","floor":47.0,"turns":6.0},{"damage":0.0,"enemies":"Writhing Mass","floor":48.0,"turns":7.0},{"damage":12.0,"enemies":"Awakened One","floor":50.0,"turns":12.0},{"damage":23.0,"enemies":"Donu and Deca","floor":51.0,"turns":9.0},{"damage":28.0,"enemies":"Shield and Spear","floor":55.0,"turns":6.0},{"damage":30,"enemies":"The Heart","floor":56,"turns":8}],"seed_played":"5654047457523985121","potions_obtained":[{"floor":7.0,"key":"LiquidBronze"},{"floor":13.0,"key":"Explosive Potion"},{"floor":23.0,"key":"Explosive Potion"},{"floor":33.0,"key":"AttackPotion"},{"floor":35.0,"key":"SkillPotion"},{"floor":42.0,"key":"LiquidMemories"}],"is_trial":false,"path_per_floor":["M","M","?","?","$","R","E","R","T","$","M","?","E","?","R","B",null,"M","$","M","?","?","E","R","E","T","M","R","?","$","M","R","B",null,"M","?","T","$","M","E","R","E","T","M","M","$","M","M","R","B","B",null,"R","$","E","B",null],"character_chosen":"IRONCLAD","items_purchased":["Wild Strike+1","Omamori","Battle Trance","Membership Card","Exhume+1","Strength Potion","Lee\u0027s Waffle","Orrery","Gremlin Horn","OrangePellets","Orichalcum","Dexterity Potion","Secret Technique+1"],"campfire_rested":2,"item_purchase_floors":[10,10,19,30,30,30,38,46,54,54,54,54,54],"current_hp_per_floor":[74,75,49,38,38,38,44,44,44,44,42,47,31,31,31,62,76,61,61,61,61,61,42,66,52,52,40,40,40,40,35,59,10,63,63,63,63,87,87,86,86,81,81,65,59,59,59,65,65,81,75,84,84,84,62,73],"gold":88,"neow_bonus":"THREE_ENEMY_KILL","is_daily":false,"chose_seed":false,"campfire_upgraded":6,"win_rate":0.0,"timestamp":1610960465,"path_taken":["M","M","?","?","?","R","E","R","T","$","?","?","E","?","R","BOSS","M","$","M","?","?","E","R","E","T","?","R","?","$","M","R","BOSS","M","?","?","$","M","E","R","E","T","M","M","$","?","M","R","BOSS","BOSS","R","$","E","BOSS"],"items_purchased_type":["Card","Relic","Card","Relic","Card","Potion","Relic","Relic","Relic","Relic","Relic","Potion","Card"],"build_version":"2020-12-22","purchased_purges":6,"victory":true,"max_hp_per_floor":[75,75,75,75,75,75,75,75,75,75,75,80,80,80,80,80,80,80,80,80,80,80,80,80,80,80,80,80,80,80,80,80,80,80,80,80,80,87,87,87,87,87,87,87,87,87,87,87,87,87,87,87,87,87,87,87],"card_choices":[{"not_picked":["Twin Strike","Sword Boomerang"],"picked":"Wild Strike","floor":1.0},{"not_picked":["Cleave","Body Slam"],"picked":"Fire Breathing","floor":2.0},{"not_picked":["Hemokinesis+1","Clothesline+1"],"picked":"Fiend Fire+1","floor":7.0},{"not_picked":["Searing Blow+1","Armaments"],"picked":"Shrug It Off","floor":11.0},{"not_picked":["Thunderclap+1","Body Slam+1"],"picked":"Shockwave","floor":13.0},{"not_picked":["Brutality","Feed+1"],"picked":"Offering","floor":16.0},{"not_picked":["Combust","Wild Strike+1","Heavy Blade+1"],"picked":"SKIP","floor":18.0},{"not_picked":["True Grit+1","Cleave+1","Seeing Red"],"picked":"SKIP","floor":20.0},{"not_picked":["Shockwave+1","Dark Embrace","Inflame"],"picked":"SKIP","floor":23.0},{"not_picked":["Perfected Strike+1","Havoc+1"],"picked":"True Grit+1","floor":25.0},{"not_picked":["Heavy Blade+1","Shrug It Off+1","Dual Wield+1"],"picked":"SKIP","floor":27.0},{"not_picked":["Clothesline+1","Armaments+1"],"picked":"Power Through+1","floor":31.0},{"not_picked":["Double Tap+1","Juggernaut"],"picked":"Barricade","floor":33.0},{"not_picked":["Dark Embrace","Sword Boomerang+1","Clash+1"],"picked":"SKIP","floor":35.0},{"not_picked":["Magnetism","Forethought+1"],"picked":"Thinking Ahead+1","floor":36.0},{"not_picked":["Flex+1","Hemokinesis+1"],"picked":"Ghostly Armor+1","floor":39.0},{"not_picked":["Wild Strike+1","Iron Wave+1"],"picked":"Evolve","floor":40.0},{"not_picked":["Shrug It Off+1","Cleave+1","Armaments+1"],"picked":"SKIP","floor":42.0},{"not_picked":["Wild Strike+1","Thunderclap+1","Dropkick+1"],"picked":"SKIP","floor":44.0},{"not_picked":["Twin Strike+1","Wild Strike+1"],"picked":"True Grit+1","floor":45.0},{"not_picked":["Dual Wield+1","True Grit+1"],"picked":"Body Slam+1","floor":46.0},{"not_picked":["Power Through+1","Thunderclap+1"],"picked":"Burning Pact+1","floor":46.0},{"not_picked":["Flex+1","Fire Breathing"],"picked":"Warcry+1","floor":46.0},{"not_picked":["Dual Wield+1","Rupture","Cleave+1"],"picked":"SKIP","floor":47.0},{"not_picked":["Clash+1","Iron Wave+1","Sword Boomerang+1"],"picked":"SKIP","floor":48.0},{"not_picked":["Shrug It Off+1","Pommel Strike+1","Iron Wave+1"],"picked":"SKIP","floor":55.0}],"player_experience":1760283,"relics_obtained":[{"floor":7.0,"key":"Molten Egg 2"},{"floor":9.0,"key":"Pantograph"},{"floor":13.0,"key":"Toy Ornithopter"},{"floor":23.0,"key":"Toxic Egg 2"},{"floor":25.0,"key":"War Paint"},{"floor":26.0,"key":"StrikeDummy"},{"floor":40.0,"key":"Mummified Hand"},{"floor":42.0,"key":"Old Coin"},{"floor":55.0,"key":"Bottled Lightning"}],"event_choices":[{"damage_healed":0.0,"max_hp_gain":0.0,"max_hp_loss":0.0,"gold_gain":0.0,"event_name":"Golden Idol","player_choice":"Take Damage","floor":3.0,"gold_loss":0.0,"damage_taken":26.0,"relics_obtained":["Golden Idol"]},{"damage_healed":0.0,"max_hp_gain":0.0,"max_hp_loss":0.0,"gold_gain":75.0,"event_name":"World of Goop","player_choice":"Gather Gold","floor":4.0,"gold_loss":0.0,"damage_taken":11.0},{"damage_healed":0.0,"max_hp_gain":5.0,"max_hp_loss":0.0,"gold_gain":0.0,"event_name":"Big Fish","player_choice":"Donut","floor":12.0,"gold_loss":0.0,"damage_taken":0.0},{"damage_healed":0.0,"max_hp_gain":0.0,"max_hp_loss":0.0,"gold_gain":275.0,"event_name":"Golden Shrine","player_choice":"Desecrate","floor":14.0,"gold_loss":0.0,"damage_taken":0.0,"cards_obtained":["Regret"]},{"damage_healed":0.0,"max_hp_gain":0.0,"max_hp_loss":0.0,"gold_gain":0.0,"event_name":"The Mausoleum","player_choice":"Opened","floor":21.0,"gold_loss":0.0,"damage_taken":0.0,"relics_obtained":["HornCleat"],"cards_obtained":["Writhe"]},{"damage_healed":0.0,"max_hp_gain":0.0,"max_hp_loss":0.0,"gold_gain":0.0,"event_name":"Duplicator","player_choice":"Copied","floor":22.0,"gold_loss":0.0,"damage_taken":0.0,"cards_obtained":["Offering"]},{"damage_healed":0.0,"max_hp_gain":0.0,"max_hp_loss":0.0,"gold_gain":50.0,"event_name":"Nest","player_choice":"Stole From Cult","floor":29.0,"gold_loss":0.0,"damage_taken":0.0},{"damage_healed":0.0,"max_hp_gain":0.0,"max_hp_loss":0.0,"gold_gain":0.0,"event_name":"SensoryStone","player_choice":"Memory 1","floor":36.0,"gold_loss":0.0,"damage_taken":0.0}],"is_beta":false,"boss_relics":[{"not_picked":["Pandora\u0027s Box","Sozu"],"picked":"SacredBark"},{"not_picked":["Runic Cube","Astrolabe"],"picked":"Cursed Key"}],"items_purged_floors":[5,19,30,38,46,54],"is_endless":false,"potions_floor_spawned":[7,13,23,33,35,42,47,48],"ascension_level":20}}