{"host":"9jj9tzo2iym4bpat","time":1610954819,"event":{"mods":["Act Like it!","BaseMod","CapriCore","Colored Map","Dark Map","Luminous","Minty Spire (QoL Compilation)","Permanent Neow","StSLib","Td1madao Mod","The Animator","The Immortal","The Marked","The Servant 0.9.4","Yakumo Yukari mod"],"gold_per_floor":[114,114,17,36,46,46,65,65,65,43,62,62,88,108,108,209,209,227,83,96,11,23,48,60,90,102,134,2,2,2],"floor_reached":29,"language":"ENG","playtime":958,"items_purged":[],"score":272,"play_id":"cf588957-9ba7-49d4-88a2-d18bddf2ca8d","local_time":"20210118012659","is_ascension_mode":true,"campfire_choices":[{"data":"Noxious Fumes","floor":6,"key":"SMITH"},{"floor":8,"key":"REST"},{"floor":15,"key":"REST"},{"floor":24,"key":"REST"}],"circlet_count":0,"master_deck":["Strike_G","Strike_G","Strike_G","Strike_G","Strike_G","Defend_G","Defend_G","Defend_G","Defend_G","Defend_G","Survivor","Neutralize+1","Noxious Fumes+1","Deflect","Terror","Backstab","Cloak And Dagger+1","Outmaneuver","Adrenaline","Blade Dance","Infinite Blades","After Image","Cloak And Dagger+1","Slice"],"relics":["Ring of the Serpent","Bottled Lightning","Lantern","MawBank","Nloth\u0027s Gift","Matryoshka","Akabeko"],"acts_visited":["Exordium","TheCity"],"potions_floor_usage":[25],"damage_taken":[{"damage":0,"enemies":"Cultist","floor":1,"turns":5},{"damage":6,"enemies":"2 Louse","floor":4,"turns":4},{"damage":0,"enemies":"Jaw Worm","floor":5,"turns":4},{"damage":7,"enemies":"Red Slaver","floor":7,"turns":5},{"damage":0,"enemies":"Looter","floor":11,"turns":3},{"damage":52,"enemies":"Gremlin Nob","floor":13,"turns":5},{"damage":0,"enemies":"Exordium Wildlife","floor":14,"turns":2},{"damage":26,"enemies":"Hexaghost","floor":16,"turns":10},{"damage":6,"enemies":"3 Byrds","floor":18,"turns":5},{"damage":28,"enemies":"Spheric Guardian","floor":20,"turns":6},{"damage":22,"enemies":"Shelled Parasite and Fungi","floor":23,"turns":5},{"damage":3,"enemies":"Centurion and Healer","floor":25,"turns":8},{"damage":23,"enemies":"Snake Plant","floor":27,"turns":6},{"damage":21,"enemies":"Cultist and Chosen","floor":29,"turns":4}],"seed_played":"8165008121635224834","potions_obtained":[{"floor":1,"key":"Poison Potion"},{"floor":11,"key":"Dexterity Potion"},{"floor":14,"key":"SpeedPotion"},{"floor":25,"key":"SteroidPotion"}],"is_trial":false,"path_per_floor":["M","?","$","M","M","R","M","R","T","$","M","?","E","M","R","B",null,"M","$","M","?","?","M","R","M","T","M","$","M"],"character_chosen":"THE_SILENT","items_purchased":["Deflect","Terror","Cloak And Dagger","Lantern","Akabeko"],"campfire_rested":3,"item_purchase_floors":[3,3,10,19,28],"current_hp_per_floor":[70,70,70,64,64,64,57,70,77,77,77,77,25,25,48,22,77,71,71,43,43,43,21,44,41,41,18,18,0,0],"gold":2,"neow_bonus":"UPGRADE_CARD","is_daily":false,"chose_seed":false,"campfire_upgraded":1,"win_rate":0.0,"timestamp":1610954819,"path_taken":["M","?","$","M","?","R","M","R","T","$","M","?","E","M","R","BOSS","M","$","M","?","?","M","R","?","T","M","?","M"],"items_purchased_type":["Card","Card","Card","Relic","Relic"],"build_version":"2020-12-22","purchased_purges":0,"victory":false,"max_hp_per_floor":[70,70,70,70,70,70,70,70,77,77,77,77,77,77,77,77,77,77,77,77,77,77,77,77,77,77,77,77,77,77],"card_choices":[{"not_picked":["PiercingWail","Flechettes"],"picked":"Noxious Fumes","floor":1},{"not_picked":["Reflex","Distraction","Calculated Gamble"],"picked":"SKIP","floor":4},{"not_picked":["Acrobatics","Deadly Poison","Expertise"],"picked":"SKIP","floor":5},{"not_picked":["Reflex","Flechettes"],"picked":"Backstab","floor":7},{"not_picked":["Finisher","Dagger Throw","PiercingWail"],"picked":"SKIP","floor":11},{"not_picked":["Sucker Punch","Outmaneuver","Underhanded Strike"],"picked":"SKIP","floor":13},{"not_picked":["Sucker Punch","Doppelganger"],"picked":"Outmaneuver","floor":14},{"not_picked":["Malaise","Glass Knife"],"picked":"Adrenaline","floor":16},{"not_picked":["PiercingWail","Flying Knee"],"picked":"Blade Dance","floor":18},{"not_picked":["Blur+1","Deflect"],"picked":"Infinite Blades","floor":20},{"not_picked":["Endless Agony","Bane+1"],"picked":"After Image","floor":23},{"not_picked":["Blade Dance","Prepared"],"picked":"Cloak And Dagger+1","floor":25},{"not_picked":["Bouncing Flask","Outmaneuver"],"picked":"Slice","floor":27}],"player_experience":277598,"relics_obtained":[{"floor":9,"key":"Strawberry"},{"floor":13,"key":"Bottled Lightning"},{"floor":26,"key":"Matryoshka"}],"event_choices":[{"damage_healed":0,"gold_gain":0,"player_choice":"Ignored","damage_taken":0,"max_hp_gain":0,"max_hp_loss":0,"event_name":"Purifier","floor":2,"gold_loss":0},{"damage_healed":0,"gold_gain":0,"player_choice":"Upgraded","damage_taken":0,"max_hp_gain":0,"max_hp_loss":0,"event_name":"Upgrade Shrine","floor":12,"gold_loss":0,"cards_upgraded":["Cloak And Dagger"]},{"damage_healed":0,"gold_gain":0,"player_choice":"Obtained Relic","damage_taken":0,"relics_obtained":["MawBank"],"max_hp_gain":0,"max_hp_loss":0,"event_name":"Addict","floor":21,"gold_loss":85},{"damage_healed":0,"gold_gain":0,"player_choice":"Traded Relic","damage_taken":0,"relics_obtained":["Nloth\u0027s Gift"],"max_hp_gain":0,"max_hp_loss":0,"event_name":"N\u0027loth","floor":22,"relics_lost":["Strawberry"],"gold_loss":0}],"is_beta":false,"boss_relics":[{"not_picked":["Runic Dome","Philosopher\u0027s Stone"],"picked":"Ring of the Serpent"}],"items_purged_floors":[],"is_endless":false,"potions_floor_spawned":[1,11,14,16,25],"killed_by":"Cultist and Chosen","ascension_level":4}}