{"host":"bg8va46pgqgvtzim","time":1610941478,"event":{"mods":["BaseMod","Downfall","Minty Spire (QoL Compilation)","Quick Restart","StSLib","SuperFastMode"],"gold_per_floor":[99,116,116,129,142,175,175,194,194,194,223,23,123,141,161,260,260,260,274,104,115,115,115,115,15,344,344,372,385,385,398,411,510,510,510,520,533,341,341,371,371,388,593,623,672,684,697,697,713,713,713,742,126,126,126,126],"floor_reached":57,"language":"ZHS","playtime":2905,"items_purged":["Strike_G","Strike_G","Flying Knee","Defend_G"],"score":1627,"play_id":"72871de1-9402-4f29-a04c-f1304152f0f9","local_time":"20210118114438","is_ascension_mode":true,"campfire_choices":[{"floor":1.0,"key":"RECALL"},{"data":"Crippling Poison","floor":9.0,"key":"SMITH"},{"data":"Blade Dance","floor":12.0,"key":"SMITH"},{"data":"Acrobatics","floor":18.0,"key":"SMITH"},{"data":"Tactician","floor":25.0,"key":"SMITH"},{"data":"Tactician","floor":27.0,"key":"SMITH"},{"data":"Prepared","floor":30.0,"key":"SMITH"},{"data":"Acrobatics","floor":35.0,"key":"SMITH"},{"data":"Apotheosis","floor":54,"key":"SMITH"}],"circlet_count":0,"master_deck":["Defend_G","Defend_G","Defend_G","Survivor","Neutralize+1","Blade Dance+1","Concentrate+1","Underhanded Strike","Crippling Poison+1","Die Die Die","Noxious Fumes+1","Tactician+1","Acrobatics+1","After Image+1","Escape Plan+1","Acrobatics+1","Tactician+1","Terror","Prepared+1","Well Laid Plans+1","Expertise","Eviscerate","Backflip+1","Reflex","Acrobatics","Apotheosis+1"],"relics":["Ring of the Snake","Darkstone Periapt","Lizard Tail","Frozen Egg 2","Bag of Preparation","downfall:HeartBlessingRed","downfall:HeartBlessingGreen","HoveringKite","downfall:HeartBlessingBlue","Old Coin","Letter Opener","Philosopher\u0027s Stone","Regal Pillow","StrikeDummy","Centennial Puzzle","Calipers","Bronze Scales","Toolbox"],"acts_visited":["Exordium","TheCity","TheBeyond","TheEnding"],"potions_floor_usage":[56],"damage_taken":[{"damage":0.0,"enemies":"Jaw Worm","floor":2.0,"turns":6.0},{"damage":0.0,"enemies":"2 Louse","floor":4.0,"turns":3.0},{"damage":0.0,"enemies":"Small Slimes","floor":5.0,"turns":3.0},{"damage":18.0,"enemies":"Gremlin Nob","floor":6.0,"turns":4.0},{"damage":0.0,"enemies":"Exordium Wildlife","floor":8.0,"turns":4.0},{"damage":10.0,"enemies":"3 Sentries","floor":11.0,"turns":7.0},{"damage":17.0,"enemies":"downfall:Heads","floor":13.0,"turns":5.0},{"damage":0.0,"enemies":"Blue Slaver","floor":14.0,"turns":3.0},{"damage":0.0,"enemies":"Exordium Thugs","floor":15.0,"turns":2.0},{"damage":6.0,"enemies":"WA_ARCHETYPE_RETAIN","floor":16.0,"turns":5.0},{"damage":0.0,"enemies":"3 Byrds","floor":19.0,"turns":3.0},{"damage":0.0,"enemies":"downfall:FleeingMerchant","floor":20.0,"turns":4.0},{"damage":3.0,"enemies":"Centurion and Healer","floor":21.0,"turns":5.0},{"damage":0.0,"enemies":"Slavers","floor":26.0,"turns":3.0},{"damage":10.0,"enemies":"Gremlin Leader","floor":28.0,"turns":7.0},{"damage":3.0,"enemies":"Snecko","floor":29.0,"turns":4.0},{"damage":0.0,"enemies":"Snake Plant","floor":31.0,"turns":3.0},{"damage":1.0,"enemies":"Shelled Parasite and Fungi","floor":32.0,"turns":4.0},{"damage":0.0,"enemies":"DF_ARCHETYPE_CLAW","floor":33.0,"turns":6.0},{"damage":0.0,"enemies":"3 Darklings","floor":36.0,"turns":3.0},{"damage":0.0,"enemies":"3 Shapes","floor":37.0,"turns":2.0},{"damage":1.0,"enemies":"downfall:FleeingMerchant","floor":38.0,"turns":4.0},{"damage":0.0,"enemies":"Giant Head","floor":40.0,"turns":3.0},{"damage":0.0,"enemies":"Transient","floor":42.0,"turns":5.0},{"damage":0.0,"enemies":"downfall:FleeingMerchant","floor":43.0,"turns":1.0},{"damage":0.0,"enemies":"Reptomancer","floor":44.0,"turns":2.0},{"damage":6.0,"enemies":"2 Orb Walkers","floor":45.0,"turns":2.0},{"damage":0.0,"enemies":"Writhing Mass","floor":46.0,"turns":2.0},{"damage":0.0,"enemies":"Spire Growth","floor":47.0,"turns":2.0},{"damage":0.0,"enemies":"Maw","floor":49.0,"turns":3.0},{"damage":4.0,"enemies":"SI_POISON_ARCHETYPE","floor":50.0,"turns":2.0},{"damage":0.0,"enemies":"downfall:CharBossMerchant","floor":52.0,"turns":3.0},{"damage":0,"enemies":"downfall:NeowBoss","floor":55,"turns":3},{"damage":0,"enemies":"downfall:NeowBossFinal","floor":56,"turns":3}],"seed_played":"-6961203357219295641","potions_obtained":[{"floor":5.0,"key":"FearPotion"},{"floor":6.0,"key":"EntropicBrew"},{"floor":8.0,"key":"Fire Potion"},{"floor":14.0,"key":"Fire Potion"},{"floor":21.0,"key":"ColorlessPotion"},{"floor":26.0,"key":"Regen Potion"},{"floor":28.0,"key":"GamblersBrew"},{"floor":36.0,"key":"Slimebound:ThreeZeroPotion"},{"floor":42.0,"key":"Block Potion"},{"floor":47.0,"key":"Swift Potion"}],"is_trial":false,"path_per_floor":["R","M","?","M","M","E","T","M","R","?","E","R","?","M","M","B",null,"R","M","$","M","?","?","T","R","E","R","E","M","R","M","M","B",null,"R","M","M","?","?","E","T","M","$","E","?","M","M","?","M","B",null,"E","$","R","B","B",null],"character_chosen":"THE_SILENT","items_purchased":["Tactician","Eviscerate","Reflex","Acrobatics","Apotheosis","Toolbox"],"campfire_rested":0,"item_purchase_floors":[20,38,53,53,53,53],"current_hp_per_floor":[70,70,58,58,58,40,40,40,40,40,30,30,13,13,13,7,70,70,70,70,67,67,67,67,77,77,77,67,64,64,64,63,63,80,80,80,80,79,79,79,79,79,79,79,73,73,73,73,73,69,80,80,80,80,80,80],"gold":126,"neow_bonus":"UPGRADE_CARD","is_daily":false,"chose_seed":false,"campfire_upgraded":8,"win_rate":0.0,"timestamp":1610941478,"path_taken":["R","M","?","M","M","E","T","M","R","?","E","R","?","M","M","BOSS","R","M","$","M","?","?","T","R","E","R","E","M","R","M","M","BOSS","R","M","M","?","?","E","T","M","$","E","?","M","M","?","M","BOSS","E","$","R","BOSS","BOSS"],"items_purchased_type":["Card","Card","Card","Card","Card","Relic"],"build_version":"2020-12-22","purchased_purges":4,"victory":true,"max_hp_per_floor":[70,70,70,70,70,70,70,70,70,70,70,70,70,70,70,70,70,70,70,70,70,70,70,70,80,80,80,80,80,80,80,80,80,80,80,80,80,80,80,80,80,80,80,80,80,80,80,80,80,80,80,80,80,80,80,80],"card_choices":[{"not_picked":["Prepared","Poisoned Stab"],"picked":"Blade Dance","floor":2.0},{"not_picked":["PiercingWail","Poisoned Stab"],"picked":"Concentrate","floor":4.0},{"not_picked":["Poisoned Stab","Cloak And Dagger"],"picked":"Underhanded Strike","floor":5.0},{"not_picked":["PiercingWail","Outmaneuver"],"picked":"Crippling Poison","floor":6.0},{"not_picked":["Dash","Blur"],"picked":"Die Die Die","floor":8.0},{"not_picked":["Poisoned Stab","Dagger Spray"],"picked":"Noxious Fumes+1","floor":11.0},{"not_picked":["Choke","Flechettes"],"picked":"Tactician","floor":13.0},{"not_picked":["Quick Slash","Dagger Throw","Grand Finale"],"picked":"SKIP","floor":14.0},{"not_picked":["PiercingWail","Poisoned Stab"],"picked":"Acrobatics","floor":15.0},{"not_picked":["Doppelganger","Storm of Steel"],"picked":"After Image+1","floor":16.0},{"not_picked":["Bane","Underhanded Strike"],"picked":"Escape Plan+1","floor":19.0},{"not_picked":["Crippling Poison","Blade Dance+1"],"picked":"Acrobatics","floor":20.0},{"not_picked":["Choke","Slice"],"picked":"Terror","floor":21.0},{"not_picked":["Dagger Spray","Outmaneuver+1","Footwork+1"],"picked":"SKIP","floor":26.0},{"not_picked":["Doppelganger","Poisoned Stab","Slice"],"picked":"SKIP","floor":28.0},{"not_picked":["Dagger Spray","Skewer"],"picked":"Prepared","floor":29.0},{"not_picked":["Footwork+1","Predator"],"picked":"Well Laid Plans+1","floor":31.0},{"not_picked":["Catalyst","Flying Knee","Dodge and Roll"],"picked":"SKIP","floor":32.0},{"not_picked":["Slice+1","Blade Dance+1","PiercingWail+1"],"picked":"SKIP","floor":36.0},{"not_picked":["Dagger Spray+1","Dagger Throw"],"picked":"Expertise","floor":37.0},{"not_picked":["Backflip+1","Cloak And Dagger+1","Choke+1"],"picked":"SKIP","floor":38.0},{"not_picked":["Poisoned Stab","Distraction+1","Outmaneuver"],"picked":"SKIP","floor":40.0},{"not_picked":["Dagger Throw","Tactician+1","Crippling Poison+1"],"picked":"SKIP","floor":42.0},{"not_picked":["Masterful Stab+1","Setup"],"picked":"Backflip+1","floor":43.0},{"not_picked":["Blur+1","Masterful Stab","Deadly Poison+1"],"picked":"SKIP","floor":44.0},{"not_picked":["Blur","Dodge and Roll","Infinite Blades+1"],"picked":"SKIP","floor":46.0},{"not_picked":["Choke","Blade Dance","Glass Knife"],"picked":"SKIP","floor":47.0},{"not_picked":["Choke","Blade Dance","Glass Knife"],"picked":"SKIP","floor":47.0},{"not_picked":["Quick Slash+1","Noxious Fumes+1","Backflip"],"picked":"SKIP","floor":49.0},{"not_picked":["Predator","Dagger Throw","Eviscerate"],"picked":"SKIP","floor":52.0}],"player_experience":2292855,"relics_obtained":[{"floor":6.0,"key":"Lizard Tail"},{"floor":7.0,"key":"Frozen Egg 2"},{"floor":11.0,"key":"Bag of Preparation"},{"floor":26.0,"key":"Old Coin"},{"floor":28.0,"key":"Letter Opener"},{"floor":40.0,"key":"Regal Pillow"},{"floor":41.0,"key":"StrikeDummy"},{"floor":44.0,"key":"Centennial Puzzle"},{"floor":45.0,"key":"Calipers"},{"floor":52.0,"key":"Bronze Scales"}],"event_choices":[{"damage_healed":0.0,"max_hp_gain":0.0,"max_hp_loss":0.0,"gold_gain":0.0,"event_name":"Scrap Ooze","player_choice":"Success","floor":3.0,"gold_loss":0.0,"damage_taken":12.0,"relics_obtained":["Darkstone Periapt"]},{"damage_healed":0.0,"max_hp_gain":0.0,"max_hp_loss":0.0,"gold_gain":0.0,"event_name":"Vampires","player_choice":"Ignored","floor":23.0,"gold_loss":0.0,"damage_taken":0.0},{"cards_removed":["Defend_G"],"damage_healed":0.0,"max_hp_gain":0.0,"max_hp_loss":0.0,"gold_gain":0.0,"event_name":"Falling","player_choice":"Removed Skill","floor":39.0,"gold_loss":0.0,"damage_taken":0.0},{"damage_healed":0.0,"max_hp_gain":0.0,"max_hp_loss":0.0,"gold_gain":0.0,"event_name":"Mysterious Sphere","player_choice":"Fight","floor":45.0,"gold_loss":0.0,"damage_taken":0.0}],"is_beta":false,"boss_relics":[{"not_picked":["Runic Dome","Velvet Choker"],"picked":"HoveringKite"},{"not_picked":["Cursed Key","Fusion Hammer"],"picked":"Philosopher\u0027s Stone"}],"items_purged_floors":[20,38,43,53],"is_endless":false,"potions_floor_spawned":[5,6,8,14,21,26,28,29,36,42,47,49,52],"ascension_level":1}}