{"host":"vfh4a5lsno7fg1vy","time":1610996657,"event":{"mods":["BaseMod","Colored Powertips","DeckTracker","Minty Spire (QoL Compilation)","StSLib","Synergy Search"],"gold_per_floor":[115,115,290,2,13,48,13,38,63,76,0,15,35,47,47,150,150,132,144,156,156,170,170,72,72,151,5,5,17,17,27,27,27,27],"floor_reached":33,"language":"KOR","playtime":2257,"items_purged":["Defend_R"],"score":298,"play_id":"4f01a7fa-c325-4623-9673-bca2fe5de669","local_time":"20210119040417","is_ascension_mode":true,"campfire_choices":[{"data":"Bludgeon","floor":15,"key":"SMITH"},{"data":"Armaments","floor":23,"key":"SMITH"},{"data":"True Grit","floor":25,"key":"SMITH"},{"data":"Immolate","floor":28,"key":"SMITH"},{"data":"Flex","floor":30,"key":"SMITH"},{"floor":32,"key":"REST"}],"circlet_count":0,"master_deck":["Strike_R","Strike_R","Strike_R","Strike_R","Strike_R","Defend_R","Defend_R","Defend_R","Bash","Inflame","Doubt","Armaments+1","Havoc","Perfected Strike","Fire Breathing","True Grit+1","Bludgeon+1","Evolve","Clothesline","Warcry","Flame Barrier","Immolate+1","Clash","Immolate","Armaments+1","Disarm","Clothesline","Cleave","Metallicize","Flex+1","Metallicize","Impervious","Reckless Charge+1"],"relics":["Burning Blood","NeowsBlessing","MealTicket","Lantern","Blue Candle","Bird Faced Urn","Orichalcum","Runic Pyramid","Mummified Hand"],"acts_visited":["Exordium","TheCity"],"potions_floor_usage":[16,22,22,33],"damage_taken":[{"damage":0,"enemies":"Small Slimes","floor":1,"turns":1},{"damage":0,"enemies":"Cultist","floor":5,"turns":1},{"damage":0,"enemies":"Gremlin Nob","floor":6,"turns":1},{"damage":56,"enemies":"Lagavulin","floor":8,"turns":7},{"damage":0,"enemies":"2 Louse","floor":10,"turns":2},{"damage":4,"enemies":"Blue Slaver","floor":12,"turns":3},{"damage":4,"enemies":"Looter","floor":13,"turns":2},{"damage":4,"enemies":"Gremlin Gang","floor":14,"turns":5},{"damage":33,"enemies":"Slime Boss","floor":16,"turns":8},{"damage":30,"enemies":"2 Thieves","floor":18,"turns":4},{"damage":11,"enemies":"Chosen","floor":19,"turns":5},{"damage":15,"enemies":"3 Cultists","floor":20,"turns":4},{"damage":1,"enemies":"Cultist and Chosen","floor":22,"turns":6},{"damage":22,"enemies":"Shelled Parasite and Fungi","floor":29,"turns":7},{"damage":35,"enemies":"Centurion and Healer","floor":31,"turns":4},{"damage":56,"enemies":"Champ","floor":33,"turns":15}],"seed_played":"-8525308208076152625","potions_obtained":[{"floor":1,"key":"GamblersBrew"},{"floor":5,"key":"ElixirPotion"},{"floor":6,"key":"SkillPotion"},{"floor":19,"key":"Weak Potion"},{"floor":20,"key":"PowerPotion"}],"is_trial":false,"path_per_floor":["M","?","?","$","M","E","?","E","T","M","$","M","M","M","R","B",null,"M","M","M","?","M","R","$","R","T","$","R","M","R","M","R","B"],"character_chosen":"IRONCLAD","items_purchased":["Lantern","Armaments","Havoc","Perfected Strike","Clothesline","Warcry","Metallicize","Flex","Metallicize"],"campfire_rested":1,"item_purchase_floors":[4,4,4,4,11,11,24,24,27],"current_hp_per_floor":[80,73,73,80,80,80,80,30,30,36,51,59,63,67,67,46,80,56,53,46,46,55,55,70,70,70,80,80,72,72,47,71,25,25],"gold":27,"neow_bonus":"THREE_ENEMY_KILL","is_daily":false,"chose_seed":false,"campfire_upgraded":5,"win_rate":0.0,"timestamp":1610996657,"path_taken":["M","?","?","$","M","E","?","E","T","M","$","M","M","M","R","BOSS","M","M","M","?","M","R","$","R","T","$","R","M","R","M","R","BOSS"],"items_purchased_type":["Relic","Card","Card","Card","Card","Card","Card","Card","Card"],"build_version":"2020-12-22","purchased_purges":1,"victory":false,"max_hp_per_floor":[80,80,80,80,80,80,80,80,80,80,80,80,80,80,80,80,80,80,80,80,80,80,80,80,80,80,80,80,80,80,80,80,80,80],"card_choices":[{"not_picked":["Reckless Charge","Dark Embrace"],"picked":"Inflame","floor":1},{"not_picked":["Havoc","Shrug It Off"],"picked":"Fire Breathing","floor":5},{"not_picked":["Pummel","Iron Wave"],"picked":"True Grit","floor":6},{"not_picked":["Sentinel","Anger"],"picked":"Bludgeon","floor":8},{"not_picked":["Body Slam","Wild Strike"],"picked":"Evolve","floor":10},{"not_picked":["Flex","Wild Strike"],"picked":"Flame Barrier","floor":12},{"not_picked":["Burning Pact","Sword Boomerang"],"picked":"Immolate","floor":13},{"not_picked":["Twin Strike","Combust"],"picked":"Clash","floor":14},{"not_picked":["Bludgeon","Impervious"],"picked":"Immolate","floor":16},{"not_picked":["Perfected Strike+1","Twin Strike+1"],"picked":"Armaments+1","floor":18},{"not_picked":["Twin Strike","Flame Barrier+1"],"picked":"Disarm","floor":19},{"not_picked":["True Grit","Havoc"],"picked":"Clothesline","floor":20},{"not_picked":["Sword Boomerang","Heavy Blade"],"picked":"Cleave","floor":22},{"not_picked":["Warcry","Clash"],"picked":"Impervious","floor":29},{"not_picked":["Havoc","Body Slam+1"],"picked":"Reckless Charge+1","floor":31}],"player_experience":188801,"relics_obtained":[{"floor":6,"key":"Blue Candle"},{"floor":8,"key":"Bird Faced Urn"},{"floor":9,"key":"Orichalcum"},{"floor":26,"key":"Mummified Hand"}],"event_choices":[{"damage_healed":0,"gold_gain":0,"player_choice":"Success","damage_taken":7,"relics_obtained":["MealTicket"],"max_hp_gain":0,"max_hp_loss":0,"event_name":"Scrap Ooze","floor":2,"gold_loss":0},{"damage_healed":0,"gold_gain":175,"player_choice":"AGREE","damage_taken":0,"max_hp_gain":0,"max_hp_loss":0,"event_name":"Liars Game","floor":3,"gold_loss":0,"cards_obtained":["Doubt"]},{"damage_healed":20,"gold_gain":0,"player_choice":"Healed","damage_taken":0,"max_hp_gain":0,"max_hp_loss":0,"event_name":"The Cleric","floor":7,"gold_loss":35},{"damage_healed":0,"gold_gain":0,"player_choice":"Ignored","damage_taken":0,"max_hp_gain":0,"max_hp_loss":0,"event_name":"Ghosts","floor":21,"gold_loss":0}],"is_beta":false,"boss_relics":[{"not_picked":["Black Blood","Coffee Dripper"],"picked":"Runic Pyramid"}],"items_purged_floors":[27],"is_endless":false,"potions_floor_spawned":[1,5,6,13,19,20],"killed_by":"Champ","ascension_level":1}}