{"host":"9eh033lgxm3bmtbn","time":1610963609,"event":{"mods":["100% Spire Juice","AchievementEnabler","BaseMod","Colored Map","Downfall","Highlight Path","Marisa????????","Minty Spire (QoL Compilation)","READ ME - Snecko Mod","Shop Mod","Spicy Shops","StSLib","The Animator","The Bug Knight","The Cursed","The Disciple","The Servant 0.9.4"],"gold_per_floor":[99,119,129,11,25,43,69,69,89,106,120,148,48,68,78,183,183,95,121,133,245,257,257,257,357,377,83,83,83],"floor_reached":28,"language":"ENG","playtime":3487,"items_purged":["downfall:Aged"],"score":397,"play_id":"846e772b-b9ac-4c17-9486-a4a99298111f","local_time":"20210118125329","is_ascension_mode":false,"campfire_choices":[{"data":"HollowMod:FocusHealStart","floor":1.0,"key":"SMITH"},{"data":"HollowMod:LifebloodCore","floor":13.0,"key":"SMITH"},{"data":"HollowMod:MothsMistake","floor":18.0,"key":"SMITH"}],"circlet_count":0,"master_deck":["HollowMod:QuickDashStart","HollowMod:QuickDashStart","HollowMod:FocusHealStart+1","HollowMod:PogoStrike","HollowMod:CloakDash","HollowMod:CloakDash","HollowMod:ChannelNail","HollowMod:SoulSplash","HollowMod:VoidDash","HollowMod:HowlingWraiths","HollowMod:DescendingDark","HollowMod:LifebloodCore+1","animator:Curse_GriefSeed","HollowMod:NewJinnsSoul","HollowMod:DescendingDark","HollowMod:HuntersJournal","HollowMod:Weaversong","HollowMod:MothsMistake+1","HollowMod:ShadowDash","HollowMod:MothsMistake","HollowMod:NewInfectedGuardian","CurseOfTheBell","HollowMod:WraithStrike","Slimebound:Tackle+1","Slimebound:Tackle+1","Slimebound:Tackle+1","Parasite","Writhe","Decay","HollowMod:ZotesMagnificence","downfall:Bewildered","Writhe","RitualDagger","HollowMod:CloakDash+1","HollowMod:DescendingDark","Writhe"],"relics":["HollowMod:VesselMask","Lee\u0027s Waffle","Dream Catcher","downfall:HeartBlessingGreen","Calling Bell","Toxic Egg 2","Incense Burner","downfall:HeartBlessingBlue","Darkstone Periapt","downfall:RedIOU","Vajra","downfall:CloakOfManyFaces","CultistMask","FaceOfCleric","NlothsMask","GremlinMask","SsserpentHead","Strange Spoon","TungstenRod"],"acts_visited":["Exordium","TheCity"],"potions_floor_usage":[],"damage_taken":[{"damage":0.0,"enemies":"Small Slimes","floor":2.0,"turns":3.0},{"damage":5.0,"enemies":"Cultist","floor":3.0,"turns":4.0},{"damage":0.0,"enemies":"downfall:FleeingMerchant","floor":4.0,"turns":4.0},{"damage":1.0,"enemies":"Jaw Worm","floor":5.0,"turns":2.0},{"damage":2.0,"enemies":"3 Louse","floor":6.0,"turns":4.0},{"damage":6.0,"enemies":"Large Slime","floor":9.0,"turns":5.0},{"damage":0.0,"enemies":"3 Louse","floor":10.0,"turns":2.0},{"damage":0.0,"enemies":"Lots of Slimes","floor":11.0,"turns":1.0},{"damage":17.0,"enemies":"HollowMod:MossKnight","floor":12.0,"turns":6.0},{"damage":13.0,"enemies":"Blue Slaver","floor":14.0,"turns":5.0},{"damage":2.0,"enemies":"Red Slaver","floor":15.0,"turns":5.0},{"damage":32.0,"enemies":"IC_STATUS_ARCHETYPE","floor":16.0,"turns":8.0},{"damage":37.0,"enemies":"Spheric Guardian","floor":19.0,"turns":6.0},{"damage":67.0,"enemies":"downfall:FaceTrader","floor":25.0,"turns":10.0},{"damage":0.0,"enemies":"Snake Plant","floor":26.0,"turns":3.0},{"damage":9.0,"enemies":"downfall:FleeingMerchant","floor":27.0,"turns":4.0},{"damage":38,"enemies":"3 Cultists","floor":28,"turns":3}],"seed_played":"-7715498564843663361","potions_obtained":[{"floor":0.0,"key":"FearPotion"},{"floor":0.0,"key":"Dexterity Potion"},{"floor":0.0,"key":"Energy Potion"},{"floor":3.0,"key":"hexamod:SoulburnPotion"},{"floor":6.0,"key":"EntropicBrew"},{"floor":9.0,"key":"EssenceOfSteel"},{"floor":10.0,"key":"DistilledChaos"},{"floor":14.0,"key":"sneckomod:MuddlingPotion"},{"floor":25.0,"key":"Slimebound:ThreeZeroPotion"},{"floor":26.0,"key":"Ancient Potion"}],"is_trial":false,"path_per_floor":["R","M","M","$","M","M","T","?","M","M","M","E","R","M","M","B",null,"R","M","?","?","?","?","T","?","M","$","M"],"character_chosen":"THE_BUGKNIGHT","items_purchased":["Lee\u0027s Waffle","HollowMod:SoulSplash","Strange Spoon","TungstenRod"],"campfire_rested":0,"item_purchase_floors":[4,4,27,27],"current_hp_per_floor":[75,75,70,82,82,82,82,82,82,82,82,71,71,68,66,40,82,92,59,59,100,100,94,94,33,34,38,0,0],"gold":83,"neow_bonus":"THREE_SMALL_POTIONS","is_daily":false,"chose_seed":false,"campfire_upgraded":3,"win_rate":0.0,"timestamp":1610963609,"path_taken":["R","M","M","$","M","M","T","?","M","M","?","E","R","?","M","BOSS","R","M","?","?","?","?","T","?","M","$","M"],"items_purchased_type":["Relic","Card","Relic","Relic"],"build_version":"2020-12-22","purchased_purges":1,"victory":false,"max_hp_per_floor":[75,75,75,82,82,82,82,82,82,82,82,82,82,82,82,82,82,92,92,92,133,133,133,133,133,134,141,141,141],"card_choices":[{"not_picked":["HollowMod:ShadowDash","HollowMod:SiblingsShadow"],"picked":"HollowMod:CloakDash","floor":2.0},{"not_picked":["HollowMod:DoubleDash","HollowMod:DashSlash"],"picked":"HollowMod:CloakDash","floor":3.0},{"not_picked":["HollowMod:DashSlash","HollowMod:MawleksShell"],"picked":"HollowMod:ChannelNail","floor":4.0},{"not_picked":["HollowMod:MawleksShell","HollowMod:InfectedCysts"],"picked":"HollowMod:VoidDash","floor":5.0},{"not_picked":["HollowMod:SoulSplash","HollowMod:BrokenVessel"],"picked":"HollowMod:HowlingWraiths","floor":6.0},{"not_picked":["HollowMod:SoulEater","HollowMod:HowlingWraiths"],"picked":"HollowMod:DescendingDark","floor":9.0},{"not_picked":["HollowMod:WraithStrike","HollowMod:BrokenVessel"],"picked":"HollowMod:HuntersJournal","floor":10.0},{"not_picked":["HollowMod:ChannelNail","HollowMod:SharpenedNail"],"picked":"HollowMod:Weaversong","floor":11.0},{"not_picked":["HollowMod:CycloneSlash","HollowMod:InfectedAttack"],"picked":"HollowMod:MothsMistake","floor":12.0},{"not_picked":["HollowMod:GoodIntentions","HollowMod:HeavyBlow"],"picked":"HollowMod:ShadowDash","floor":14.0},{"not_picked":["HollowMod:GreatSlash","HollowMod:theNailsmith"],"picked":"HollowMod:MothsMistake","floor":15.0},{"not_picked":["HollowMod:Weaversong","HollowMod:ElderbugsWisdom"],"picked":"HollowMod:NewInfectedGuardian","floor":16.0},{"not_picked":["HollowMod:FallenFury","HollowMod:FastStrike+1"],"picked":"HollowMod:WraithStrike","floor":19.0},{"not_picked":["HollowMod:MonarchWings+1","HollowMod:InfectionAssault"],"picked":"HollowMod:CloakDash+1","floor":25.0},{"not_picked":["HollowMod:SoulSplash+1","HollowMod:SoulShaman+1"],"picked":"HollowMod:DescendingDark","floor":26.0},{"not_picked":["HollowMod:HeavyBlow","HollowMod:DesolateDive+1","HollowMod:GrimmsGift+1"],"picked":"SKIP","floor":27.0}],"player_experience":330036,"relics_obtained":[{"floor":12.0,"key":"Dream Catcher"},{"floor":17.0,"key":"MawBank"},{"floor":17.0,"key":"Toxic Egg 2"},{"floor":17.0,"key":"Incense Burner"},{"floor":24.0,"key":"Vajra"},{"floor":25.0,"key":"downfall:CloakOfManyFaces"}],"event_choices":[],"is_beta":false,"boss_relics":[{"not_picked":["Tiny House","Empty Cage"],"picked":"Calling Bell"}],"items_purged_floors":[27],"is_endless":false,"potions_floor_spawned":[3,6,9,10,11,14,25,26],"killed_by":"3 Cultists","ascension_level":0}}