{"host":"kiah4uoohy01p0hv","time":1610964854,"event":{"mods":["AchievementEnabler","Aspiration","BaseMod","BetterRewards","CCEM","Colored Map","Colored Powertips","Conspire","Highlight Path","Hubris","Infinite Spire","Marked Mod","Minty Spire (QoL Compilation)","Permanent Neow","Replay The Spire","Spicy Shops","Spikes Relics","StS++","StSLib"],"gold_per_floor":[117,127,127,145,220,248,248,248,300,300,328,345,370,370,370,468,468,483,139,139,158,110,145,165,192,192,192,192,208,221,221,221,324,324,341,441,458,97,116,151,178,178,178,178,178,198,216,216,216,216],"floor_reached":51,"language":"ENG","playtime":5064,"items_purged":["Atom Bomb","hubris:Gluttony"],"score":1198,"play_id":"bfd476da-fbaf-434b-85ed-2140ddc98621","local_time":"20210118201414","is_ascension_mode":false,"campfire_choices":[{"data":"1","floor":7,"key":"LIFT"},{"data":"2","floor":10,"key":"LIFT"},{"data":"ReplayUltimateDefense","floor":15,"key":"SMITH"},{"data":"ForeignInfluence","floor":27,"key":"SMITH"},{"data":"3","floor":32,"key":"LIFT"},{"data":"infinitespire:NeuralNetwork","floor":42,"key":"SMITH"},{"data":"Madness","floor":44,"key":"SMITH"}],"circlet_count":0,"master_deck":["Strike_P","Strike_P","Strike_P","Defend_P","Defend_P","Defend_P","Vigilance","StSpp:LatentStrike","Madness+1","InnerPeace","Study","ForeignInfluence+1","PathToVictory","Collect","ReplayUltimateDefense+1","JustLucky","MarkedMod:SlowDance","MarkedMod:GentlePulse","MarkedMod:Acupuncture","DevaForm","MarkedMod:GracefulMovements","MarkedMod:PinPointDefense","LikeWater","ThirdEye","infinitespire:NeuralNetwork+1","StSpp:Patience","SandsOfTime","aspiration:Lunge","ReplayTheSpireMod:From All Sides","MarkedMod:NorthStar","StSpp:LatentStrike+1","PathToVictory","Nirvana","PathToVictory","PathToVictory","WaveOfTheHand","Replay:Cycle","Nirvana+1","PathToVictory","Sadistic Nature"],"relics":["PureWater","Strawberry","SuspiciousGoo","Ring of Fury","SnailShell","Centennial Puzzle","infinitespire:BottledMercury","Girya","Bronze Scales","Chemical X","Dream Catcher","hubris:GlazedTorus","Bottled Tornado","Orrery","Regal Pillow","infinitespire:Cupcake","CCEMRelics:WrappedPresent","hubris:CuriousFeather","PreservedInsect","MiniBlackHole","Rawhide","Busted Crown","Bag of Preparation","Anchor","infinitespire:Lychee Nut","CCEMRelics:TinyMinotavrHorn","Boot","Simple Rune","Runic Pyramid","ReplayTheSpireMod:CursedCoin","CCEMRelics:GrindingGear","CCEMRelics:OverlyComfyChair","CCEMRelics:SpiritsEdge","SpikesRelics:DaevaFist","CCEMRelics:WrappedPresent","Bird Faced Urn","hubris:Icosahedron"],"acts_visited":["Exordium","TheCity","TheBeyond"],"potions_floor_usage":[13,25,33,33,50,50,50],"damage_taken":[{"damage":0.0,"enemies":"Cultist","floor":1.0,"turns":4.0},{"damage":0.0,"enemies":"conspire:RoseBush","floor":2.0,"turns":3.0},{"damage":0.0,"enemies":"Small Slimes","floor":4.0,"turns":3.0},{"damage":1.0,"enemies":"Replay:BlueRogue","floor":6.0,"turns":6.0},{"damage":0,"enemies":"conspire:MimicChest","floor":11,"turns":4},{"damage":0,"enemies":"3 Louse","floor":12,"turns":3},{"damage":3,"enemies":"Gremlin Nob","floor":13,"turns":4},{"damage":0,"enemies":"Fading Forest","floor":16,"turns":8},{"damage":0,"enemies":"Spheric Guardian","floor":18,"turns":4},{"damage":0,"enemies":"3 Byrds","floor":21,"turns":2},{"damage":0,"enemies":"Book of Stabbing","floor":23,"turns":3},{"damage":0,"enemies":"Centurion and Healer","floor":24,"turns":4},{"damage":0,"enemies":"Slavers","floor":25,"turns":3},{"damage":0,"enemies":"Snake Plant","floor":29,"turns":1},{"damage":0,"enemies":"conspire:HollyBat","floor":30,"turns":6},{"damage":0,"enemies":"conspire:MysteriousRune","floor":33,"turns":5},{"damage":0,"enemies":"3 Shapes","floor":35,"turns":3},{"damage":0,"enemies":"Orb Walker","floor":37,"turns":2},{"damage":0,"enemies":"Spire Growth","floor":39,"turns":2},{"damage":0,"enemies":"Giant Head","floor":40,"turns":4},{"damage":0,"enemies":"Transient","floor":46,"turns":5},{"damage":0,"enemies":"Sphere and 2 Shapes","floor":47,"turns":3},{"damage":55,"enemies":"LordOfAnnihilation","floor":50,"turns":8}],"seed_played":"4737306852924007766","potions_obtained":[{"floor":2.0,"key":"Block Potion"},{"floor":12,"key":"LifebloodPotion"},{"floor":16,"key":"StSpp:InhibitionPotion"},{"floor":21,"key":"PowerPotion"},{"floor":24,"key":"Elixir"},{"floor":25,"key":"Strength Potion"},{"floor":30,"key":"SkillPotion"},{"floor":33,"key":"Dexterity Potion"},{"floor":35,"key":"BottledMiracle"},{"floor":37,"key":"Dexterity Potion"}],"is_trial":false,"path_per_floor":["M","M","?","M","?","E","R","AVR","T","R","?","M","E","?","R","B",null,"M","$","?","M","$","E","M","E","T","R","?","M","M","?","R","B",null,"M","?","M","$","M","E","T","R","T","R","AVR","M","M","?","R_BF","B",null],"character_chosen":"WATCHER","items_purchased":["StSpp:LatentStrike","Madness","Strawberry","infinitespire:BottledMercury","Bronze Scales","Chemical X","PathToVictory","Collect","Dream Catcher","ReplayUltimateDefense","Bottled Tornado","Orrery","Bag of Preparation","Anchor","PathToVictory","PathToVictory","ReplayTheSpireMod:CursedCoin","PathToVictory","Sadistic Nature","CCEMRelics:GrindingGear"],"campfire_rested":0,"item_purchase_floors":[0,0,0,0,0,0,0,0,0,0,0,0,19,19,19,22,38,38,38,38],"current_hp_per_floor":[71,71,71,71,60,59,59,69,69,69,69,69,66,66,66,68,79,79,79,79,79,79,59,59,59,59,59,59,62,62,62,62,62,62,62,62,62,62,62,62,62,62,62,62,67,67,67,67,67,20],"gold":216,"neow_bonus":"","is_daily":false,"chose_seed":false,"campfire_upgraded":4,"win_rate":0.0,"timestamp":1610964854,"path_taken":["M","M","?","M","?","E","R","AVR","T","R","?","M","E","?","R","BOSS","M","$","?","M","$","E","M","E","T","R","?","M","?","?","R","BOSS","M","?","?","?","M","E","?","R","T","R","AVR","M","M","?","R_BF","BOSS"],"items_purchased_type":["Card","Card","Relic","Relic","Relic","Relic","Card","Card","Relic","Card","Relic","Relic","Relic","Relic","Card","Card","Relic","Card","Card","Relic"],"build_version":"2020-12-22","purchased_purges":2,"victory":true,"max_hp_per_floor":[74,74,74,74,74,74,74,79,79,79,79,79,79,79,79,79,79,79,79,79,79,79,59,59,59,59,59,59,62,62,62,62,62,62,62,62,62,62,62,62,62,62,62,62,67,67,67,67,67,67],"card_choices":[{"not_picked":["BowlingBash","EmptyBody"],"picked":"JustLucky","floor":0.0},{"not_picked":["Replay:AtTheReady","StSpp:VitalPoint"],"picked":"MarkedMod:SlowDance","floor":0.0},{"not_picked":["CutThroughFate","FlyingSleeves"],"picked":"MarkedMod:GentlePulse","floor":0.0},{"not_picked":["FlurryOfBlows","DeceiveReality"],"picked":"MarkedMod:Acupuncture","floor":0.0},{"not_picked":["StSpp:LatentStrike","Blasphemy"],"picked":"DevaForm","floor":0.0},{"not_picked":["Adaptation","Replay:AtTheReady"],"picked":"MarkedMod:GracefulMovements","floor":1.0},{"not_picked":["FlyingSleeves","CrushJoints"],"picked":"MarkedMod:PinPointDefense","floor":2.0},{"not_picked":["Conclude","FlyingSleeves"],"picked":"LikeWater","floor":4.0},{"not_picked":["SashWhip","ReachHeaven"],"picked":"ThirdEye","floor":6.0},{"not_picked":["EmptyBody","Replay:AtTheReady"],"picked":"StSpp:Patience","floor":11},{"not_picked":["Consecrate","DeceiveReality"],"picked":"SandsOfTime","floor":12},{"not_picked":["Collect","StSpp:Chanting","Replay:BluntJabs"],"picked":"SKIP","floor":13},{"not_picked":["StSpp:Faith","MarkedMod:SlowDance"],"picked":"MarkedMod:NorthStar","floor":16},{"not_picked":[],"picked":"StSpp:LatentStrike+1","floor":18},{"not_picked":[],"picked":"Nirvana","floor":21},{"not_picked":["ClearTheMind"],"picked":"SKIP","floor":23},{"not_picked":[],"picked":"PathToVictory","floor":24},{"not_picked":[],"picked":"WaveOfTheHand","floor":25},{"not_picked":[],"picked":"Replay:Cycle","floor":29},{"not_picked":["Replay:ManipulateFuture+1"],"picked":"SKIP","floor":30},{"not_picked":[],"picked":"Nirvana+1","floor":35},{"not_picked":["Protect+1"],"picked":"SKIP","floor":37},{"not_picked":["Consecrate"],"picked":"SKIP","floor":39},{"not_picked":["Consecrate"],"picked":"SKIP","floor":39},{"not_picked":["Replay:AtTheReady"],"picked":"SKIP","floor":40},{"not_picked":["Replay:AtTheReady"],"picked":"SKIP","floor":40},{"not_picked":["Evaluate+1"],"picked":"SKIP","floor":46},{"not_picked":["Replay:BluntJabs"],"picked":"SKIP","floor":47}],"player_experience":274934,"relics_obtained":[{"floor":6.0,"key":"Regal Pillow"},{"floor":8,"key":"hubris:CuriousFeather"},{"floor":9,"key":"PreservedInsect"},{"floor":11,"key":"MiniBlackHole"},{"floor":13,"key":"Rawhide"},{"floor":23,"key":"infinitespire:Lychee Nut"},{"floor":25,"key":"CCEMRelics:TinyMinotavrHorn"},{"floor":26,"key":"Boot"},{"floor":40,"key":"CCEMRelics:OverlyComfyChair"},{"floor":41,"key":"CCEMRelics:SpiritsEdge"},{"floor":43,"key":"SpikesRelics:DaevaFist"},{"floor":45,"key":"Bird Faced Urn"}],"event_choices":[{"damage_healed":0.0,"max_hp_gain":0.0,"max_hp_loss":0.0,"gold_gain":0.0,"event_name":"The Cleric","player_choice":"Leave","floor":3.0,"gold_loss":0.0,"damage_taken":0.0},{"damage_healed":0.0,"max_hp_gain":0.0,"max_hp_loss":0.0,"gold_gain":75.0,"event_name":"World of Goop","player_choice":"Gather Gold","floor":5.0,"gold_loss":0.0,"damage_taken":11.0},{"damage_healed":0,"gold_gain":0,"player_choice":"Gave Potion","damage_taken":0,"relics_obtained":["Simple Rune"],"max_hp_gain":0,"max_hp_loss":0,"event_name":"WeMeetAgain","floor":28,"gold_loss":0},{"damage_healed":0,"gold_gain":100,"player_choice":"Pray","damage_taken":0,"max_hp_gain":0,"max_hp_loss":0,"event_name":"Golden Shrine","floor":36,"gold_loss":0}],"is_beta":false,"boss_relics":[{"not_picked":["Replay:Drink Me","hubris:CrackedHourglass"],"picked":"Busted Crown"},{"not_picked":["aspiration:PoetsPen","hubris:GrandSneckoEye"],"picked":"Runic Pyramid"}],"items_purged_floors":[19,38],"is_endless":false,"potions_floor_spawned":[2,12,16,21,24,25,30,33,35,37,47],"ascension_level":0}}