{"host":"hbel9g7s7ibv8po6","time":1610984799,"event":{"mods":["Act Like it!","BaseMod","Minty Spire (QoL Compilation)","Remilia£®¿Ÿ√◊¿Ú—«£©","StSLib","The Animator"],"gold_per_floor":[119,44,44,55,74,107,107,138,138,192,208,221,221,396,396,498,498,509,78,78,92,1,21,21,32,32,50,50,50],"floor_reached":28,"language":"ZHS","playtime":1967,"items_purged":["Strike_RM","Doubt","Strike_RM"],"score":290,"play_id":"cae0aaa6-179e-4d80-9a84-fcfbacf697c3","local_time":"20210118234639","is_ascension_mode":false,"campfire_choices":[{"data":"EquivalentExchange","floor":7,"key":"SMITH"},{"data":"BatForm","floor":13,"key":"SMITH"},{"data":"ScarletSymphony","floor":15,"key":"SMITH"},{"data":"TransientEternity","floor":24,"key":"SMITH"}],"circlet_count":0,"master_deck":["Strike_RM","Strike_RM","Defend_RM","Defend_RM","Defend_RM","RedMoon","ScarletShoot","MastersStateliness","FitfulNightmare","BatForm+1","RedMoon","ScarletSymphony+1","EquivalentExchange+1","BatForm","ReincarnationDial","TwelveNightmare","TransientEternity+1","RedNightlessCastle","RedNightlessCastle","Secret Weapon","BloodyMagicSquare","Ultimatum","CeilingFear"],"relics":["ScarletHat","NeowsBlessing","Singing Bowl","Dream Catcher","Matryoshka","Smiling Mask","APieceOfRedMist","DollysMirror","Centennial Puzzle","Nunchaku"],"acts_visited":["Exordium","TheCity"],"potions_floor_usage":[8,8,28,28,28],"damage_taken":[{"damage":0.0,"enemies":"Cultist","floor":1.0,"turns":1.0},{"damage":0,"enemies":"Small Slimes","floor":4,"turns":3},{"damage":0,"enemies":"Jaw Worm","floor":5,"turns":1},{"damage":62,"enemies":"Lagavulin","floor":6,"turns":5},{"damage":14,"enemies":"Gremlin Nob","floor":8,"turns":5},{"damage":74,"enemies":"Lagavulin","floor":10,"turns":11},{"damage":4,"enemies":"Looter","floor":11,"turns":4},{"damage":6,"enemies":"3 Louse","floor":12,"turns":5},{"damage":76,"enemies":"Slime Boss","floor":16,"turns":14},{"damage":20,"enemies":"Spheric Guardian","floor":18,"turns":7},{"damage":9,"enemies":"Shell Parasite","floor":21,"turns":5},{"damage":38,"enemies":"Chosen and Byrds","floor":23,"turns":4},{"damage":11,"enemies":"Centurion and Healer","floor":25,"turns":7},{"damage":23,"enemies":"Snake Plant","floor":27,"turns":5},{"damage":9,"enemies":"Slavers","floor":28,"turns":2}],"seed_played":"-2701017429063667669","potions_obtained":[{"floor":5,"key":"Fire Potion"},{"floor":6,"key":"Fire Potion"},{"floor":8,"key":"SkillPotion"},{"floor":11,"key":"Fire Potion"}],"is_trial":false,"path_per_floor":["M","$","?","M","M","E","R","E","T","E","M","M","R","?","R","B",null,"M","$","?","M","$","M","R","M","T","M","E"],"character_chosen":"REMILIA","items_purchased":["RedNightlessCastle","DollysMirror","Secret Weapon","BloodyMagicSquare"],"campfire_rested":0,"item_purchase_floors":[19,19,19,22],"current_hp_per_floor":[75,75,75,75,75,23,23,19,19,75,74,73,73,73,73,12,77,63,63,63,69,69,36,36,28,28,7,0,0],"gold":50,"neow_bonus":"THREE_ENEMY_KILL","is_daily":false,"chose_seed":false,"campfire_upgraded":4,"win_rate":0.0,"timestamp":1610984799,"path_taken":["M","?","?","?","M","E","R","E","T","E","M","M","R","?","R","BOSS","M","$","?","M","$","M","R","M","T","M","E"],"items_purchased_type":["Card","Relic","Card","Card"],"build_version":"2020-12-22","purchased_purges":3,"victory":false,"max_hp_per_floor":[75,75,75,75,75,75,75,75,75,75,77,77,77,77,77,77,77,79,79,79,81,81,81,81,83,83,83,83,83],"card_choices":[{"not_picked":["BloodHunter","BlasphemousPunishment"],"picked":"MastersStateliness","floor":1.0},{"not_picked":["BombardNight","MastersStateliness"],"picked":"ScarletSymphony","floor":4},{"not_picked":["FavorOfDestiny","NightDance","BloodHunter"],"picked":"SKIP","floor":5},{"not_picked":["UnstableMagic","VampireClaw"],"picked":"EquivalentExchange","floor":6},{"not_picked":["ScarletSymphony","ForbiddenFruit"],"picked":"BatForm","floor":8},{"not_picked":["RedRainbow","UnderTheZenith"],"picked":"ReincarnationDial","floor":10},{"not_picked":["StarOfDavid","DiffusionOfMisfortune","UnstableMagic"],"picked":"Singing Bowl","floor":11},{"not_picked":["MiserableFate","Maim"],"picked":"TwelveNightmare","floor":12},{"not_picked":["QueenOfMidnight","BloodRain"],"picked":"TransientEternity","floor":16},{"not_picked":["MastersStateliness","StarOfDavid","UnderTheZenith"],"picked":"Singing Bowl","floor":18},{"not_picked":["HunterOfTheNight","UnderTheZenith","EmergencyRegeneration+1"],"picked":"Singing Bowl","floor":21},{"not_picked":["MastersStateliness+1","EndlessAdversity"],"picked":"Ultimatum","floor":23},{"not_picked":["MastersStateliness+1","RedRainbow","StarOfDavid"],"picked":"Singing Bowl","floor":25},{"not_picked":["StarOfDavid","DiffusionOfMisfortune"],"picked":"CeilingFear","floor":27}],"player_experience":106391,"relics_obtained":[{"floor":6,"key":"Singing Bowl"},{"floor":8,"key":"Dream Catcher"},{"floor":9,"key":"Matryoshka"},{"floor":10,"key":"Smiling Mask"},{"floor":26,"key":"Centennial Puzzle"},{"floor":26,"key":"Nunchaku"}],"event_choices":[{"damage_healed":0,"gold_gain":0,"player_choice":"3 cards matched","damage_taken":0,"max_hp_gain":0,"max_hp_loss":0,"event_name":"Match and Keep!","floor":3,"gold_loss":0,"cards_obtained":["FitfulNightmare","BatForm","RedMoon"]},{"damage_healed":0,"gold_gain":175,"player_choice":"AGREE","damage_taken":0,"max_hp_gain":0,"max_hp_loss":0,"event_name":"Liars Game","floor":14,"gold_loss":0,"cards_obtained":["Doubt"]},{"cards_removed":["Defend_RM"],"damage_healed":0,"gold_gain":0,"player_choice":"Elegance","damage_taken":0,"max_hp_gain":0,"max_hp_loss":0,"event_name":"Back to Basics","floor":20,"gold_loss":0}],"is_beta":false,"boss_relics":[{"not_picked":["Snecko Eye","Cursed Key"],"picked":"APieceOfRedMist"}],"items_purged_floors":[2,19,22],"is_endless":false,"potions_floor_spawned":[5,6,8,11,16,23,27],"killed_by":"Slavers","ascension_level":0}}