{"host":"m4zn6rtsd36lrr22","time":1610960699,"event":{"mods":["2.2 Compatiblity","Act Like it!","BaseMod","Better Synergies","CapriCore","Colored Map","Custom Start","Gensokyo","GungeonMod","HololiveMod","Ironclad Rager","Lobotomy","LobotomyExtend","Luminous","Minty Spire (QoL Compilation)","Permanent Neow","Prisma Mod","Quick Restart","Rare Cards Sparkle","Reimu（博丽灵梦）","Relic Stats","Remilia（蕾米莉亚）","Replay The Spire","RumiaBox-露米娅的神秘盒子","Ryuuou龙王","Shop Mod","Spicy Shops","StSLib","The Animator","The Immortal","The Senshi","Waifu the Spire","WarShipGirlsR/战舰少女R mod","【功能Mod】混沌之环修复补丁"],"gold_per_floor":[118,118,118,128,147,147,147,157,208,208,10,10,10,29,29,29,29],"floor_reached":16,"language":"ZHS","playtime":955,"items_purged":[],"score":90,"play_id":"8314f82a-0fa1-4ccb-9daf-94ae01961462","local_time":"20210118170459","is_ascension_mode":false,"campfire_choices":[],"circlet_count":0,"master_deck":["SpecialBullet","SpecialBullet","SpecialBullet","SpecialBullet","SpecialBullet","SpecialBullet","SpecialBullet","SecurityCode","InformationCode","ControlCode","Regret_ego","Wingbeat","Injury","CherryBlossom","CUTE","Spore","RecordCode","Gensokyo:Shovel","Gensokyo:BlemishedSteel","Gensokyo:ScrapIron","SomewhereSpear+1","DisciplinaryCode"],"relics":["CogitoBucket","RabbitCall","LetterFromLob","DemoMod:MeltedRock"],"acts_visited":["Gensokyo:Gensokyo"],"potions_floor_usage":[16,16],"damage_taken":[{"damage":7.0,"enemies":"Gensokyo:2_Kodama","floor":1.0,"turns":3.0},{"damage":0.0,"enemies":"Gensokyo:3_Fairies","floor":4.0,"turns":3.0},{"damage":4.0,"enemies":"Gensokyo:Python","floor":5.0,"turns":4.0},{"damage":9.0,"enemies":"Gensokyo:VengefulSpirit","floor":8.0,"turns":5.0},{"damage":24.0,"enemies":"Gensokyo:CorruptedTreant","floor":14.0,"turns":6.0},{"damage":64,"enemies":"Gensokyo:Reimu","floor":16,"turns":12}],"seed_played":"2757742319808901038","potions_obtained":[{"floor":8.0,"key":"Weak Potion"},{"floor":14.0,"key":"Block Potion"}],"is_trial":false,"path_per_floor":["M","?","?","M","M","R","?","M","T","R","COS","R","E","M","R_BF","B"],"character_chosen":"Angela","items_purchased":[],"campfire_rested":0,"item_purchase_floors":[],"current_hp_per_floor":[70,70,70,70,70,70,70,70,70,70,70,70,70,57,57,0,0],"gold":29,"neow_bonus":"THREE_CARDS","is_daily":false,"chose_seed":false,"campfire_upgraded":0,"win_rate":0.0,"timestamp":1610960699,"path_taken":["M","?","?","?","M","R","?","M","T","R","COS","R","E","M","R_BF","BOSS"],"items_purchased_type":[],"build_version":"2020-12-22","purchased_purges":0,"victory":false,"max_hp_per_floor":[70,70,70,70,70,70,70,70,70,70,70,70,70,70,70,70,70],"relic_stats":{"counters":[6,33],"obtain_stats":[{"RabbitCall":0,"CogitoBucket":0,"DemoMod:MeltedRock":3,"DemoMod:GlassGuonStoneRelic":5,"LetterFromLob":1},{"RabbitCall":0,"CogitoBucket":0,"DemoMod:MeltedRock":1,"DemoMod:GlassGuonStoneRelic":3,"LetterFromLob":1},{"RabbitCall":0,"CogitoBucket":0,"DemoMod:MeltedRock":3,"DemoMod:GlassGuonStoneRelic":10,"LetterFromLob":3}]},"card_choices":[{"not_picked":["GrinderMk4","RedEyes"],"picked":"Regret_ego","floor":0.0},{"not_picked":["Reverberation"],"picked":"Wingbeat","floor":1.0},{"not_picked":["MagicBullet"],"picked":"CherryBlossom","floor":4.0},{"not_picked":["Noise"],"picked":"CUTE","floor":5.0},{"not_picked":["TodaysExpression"],"picked":"Spore","floor":8.0},{"not_picked":["Loneliness+1"],"picked":"SomewhereSpear+1","floor":14.0},{"not_picked":["Loneliness","Logging"],"picked":"SKIP","floor":14.0}],"player_experience":314486,"relics_obtained":[{"floor":1.0,"key":"LetterFromLob"}],"event_choices":[],"is_beta":false,"boss_relics":[],"items_purged_floors":[],"is_endless":false,"potions_floor_spawned":[8,14],"killed_by":"Gensokyo:Reimu","ascension_level":0}}