{"host":"4gr5irrdjh39ysed","time":1610986328,"event":{"mods":["AchievementEnabler","BaseMod","Colored Map","Downfall","Hermit","Minty Spire (QoL Compilation)","Random Character Button","StSLib","The Construct","The Cursed","The Disciple","The Hierophant","The Mystic","The Necromancer","The Runesmith"],"gold_per_floor":[113,113,129,129,229,258,258,272,272,291,291,310,51,69,69,165,165,182,210,14,14,32,60,74,74,145,145,159,185,185,185,185,290,290,303,303,303,323,323,323,323,323,23,55,55],"floor_reached":46,"language":"ENG","playtime":2037,"items_purged":["Defend_G","Defend_G+1"],"score":1596,"play_id":"80c29823-af18-4314-95b7-dfa918a3861f","local_time":"20210118091208","is_ascension_mode":true,"campfire_choices":[{"data":"Envenom","floor":7,"key":"SMITH"},{"floor":11,"key":"RECALL"},{"data":"Panache","floor":15,"key":"SMITH"},{"data":"Sadistic Nature","floor":25,"key":"SMITH"},{"data":"Glass Knife","floor":30,"key":"SMITH"},{"data":"Crippling Poison","floor":32,"key":"SMITH"},{"floor":42,"key":"REST"}],"circlet_count":0,"master_deck":["AscendersBane","Strike_G+1","Strike_G+1","Strike_G+1","Strike_G+1","Strike_G+1","Defend_G+1","Survivor+1","Neutralize+1","Infinite Blades+1","Envenom+1","Panacea+1","Neutralize+1","Blade Dance+1","Glass Knife+1","Caltrops+1","Crippling Poison+1","Panache+1","Blade Dance+1","Unload+1","Flying Knee+1","Sadistic Nature+1","Finisher+1","Tools of the Trade+1","Bane+1","Die Die Die+1","Quick Slash+1","Bane","Burst"],"relics":["Ring of the Snake","Tough Bandages","Shuriken","SlaversCollar","Ginger","Nloth\u0027s Gift","construct:FoamFinger","WristBlade","Mark of the Bloom","Sling","White Beast Statue"],"acts_visited":["Exordium","TheCity","TheBeyond","TheEnding"],"potions_floor_usage":[16,45,45],"damage_taken":[{"damage":12,"enemies":"Jaw Worm","floor":1,"turns":3},{"damage":10,"enemies":"Cultist","floor":3,"turns":4},{"damage":38,"enemies":"3 Sentries","floor":6,"turns":9},{"damage":9,"enemies":"Small Slimes","floor":8,"turns":3},{"damage":6,"enemies":"3 Louse","floor":10,"turns":2},{"damage":6,"enemies":"Red Slaver","floor":12,"turns":3},{"damage":6,"enemies":"2 Fungi Beasts","floor":14,"turns":2},{"damage":592,"enemies":"Hexaghost","floor":16,"turns":5},{"damage":24,"enemies":"2 Thieves","floor":18,"turns":3},{"damage":44,"enemies":"Masked Bandits","floor":19,"turns":4},{"damage":20,"enemies":"Shell Parasite","floor":22,"turns":4},{"damage":17,"enemies":"Book of Stabbing","floor":23,"turns":3},{"damage":22,"enemies":"Chosen and Byrds","floor":24,"turns":5},{"damage":18,"enemies":"Snake Plant","floor":28,"turns":3},{"damage":44,"enemies":"Slavers","floor":29,"turns":4},{"damage":42,"enemies":"Automaton","floor":33,"turns":6},{"damage":27,"enemies":"Orb Walker","floor":35,"turns":3},{"damage":22,"enemies":"3 Shapes","floor":38,"turns":2},{"damage":101,"enemies":"Donu and Deca","floor":40,"turns":6},{"damage":62,"enemies":"Shield and Spear","floor":44,"turns":4},{"damage":106,"enemies":"The Heart","floor":45,"turns":5}],"seed_played":"2602006375448834840","potions_obtained":[{"floor":3,"key":"champ:CounterPotion"},{"floor":14,"key":"GamblersBrew"},{"floor":16,"key":"construct:ShiftPotion"},{"floor":23,"key":"Block Potion"},{"floor":28,"key":"DistilledChaos"}],"is_trial":false,"path_per_floor":["M","?","M","?","?","E","R","M","T","M","R","M","$","M","R","B",null,"M","?","$","?","M","E","M","R","T","?","M","E","R","?","R","B",null,"M","?","?","M","?","B",null,"R","$","E","B",null],"character_chosen":"THE_SILENT","items_purchased":["Panache","Sadistic Nature","Bane","Sling"],"campfire_rested":1,"item_purchase_floors":[13,20,43,43],"current_hp_per_floor":[2051,2051,2041,1628,1628,1590,1590,1581,1581,1575,1575,1569,1569,1563,1563,971,1790,1766,1722,1722,1722,1702,1685,1663,1663,1663,1663,1645,1601,1601,1601,1601,1559,1937,1910,1910,1910,1888,1888,1787,1787,1787,1787,1725,1619],"gold":55,"neow_bonus":"REMOVE_TWO","is_daily":false,"chose_seed":false,"campfire_upgraded":5,"win_rate":0.0,"timestamp":1610986328,"path_taken":["M","?","?","?","?","E","R","M","T","M","R","M","$","?","R","BOSS","M","?","$","?","M","E","M","R","T","?","?","E","R","?","R","BOSS","M","?","?","M","?","BOSS","R","$","E","BOSS"],"items_purchased_type":["Card","Card","Card","Relic"],"build_version":"2020-12-22","purchased_purges":2,"victory":true,"max_hp_per_floor":[2063,2063,2063,2063,2063,2063,2063,2063,2063,2063,2063,2063,2063,2063,2063,2063,2063,2063,2063,2063,2063,2063,2063,2063,2063,2063,2063,2063,2063,2063,2063,2063,2063,2063,2063,2063,2063,2063,2063,2063,2063,2063,2063,2063,2063],"card_choices":[{"not_picked":["Sucker Punch","Bane"],"picked":"Infinite Blades","floor":1},{"not_picked":["Escape Plan","Flying Knee"],"picked":"Blade Dance","floor":3},{"not_picked":["Deflect","Expertise"],"picked":"Glass Knife","floor":6},{"not_picked":["Heel Hook","PiercingWail","Deflect"],"picked":"SKIP","floor":8},{"not_picked":["Deadly Poison","PiercingWail"],"picked":"Caltrops","floor":10},{"not_picked":["Outmaneuver","Quick Slash"],"picked":"Crippling Poison","floor":12},{"not_picked":["Deflect","Cloak And Dagger"],"picked":"Blade Dance","floor":14},{"not_picked":["Storm of Steel","After Image"],"picked":"Unload","floor":16},{"not_picked":["Outmaneuver","Cloak And Dagger","Dagger Throw"],"picked":"SKIP","floor":18},{"not_picked":["Expertise","Acrobatics"],"picked":"Flying Knee+1","floor":19},{"not_picked":["Crippling Poison","Cloak And Dagger"],"picked":"Finisher","floor":22},{"not_picked":["Dagger Spray","Dagger Throw","Calculated Gamble"],"picked":"SKIP","floor":23},{"not_picked":["Expertise","Underhanded Strike"],"picked":"Tools of the Trade","floor":24},{"not_picked":["Deadly Poison","Poisoned Stab"],"picked":"Bane","floor":28},{"not_picked":["Flechettes","Escape Plan","Masterful Stab"],"picked":"SKIP","floor":29},{"not_picked":["Grand Finale","Storm of Steel"],"picked":"Die Die Die","floor":33},{"not_picked":["Sucker Punch+1","Backflip"],"picked":"Quick Slash+1","floor":35},{"not_picked":["Underhanded Strike+1","Outmaneuver","Cloak And Dagger"],"picked":"SKIP","floor":38},{"not_picked":["Night Terror","Leg Sweep"],"picked":"Burst","floor":44}],"player_experience":223348,"relics_obtained":[{"floor":6,"key":"Tough Bandages"},{"floor":9,"key":"Shuriken"},{"floor":19,"key":"Red Mask"},{"floor":23,"key":"Ginger"},{"floor":29,"key":"construct:FoamFinger"},{"floor":44,"key":"White Beast Statue"}],"event_choices":[{"damage_healed":0,"gold_gain":0,"player_choice":"3 cards matched","damage_taken":0,"max_hp_gain":0,"max_hp_loss":0,"event_name":"Match and Keep!","floor":2,"gold_loss":0,"cards_obtained":["Envenom","Panacea","Neutralize"]},{"damage_healed":0,"gold_gain":0,"player_choice":"Entered Light","damage_taken":413,"max_hp_gain":0,"max_hp_loss":0,"event_name":"Shining Light","floor":4,"gold_loss":0,"cards_upgraded":["Strike_G","Defend_G"]},{"damage_healed":0,"gold_gain":100,"player_choice":"Gold","damage_taken":0,"max_hp_gain":0,"max_hp_loss":0,"event_name":"Wheel of Change","floor":5,"gold_loss":0},{"damage_healed":0,"gold_gain":0,"player_choice":"Fought Bandits","damage_taken":0,"max_hp_gain":0,"max_hp_loss":0,"event_name":"Masked Bandits","floor":19,"gold_loss":0},{"damage_healed":0,"gold_gain":0,"player_choice":"Traded Relic","damage_taken":0,"relics_obtained":["Nloth\u0027s Gift"],"max_hp_gain":0,"max_hp_loss":0,"event_name":"N\u0027loth","floor":27,"relics_lost":["Red Mask"],"gold_loss":0},{"damage_healed":0,"gold_gain":0,"player_choice":"Forge","damage_taken":0,"max_hp_gain":0,"max_hp_loss":0,"event_name":"Accursed Blacksmith","floor":31,"gold_loss":0,"cards_upgraded":["Unload"]},{"damage_healed":0,"gold_gain":0,"player_choice":"Upgrade","damage_taken":0,"relics_obtained":["Mark of the Bloom"],"max_hp_gain":0,"max_hp_loss":0,"event_name":"MindBloom","floor":36,"gold_loss":0,"cards_upgraded":["Strike_G","Strike_G","Strike_G","Strike_G","Defend_G","Survivor","Neutralize","Infinite Blades","Panacea","Neutralize","Blade Dance","Caltrops","Blade Dance","Finisher","Tools of the Trade","Bane","Die Die Die"]},{"damage_healed":0,"gold_gain":0,"player_choice":"Ignored","damage_taken":0,"max_hp_gain":0,"max_hp_loss":0,"event_name":"Tomb of Lord Red Mask","floor":37,"gold_loss":0},{"damage_healed":0,"gold_gain":0,"player_choice":"Took Portal","damage_taken":0,"max_hp_gain":0,"max_hp_loss":0,"event_name":"SecretPortal","floor":39,"gold_loss":0}],"is_beta":false,"boss_relics":[{"not_picked":["Runic Dome","Runesmith:UraniumAnvil"],"picked":"SlaversCollar"},{"not_picked":["HoveringKite","Black Star"],"picked":"WristBlade"}],"items_purged_floors":[13,43],"is_endless":false,"potions_floor_spawned":[3,14,16,18,23,28,35],"ascension_level":11}}