{"host":"ix0eyfl0293p211w","time":1610953623,"event":{"mods":["BaseMod","Friendly Minions","Minty Spire (QoL Compilation)","Random Character Button","Replay The Spire","StSLib","The Disciple","The Necromancer"],"gold_per_floor":[116,136,156,168,178,208,208,208,81,81,81,81,81,143,143,156,156,255,255,274,274,175,193,213,213,248,248,275,209,209,209,209,209],"floor_reached":32,"language":"ENG","playtime":1111,"items_purged":["Strike_R"],"score":283,"play_id":"ce43505f-7528-41e4-b851-6ba64557e5fc","local_time":"20210117230703","is_ascension_mode":false,"campfire_choices":[{"floor":10,"key":"REST"},{"floor":13,"key":"REST"},{"floor":15,"key":"REST"},{"data":"Replay:Undeath\u0027s Touch","floor":17,"key":"SMITH"},{"data":"Replay:Undeath\u0027s Touch","floor":25,"key":"SMITH"}],"circlet_count":0,"master_deck":["Strike_R","Strike_R","Defend_R","Defend_R","Defend_R","Bash+1","Twin Strike","Heavy Blade","Metallicize","Whirlwind+1","Replay:Undeath\u0027s Touch+1","ReplayReversal","Metallicize","Metallicize","Replay:Undeath\u0027s Touch+1","Hemogenesis","Fiend Fire+1","Defy Death+1","Inflame+1","Metallicize","ReplayTheSpireMod:Stacked","Thunderclap","Whirlwind"],"relics":["Burning Blood","Mercury Hourglass","Snack Pack","King of Hearts","Astrolabe","Garlic","Potion Belt","Darkstone Periapt"],"acts_visited":["Exordium","TheCity"],"potions_floor_usage":[26],"damage_taken":[{"damage":1,"enemies":"Cultist","floor":1,"turns":3},{"damage":0,"enemies":"Small Slimes","floor":2,"turns":4},{"damage":9,"enemies":"2 Louse","floor":3,"turns":3},{"damage":14,"enemies":"Exordium Thugs","floor":4,"turns":6},{"damage":9,"enemies":"3 Louse","floor":5,"turns":6},{"damage":27,"enemies":"3 Sentries","floor":6,"turns":10},{"damage":2,"enemies":"Exordium Wildlife","floor":16,"turns":2},{"damage":1,"enemies":"Fading Forest","floor":18,"turns":11},{"damage":10,"enemies":"Spheric Guardian","floor":20,"turns":5},{"damage":20,"enemies":"Chosen","floor":23,"turns":6},{"damage":12,"enemies":"3 Cultists","floor":24,"turns":5},{"damage":44,"enemies":"Slavers","floor":26,"turns":4},{"damage":10,"enemies":"Cultist and Chosen","floor":32,"turns":4}],"seed_played":"9140177734112887734","potions_obtained":[{"floor":1,"key":"SmokeBomb"},{"floor":6,"key":"Venom Potion"},{"floor":14,"key":"BlessingOfTheForge"},{"floor":14,"key":"GamblersBrew"},{"floor":21,"key":"Block Potion"},{"floor":21,"key":"Block Potion"},{"floor":26,"key":"FearPotion"}],"is_trial":false,"path_per_floor":["M","M","M","M","M","E","PTL","PTL","$","R","T","?","R","?","R","M","R","B",null,"M","?","$","M","M","R","E","?","T","?","PTL","PTL","M"],"character_chosen":"IRONCLAD","items_purchased":["Metallicize","CultistPotion"],"campfire_rested":3,"item_purchase_floors":[9,22],"current_hp_per_floor":[80,80,77,69,66,45,45,45,45,69,69,53,77,45,69,73,73,80,80,78,78,78,64,60,60,22,22,22,22,22,22,17,17],"gold":209,"neow_bonus":"UPGRADE_CARD","is_daily":false,"chose_seed":false,"campfire_upgraded":2,"win_rate":0.0,"timestamp":1610953623,"path_taken":["M","M","M","M","M","E","PTL","PTL","$","R","T","?","R","?","R","M","R","BOSS","M","?","?","M","M","R","E","?","T","?","PTL","PTL","M"],"items_purchased_type":["Card","Potion"],"build_version":"2020-12-22","purchased_purges":1,"victory":false,"max_hp_per_floor":[80,80,80,80,80,80,80,80,80,80,80,80,80,80,80,80,80,80,80,80,80,80,80,80,80,80,80,80,80,80,80,80,80],"card_choices":[{"not_picked":["Iron Wave","Uppercut"],"picked":"Twin Strike","floor":1},{"not_picked":["True Grit","Fire Breathing"],"picked":"Heavy Blade","floor":2},{"not_picked":["Evolve","Sentinel"],"picked":"Metallicize","floor":3},{"not_picked":["Clothesline","Spot Weakness"],"picked":"Whirlwind","floor":4},{"not_picked":["Metallicize","Heavy Blade"],"picked":"Replay:Undeath\u0027s Touch","floor":5},{"not_picked":["Flex","Rupture"],"picked":"ReplayReversal","floor":6},{"not_picked":["Perfected Strike","Anger"],"picked":"Replay:Undeath\u0027s Touch","floor":16},{"not_picked":["Replay:Many Hands","Reaper"],"picked":"Hemogenesis","floor":18},{"not_picked":["Intimidate","Havoc+1"],"picked":"Metallicize","floor":20},{"not_picked":["Flex","Warcry"],"picked":"ReplayTheSpireMod:Stacked","floor":23},{"not_picked":["Body Slam","Warcry"],"picked":"Thunderclap","floor":24},{"not_picked":["Sword Boomerang","Wild Strike+1"],"picked":"Whirlwind","floor":26}],"player_experience":261226,"relics_obtained":[{"floor":6,"key":"Mercury Hourglass"},{"floor":11,"key":"Snack Pack"},{"floor":14,"key":"King of Hearts"},{"floor":26,"key":"Garlic"},{"floor":28,"key":"Potion Belt"}],"event_choices":[{"damage_healed":0,"gold_gain":0,"player_choice":"Entered Light","damage_taken":16,"max_hp_gain":0,"max_hp_loss":0,"event_name":"Shining Light","floor":12,"gold_loss":0,"cards_upgraded":["Whirlwind","Strike_R"]},{"damage_healed":0,"gold_gain":0,"player_choice":"Got Potions","damage_taken":0,"max_hp_gain":0,"max_hp_loss":0,"event_name":"Lab","floor":21,"gold_loss":0},{"damage_healed":0,"gold_gain":0,"player_choice":"Paid Gold","damage_taken":0,"relics_obtained":["Darkstone Periapt"],"max_hp_gain":0,"max_hp_loss":0,"event_name":"WeMeetAgain","floor":29,"gold_loss":66}],"is_beta":false,"boss_relics":[{"not_picked":["Ectoplasm","Busted Crown"],"picked":"Astrolabe"}],"items_purged_floors":[9],"is_endless":false,"potions_floor_spawned":[1,6,16,18,26],"killed_by":"Cultist and Chosen","ascension_level":0}}