{"host":"s41rn2jhghpwfrvz","time":1610957639,"event":{"mods":["BaseMod","Minty Spire (QoL Compilation)","Quick Restart","Relic Stats","SuperFastMode"],"gold_per_floor":[119,44,56,71,89,89,122,122,176,202,202,236,71,105,105,183,183,203,215,215,234,57,70,70,100,182,214,226,226,236,271,271,350,350,370,386,406,406,418,444,460,360,360,386,404,35,62,77,77,77,77,77,77,77,104,104,104],"floor_reached":56,"language":"ENG","playtime":1618,"items_purged":["Quick Slash","Rainbow+1"],"score":2608,"play_id":"5f171824-d1d6-4d43-b840-b2f8d50695c0","local_time":"20210118101359","daily_mods":["SealedDeck","Diverse","DeadlyEvents"],"is_ascension_mode":true,"campfire_choices":[{"data":"Blade Dance","floor":6.0,"key":"SMITH"},{"data":"Recycle","floor":8.0,"key":"SMITH"},{"data":"Rage","floor":11.0,"key":"SMITH"},{"data":"Cloak And Dagger","floor":15.0,"key":"SMITH"},{"floor":24.0,"key":"RECALL"},{"floor":29.0,"key":"REST"},{"data":"Finisher","floor":32.0,"key":"SMITH"},{"floor":49.0,"key":"REST"},{"floor":53,"key":"REST"}],"circlet_count":0,"master_deck":["AscendersBane","Cloak And Dagger+1","Recycle+1","Finisher+1","Double Energy","Blade Dance+1","Rage+1","Calculated Gamble+1","Beam Cell+1","Flash of Steel","Scrawl","Skim","Acrobatics","Madness","Feel No Pain"],"relics":["Burning Blood","StrikeDummy","Anchor","Bag of Marbles","PreservedInsect","Vajra","Strawberry","Astrolabe","StoneCalendar","Mercury Hourglass","Toy Ornithopter","Champion Belt","Fusion Hammer","Lantern","Bird Faced Urn","HornCleat","Akabeko","Bronze Scales"],"acts_visited":["Exordium","TheCity","TheBeyond","TheEnding"],"potions_floor_usage":[56,56],"damage_taken":[{"damage":6.0,"enemies":"Jaw Worm","floor":1.0,"turns":2.0},{"damage":0.0,"enemies":"2 Louse","floor":3.0,"turns":2.0},{"damage":0.0,"enemies":"Cultist","floor":4.0,"turns":3.0},{"damage":11.0,"enemies":"Looter","floor":5.0,"turns":2.0},{"damage":3.0,"enemies":"Gremlin Nob","floor":7.0,"turns":3.0},{"damage":30.0,"enemies":"3 Sentries","floor":10.0,"turns":8.0},{"damage":0.0,"enemies":"Gremlin Nob","floor":12.0,"turns":2.0},{"damage":12.0,"enemies":"3 Sentries","floor":14.0,"turns":4.0},{"damage":0.0,"enemies":"Slime Boss","floor":16.0,"turns":6.0},{"damage":0.0,"enemies":"Spheric Guardian","floor":18.0,"turns":3.0},{"damage":6.0,"enemies":"Chosen","floor":19.0,"turns":3.0},{"damage":34.0,"enemies":"3 Cultists","floor":21.0,"turns":4.0},{"damage":19.0,"enemies":"Snake Plant","floor":23.0,"turns":4.0},{"damage":18.0,"enemies":"Gremlin Leader","floor":25.0,"turns":3.0},{"damage":0.0,"enemies":"Book of Stabbing","floor":27.0,"turns":2.0},{"damage":15.0,"enemies":"Snecko","floor":28.0,"turns":4.0},{"damage":0.0,"enemies":"Chosen and Byrds","floor":30.0,"turns":2.0},{"damage":0.0,"enemies":"Gremlin Leader","floor":31.0,"turns":3.0},{"damage":4.0,"enemies":"Champ","floor":33.0,"turns":5.0},{"damage":0.0,"enemies":"3 Darklings","floor":35.0,"turns":2.0},{"damage":0.0,"enemies":"3 Shapes","floor":36.0,"turns":1.0},{"damage":0.0,"enemies":"Maw","floor":37.0,"turns":2.0},{"damage":0.0,"enemies":"Spire Growth","floor":39.0,"turns":2.0},{"damage":0.0,"enemies":"Nemesis","floor":40.0,"turns":1.0},{"damage":0.0,"enemies":"Writhing Mass","floor":41.0,"turns":3.0},{"damage":0.0,"enemies":"Reptomancer","floor":44.0,"turns":1.0},{"damage":0.0,"enemies":"3 Darklings","floor":45.0,"turns":1.0},{"damage":0.0,"enemies":"Giant Head","floor":47.0,"turns":2.0},{"damage":0.0,"enemies":"Jaw Worm Horde","floor":48.0,"turns":1.0},{"damage":0.0,"enemies":"Awakened One","floor":50.0,"turns":8.0},{"damage":45,"enemies":"Time Eater","floor":51,"turns":10},{"damage":0,"enemies":"Shield and Spear","floor":55,"turns":4},{"damage":86,"enemies":"The Heart","floor":56,"turns":5}],"seed_played":"-5280320608664996197","potions_obtained":[{"floor":1.0,"key":"SteroidPotion"},{"floor":3.0,"key":"EssenceOfSteel"},{"floor":10.0,"key":"CultistPotion"},{"floor":25.0,"key":"Energy Potion"},{"floor":30.0,"key":"SpeedPotion"},{"floor":36.0,"key":"Dexterity Potion"}],"is_trial":true,"path_per_floor":["M","?","M","M","M","R","E","R","T","E","R","E","$","E","R","B",null,"M","M","?","M","$","M","R","E","T","E","M","R","M","E","R","B",null,"M","M","M","?","M","E","M","$","T","E","M","$","E","M","R","B","B",null,"R","$","E","B"],"character_chosen":"IRONCLAD","items_purchased":["Vajra","Flash of Steel","Madness","HornCleat"],"campfire_rested":3,"item_purchase_floors":[13,22,46,46],"current_hp_per_floor":[68,68,74,75,70,70,73,73,73,49,49,55,55,56,56,62,77,82,82,82,54,54,41,41,29,29,35,26,50,56,62,62,64,78,82,82,82,78,78,78,78,78,78,78,78,78,78,78,78,78,39,68,78,78,78,0,0],"gold":104,"neow_bonus":"","is_daily":false,"chose_seed":false,"campfire_upgraded":5,"win_rate":0.0,"timestamp":1610957639,"path_taken":["M","?","M","M","M","R","E","R","T","E","R","E","$","E","R","BOSS","M","M","?","M","$","M","R","E","T","?","M","R","M","E","R","BOSS","M","M","M","?","?","E","M","$","T","E","M","$","E","M","R","BOSS","BOSS","R","$","E","BOSS"],"items_purchased_type":["Relic","Card","Card","Relic"],"build_version":"2020-12-22","purchased_purges":2,"victory":false,"max_hp_per_floor":[75,75,75,75,75,75,75,75,75,75,75,75,75,82,82,82,82,82,82,82,82,82,82,82,82,82,82,82,82,82,82,82,82,82,82,82,82,78,78,78,78,78,78,78,78,78,78,78,78,78,78,78,78,78,78,78,78],"relic_stats":{"counters":[33,108],"Astrolabe":["Calculated Gamble","Beam Cell","Rainbow"],"Bird Faced Urn":[0],"Bronze Scales":[75],"StoneCalendar":[104],"PreservedInsect":489,"Champion Belt":[73],"obtain_stats":[{"Lantern":40,"Astrolabe":17,"Vajra":13,"StoneCalendar":25,"PreservedInsect":12,"Burning Blood":0,"Akabeko":47,"Mercury Hourglass":26,"Anchor":9,"HornCleat":46,"Strawberry":14,"Bird Faced Urn":44,"Bronze Scales":55,"Fusion Hammer":34,"Bag of Marbles":10,"Champion Belt":31,"StrikeDummy":7,"Toy Ornithopter":27},{"Lantern":24,"Astrolabe":9,"Vajra":7,"StoneCalendar":14,"PreservedInsect":7,"Burning Blood":0,"Akabeko":28,"Mercury Hourglass":14,"Anchor":5,"HornCleat":27,"Strawberry":8,"Bird Faced Urn":26,"Bronze Scales":32,"Fusion Hammer":19,"Bag of Marbles":6,"Champion Belt":18,"StrikeDummy":5,"Toy Ornithopter":15},{"Lantern":73,"Astrolabe":32,"Vajra":22,"StoneCalendar":49,"PreservedInsect":22,"Burning Blood":0,"Akabeko":80,"Mercury Hourglass":49,"Anchor":12,"HornCleat":78,"Strawberry":26,"Bird Faced Urn":77,"Bronze Scales":103,"Fusion Hammer":65,"Bag of Marbles":20,"Champion Belt":60,"StrikeDummy":12,"Toy Ornithopter":51}],"Burning Blood":118,"Toy Ornithopter":5,"Mercury Hourglass":[213]},"card_choices":[{"not_picked":["Crescendo","Rampage"],"picked":"Rage","floor":1.0},{"not_picked":["Outmaneuver","Stack","Dagger Throw"],"picked":"SKIP","floor":3.0},{"not_picked":["CrushJoints","Whirlwind","Reflex"],"picked":"SKIP","floor":4.0},{"not_picked":["CutThroughFate","Steam Power","Evaluate"],"picked":"SKIP","floor":5.0},{"not_picked":["Prostrate","JustLucky","Poisoned Stab"],"picked":"SKIP","floor":7.0},{"not_picked":["Wild Strike","Searing Blow","Predator"],"picked":"SKIP","floor":10.0},{"not_picked":["Dropkick","SignatureMove","Heavy Blade"],"picked":"SKIP","floor":12.0},{"not_picked":["Calculated Gamble","Chill","Leap"],"picked":"SKIP","floor":14.0},{"not_picked":["Evaluate","Gash","Havoc"],"picked":"SKIP","floor":18.0},{"not_picked":["Blade Dance","Tactician","Flex"],"picked":"SKIP","floor":19.0},{"not_picked":["Crippling Poison","SashWhip","Heavy Blade+1"],"picked":"SKIP","floor":21.0},{"not_picked":["Endless Agony","Judgement","Gash"],"picked":"SKIP","floor":23.0},{"not_picked":["Cold Snap","Perseverance+1","Rip and Tear"],"picked":"SKIP","floor":25.0},{"not_picked":["Wish","Clash","Streamline"],"picked":"SKIP","floor":27.0},{"not_picked":["EmptyBody","Study","Hologram+1"],"picked":"SKIP","floor":28.0},{"not_picked":["Combust","Flying Knee","Self Repair"],"picked":"SKIP","floor":30.0},{"not_picked":["Stack","Dagger Spray","Wish"],"picked":"SKIP","floor":31.0},{"not_picked":["Grand Finale","Reboot"],"picked":"Scrawl","floor":33.0},{"not_picked":["Go for the Eyes","JustLucky","DeceiveReality+1"],"picked":"SKIP","floor":35.0},{"not_picked":["Crescendo+1","Poisoned Stab","Worship"],"picked":"SKIP","floor":36.0},{"not_picked":["Warcry","Rupture","Recycle"],"picked":"SKIP","floor":37.0},{"not_picked":["MentalFortress","Dash+1","Undo"],"picked":"SKIP","floor":39.0},{"not_picked":["Judgement","Turbo","Self Repair"],"picked":"SKIP","floor":40.0},{"not_picked":["Acrobatics","Deadly Poison+1"],"picked":"Skim","floor":41.0},{"not_picked":["Conserve Battery","Study","Outmaneuver"],"picked":"SKIP","floor":44.0},{"not_picked":["SignatureMove","Dash+1"],"picked":"Acrobatics","floor":45.0},{"not_picked":["Dagger Throw","Underhanded Strike","All For One"],"picked":"SKIP","floor":47.0},{"not_picked":["Heel Hook","LikeWater"],"picked":"Feel No Pain","floor":48.0},{"not_picked":["DeusExMachina","Choke","Bane+1"],"picked":"SKIP","floor":55}],"player_experience":1782155,"relics_obtained":[{"floor":7.0,"key":"StrikeDummy"},{"floor":9.0,"key":"Anchor"},{"floor":10.0,"key":"Bag of Marbles"},{"floor":12.0,"key":"PreservedInsect"},{"floor":14.0,"key":"Strawberry"},{"floor":25.0,"key":"StoneCalendar"},{"floor":26.0,"key":"Mercury Hourglass"},{"floor":27.0,"key":"Toy Ornithopter"},{"floor":31.0,"key":"Champion Belt"},{"floor":40.0,"key":"Lantern"},{"floor":44.0,"key":"Bird Faced Urn"},{"floor":47.0,"key":"Akabeko"},{"floor":55,"key":"Bronze Scales"}],"event_choices":[{"cards_removed":["Prepared"],"damage_healed":0.0,"max_hp_gain":0.0,"max_hp_loss":0.0,"gold_gain":0.0,"event_name":"The Cleric","player_choice":"Card Removal","floor":2.0,"gold_loss":75.0,"damage_taken":0.0},{"damage_healed":0.0,"max_hp_gain":0.0,"max_hp_loss":0.0,"gold_gain":0.0,"event_name":"Wheel of Change","player_choice":"Full Heal","floor":20.0,"gold_loss":0.0,"damage_taken":0.0},{"damage_healed":0.0,"max_hp_gain":0.0,"max_hp_loss":4.0,"gold_gain":0.0,"event_name":"Winding Halls","player_choice":"Max HP","floor":38.0,"gold_loss":0.0,"damage_taken":0.0}],"is_beta":false,"boss_relics":[{"not_picked":["Runic Cube","Philosopher\u0027s Stone"],"picked":"Astrolabe"},{"not_picked":["Mark of Pain","SlaversCollar"],"picked":"Fusion Hammer"}],"items_purged_floors":[22,42],"is_endless":false,"potions_floor_spawned":[1,3,4,10,19,25,30,36,41,45,47,55],"killed_by":"The Heart","ascension_level":20}}