{"host":"qzq9y7dlvg9zw3hx","time":1610999789,"event":{"mods":["Act Like it!","BaseMod","Dota2Spire","Gensokyo","Minty Spire (QoL Compilation)","StSLib","¡¾ÒÅÎï¿¨ÅÆ¡¿REMEMod"],"gold_per_floor":[111,111,30,45,60,88,88,122,122,134,134,150,150,178,178,277,277,290,65,83,103,3,29,29,29,29],"floor_reached":25,"language":"ZHS","playtime":1207,"items_purged":["Strike_R","Strike_R"],"score":327,"play_id":"83111dfb-1548-4dcc-a7ea-07513d3af379","local_time":"20210119035629","is_ascension_mode":true,"campfire_choices":[{"data":"REME_Scribble","floor":7.0,"key":"SMITH"},{"floor":13.0,"key":"REST"},{"floor":15.0,"key":"REST"},{"data":"Limit Break","floor":24,"key":"SMITH"}],"circlet_count":0,"master_deck":["Strike_R","Strike_R","Defend_R","Defend_R","Defend_R","Defend_R","Bash","MasterReality","Iron Wave","Flash of Steel","REME_Scribble+1","Sword Boomerang","Combust","Double Tap","Flex","Limit Break+1","Pommel Strike","Second Wind+1"],"relics":["REME_ComplimentaryCards","Runic Pyramid","Dota2Spire:LinkenSphere","Dota2Spire:Dagon","HornCleat","Bag of Marbles","Shuriken","Black Star","Question Card","Toy Ornithopter"],"acts_visited":["Exordium","TheCity"],"potions_floor_usage":[23,23],"damage_taken":[{"damage":2.0,"enemies":"2 Louse","floor":1.0,"turns":3.0},{"damage":0.0,"enemies":"Cultist","floor":4.0,"turns":4.0},{"damage":3.0,"enemies":"Jaw Worm","floor":5.0,"turns":4.0},{"damage":32.0,"enemies":"3 Sentries","floor":6.0,"turns":10.0},{"damage":28.0,"enemies":"Lagavulin","floor":8.0,"turns":7.0},{"damage":7.0,"enemies":"2 Fungi Beasts","floor":10.0,"turns":3.0},{"damage":3.0,"enemies":"Looter","floor":12.0,"turns":3.0},{"damage":6.0,"enemies":"Gremlin Nob","floor":14.0,"turns":3.0},{"damage":51.0,"enemies":"Slime Boss","floor":16.0,"turns":7.0},{"damage":4.0,"enemies":"3 Byrds","floor":18.0,"turns":4.0},{"damage":25.0,"enemies":"2 Thieves","floor":20.0,"turns":4.0},{"damage":16.0,"enemies":"3 Cultists","floor":21.0,"turns":4.0},{"damage":19,"enemies":"Book of Stabbing","floor":23,"turns":3},{"damage":79,"enemies":"Slavers","floor":25,"turns":5}],"seed_played":"1127900678404179935","potions_obtained":[{"floor":4.0,"key":"DuplicationPotion"},{"floor":6.0,"key":"Fruit Juice"},{"floor":14.0,"key":"Swift Potion"},{"floor":16.0,"key":"ElixirPotion"},{"floor":18.0,"key":"Explosive Potion"},{"floor":23,"key":"BloodPotion"}],"is_trial":false,"path_per_floor":["M","?","$","M","M","E","R","E","T","M","?","M","R","E","R","B",null,"M","$","M","M","$","E","R","E"],"character_chosen":"IRONCLAD","items_purchased":["Flash of Steel"],"campfire_rested":2,"item_purchase_floors":[3],"current_hp_per_floor":[78,78,78,78,77,52,52,27,27,23,11,8,36,33,62,14,101,100,100,78,65,65,76,76,0,0],"gold":29,"neow_bonus":"BOSS_RELIC","is_daily":false,"chose_seed":false,"campfire_upgraded":2,"win_rate":0.0,"timestamp":1610999789,"path_taken":["M","?","$","?","M","E","R","E","T","M","?","M","R","E","R","BOSS","M","$","M","M","$","E","R","E"],"items_purchased_type":["Card"],"build_version":"2020-12-22","purchased_purges":2,"victory":false,"max_hp_per_floor":[80,80,80,80,82,89,89,92,92,95,95,95,95,98,98,101,101,104,104,107,110,110,113,113,116,116],"card_choices":[{"not_picked":["Fire Breathing","Flame Barrier"],"picked":"Iron Wave","floor":1.0},{"not_picked":["Thunderclap","Flex"],"picked":"REME_Scribble","floor":4.0},{"not_picked":["Body Slam","Whirlwind"],"picked":"Sword Boomerang","floor":5.0},{"not_picked":["Seeing Red","Entrench"],"picked":"Combust","floor":6.0},{"not_picked":["Sword Boomerang","Whirlwind"],"picked":"Double Tap","floor":8.0},{"not_picked":["Twin Strike","Clothesline","Anger"],"picked":"SKIP","floor":10.0},{"not_picked":["Twin Strike","Headbutt","Iron Wave"],"picked":"SKIP","floor":12.0},{"not_picked":["Reckless Charge","Brutality"],"picked":"Flex","floor":14.0},{"not_picked":["Exhume","Offering"],"picked":"Limit Break","floor":16.0},{"not_picked":["Clothesline","Heavy Blade+1"],"picked":"Pommel Strike","floor":18.0},{"not_picked":["Disarm+1","Wild Strike","Cleave+1"],"picked":"SKIP","floor":20.0},{"not_picked":["Anger","Thunderclap","Ghostly Armor"],"picked":"SKIP","floor":21.0},{"not_picked":["Wild Strike+1","Perfected Strike"],"picked":"Second Wind+1","floor":23}],"player_experience":44441,"relics_obtained":[{"floor":6.0,"key":"Dota2Spire:LinkenSphere"},{"floor":8.0,"key":"Dota2Spire:Dagon"},{"floor":9.0,"key":"HornCleat"},{"floor":14.0,"key":"Shuriken"},{"floor":23,"key":"Question Card"},{"floor":23,"key":"Toy Ornithopter"}],"event_choices":[{"cards_removed":["Strike_R"],"damage_healed":0.0,"max_hp_gain":0.0,"max_hp_loss":0.0,"gold_gain":0.0,"event_name":"Purifier","player_choice":"Purged","floor":2.0,"gold_loss":0.0,"damage_taken":0.0},{"damage_healed":0.0,"max_hp_gain":0.0,"max_hp_loss":0.0,"gold_gain":0.0,"event_name":"Scrap Ooze","player_choice":"Success","floor":11.0,"gold_loss":0.0,"damage_taken":12.0,"relics_obtained":["Bag of Marbles"]}],"is_beta":false,"boss_relics":[{"not_picked":["Ectoplasm","Mark of Pain"],"picked":"Black Star"}],"items_purged_floors":[19,22],"is_endless":false,"potions_floor_spawned":[4,6,14,16,18,23],"killed_by":"Slavers","ascension_level":3}}