{"host":"b7j598ve05halrwk","time":1610946426,"event":{"mods":["2.2 Compatiblity","BaseMod","Block Reminder","DeckTracker","Minty Spire (QoL Compilation)","Relic Stats","Slay the Relics Exporter","StSLib","ojb\u0027s Better Paths Mod","ojb\u0027s Info Mod"],"gold_per_floor":[116,132,151,116,126,126,155,155,155,181,15,29,29,29],"floor_reached":13,"language":"ENG","playtime":556,"items_purged":[],"score":190,"play_id":"2ed54ec2-1445-489c-ba9d-535361c01139","local_time":"20210118000706","is_ascension_mode":true,"campfire_choices":[{"data":"Sweeping Beam","floor":6,"key":"SMITH"},{"floor":8,"key":"REST"}],"circlet_count":0,"master_deck":["AscendersBane","Strike_B","Strike_B","Strike_B","Strike_B","Defend_B","Defend_B","Defend_B+1","Defend_B","Zap","Dualcast","Sweeping Beam+1","Rebound","Streamline","Static Discharge","Doom and Gloom","Hologram+1","Ball Lightning","Conserve Battery","Capacitor","BootSequence"],"relics":["Cursed Key","Toy Ornithopter","War Paint"],"acts_visited":["Exordium"],"potions_floor_usage":[5,7,10],"damage_taken":[{"damage":13,"enemies":"Small Slimes","floor":1,"turns":4},{"damage":0,"enemies":"Cultist","floor":2,"turns":3},{"damage":1,"enemies":"2 Louse","floor":3,"turns":2},{"damage":21,"enemies":"Lots of Slimes","floor":5,"turns":3},{"damage":31,"enemies":"Gremlin Nob","floor":7,"turns":4},{"damage":20,"enemies":"Lagavulin","floor":10,"turns":6},{"damage":10,"enemies":"2 Fungi Beasts","floor":12,"turns":3},{"damage":17,"enemies":"3 Sentries","floor":13,"turns":2}],"seed_played":"2024345517078796084","potions_obtained":[{"floor":1,"key":"FearPotion"},{"floor":3,"key":"ColorlessPotion"},{"floor":7,"key":"DistilledChaos"}],"is_trial":false,"path_per_floor":["M","M","M","?","M","R","E","R","T","E","$","M","E"],"character_chosen":"DEFECT","items_purchased":["Ball Lightning","Conserve Battery","Capacitor"],"campfire_rested":1,"item_purchase_floors":[11,11,11],"current_hp_per_floor":[51,51,50,67,46,46,15,36,36,21,21,11,0,0],"gold":29,"neow_bonus":"BOSS_RELIC","is_daily":false,"chose_seed":false,"campfire_upgraded":1,"win_rate":0.0,"timestamp":1610946426,"path_taken":["M","M","M","?","M","R","E","R","T","E","$","M","E"],"items_purchased_type":["Card","Card","Card"],"build_version":"2020-12-22","purchased_purges":0,"victory":false,"max_hp_per_floor":[71,71,71,71,71,71,71,71,71,71,71,71,71,71],"relic_stats":{"counters":[8,27],"War Paint":["Hologram","Defend_B"],"Cursed Key":0,"obtain_stats":[{"War Paint":10,"Cracked Core":0,"Cursed Key":0,"Toy Ornithopter":7},{"War Paint":6,"Cracked Core":0,"Cursed Key":0,"Toy Ornithopter":5},{"War Paint":22,"Cracked Core":0,"Cursed Key":0,"Toy Ornithopter":16}],"Toy Ornithopter":5},"card_choices":[{"not_picked":["Tempest","Gash"],"picked":"Sweeping Beam","floor":1},{"not_picked":["Hologram","Go for the Eyes"],"picked":"Rebound","floor":2},{"not_picked":["Steam","BootSequence"],"picked":"Streamline","floor":3},{"not_picked":["Streamline","Blizzard"],"picked":"Static Discharge","floor":5},{"not_picked":["White Noise","Thunder Strike"],"picked":"Doom and Gloom","floor":7},{"not_picked":["Thunder Strike","Melter"],"picked":"Hologram","floor":10},{"not_picked":["Leap","Glacier"],"picked":"BootSequence","floor":12}],"player_experience":1000904,"relics_obtained":[{"floor":7,"key":"Toy Ornithopter"},{"floor":10,"key":"War Paint"}],"event_choices":[{"damage_healed":17,"gold_gain":0,"player_choice":"Healed","damage_taken":0,"max_hp_gain":0,"max_hp_loss":0,"event_name":"The Cleric","floor":4,"gold_loss":35}],"is_beta":false,"boss_relics":[],"items_purged_floors":[],"is_endless":false,"potions_floor_spawned":[1,3,7],"killed_by":"3 Sentries","ascension_level":20}}