{"host":"tr12w2fixbnujl15","time":1610996069,"event":{"mods":["100% Spire Juice","2.2 Compatiblity","Arknights The Spire","BaseMod","Better Skull","BetterRewards","Clockwork Mod","Colored Powertips","Evolution","Hermit","Hubris","Infinite Spire","JesterMod","Koishi","Mad Scientist","Minty Spire (QoL Compilation)","Prisma Mod","Quick Restart","Replay The Spire","Shop Mod","StSLib","SuperFastMode","The Animator","The Bug Knight","The Construct","The Cursed","The Hierophant","The Mystic","The Necromancer","The Runesmith","The Sage","The Senshi","The Servant 0.9.4","The Spell Scribe","TheFirefly","WarShipGirlsR/????R mod","Yakumo Yukari mod"],"gold_per_floor":[119,119,137,137,161,161,179,288,288,46,46,61,88,100,100,204,204,222,321,301,2,18,0,0,0],"floor_reached":24,"language":"ENG","playtime":1921,"items_purged":[],"score":196,"play_id":"a889ea8a-33c6-47d8-a622-261f00c008f2","local_time":"20210118135429","is_ascension_mode":false,"campfire_choices":[{"data":"animator:Mitsuba","floor":6.0,"key":"SMITH"},{"floor":11.0,"key":"REST"},{"floor":15.0,"key":"REST"}],"circlet_count":0,"master_deck":["animator:ChaikaBohdan+1","animator:DolaCouronne","animator:ChaikaBohdan","animator:Strike","animator:Strike","animator:Defend","animator:Defend","animator:Defend","animator:Shinoa","animator:Mikaela","animator:Arpeggio+1","animator:DolaSchwi+1","animator:Mitsuba+1","animator:ChaikaTrabant","ReplayTheSpireMod:Splinters","animator:Viivi","animator:Lancer","animator:RoryMercury","animator:Fredrika","animator:Witch","animator:Berserker","animator:Sora","animator:DolaSchwi","animator:KrulTepes","animator:Mitsuba","animator:Greed","animator:RoyMustang","animator:Kagari","animator:ChaikaBohdan"],"relics":["animator:LivingPicture","animator:TheMissingPiece","EVO:Axolotl","animator:PurgingStone","NeowsBlessing","HollowMod:LifeEnderRelic","Darkstone Periapt","Onion Ring","SlaversCollar","MerchantsRug"],"acts_visited":["Exordium","TheCity"],"potions_floor_usage":[24,24],"damage_taken":[{"damage":0.0,"enemies":"2 Louse","floor":1.0,"turns":2.0},{"damage":0.0,"enemies":"infinitespire:Voidling","floor":3.0,"turns":1.0},{"damage":0.0,"enemies":"Jaw Worm","floor":5.0,"turns":1.0},{"damage":18.0,"enemies":"Exordium Thugs","floor":7.0,"turns":5.0},{"damage":12.0,"enemies":"2 Fungi Beasts","floor":12.0,"turns":3.0},{"damage":1.0,"enemies":"Replay:BlueRogue","floor":13.0,"turns":2.0},{"damage":14.0,"enemies":"3 Louse","floor":14.0,"turns":3.0},{"damage":28.0,"enemies":"Slime Boss","floor":16.0,"turns":8.0},{"damage":20,"enemies":"Chosen","floor":18,"turns":5},{"damage":38,"enemies":"3 Byrds","floor":22,"turns":5},{"damage":10,"enemies":"Snake Plant","floor":24,"turns":1}],"seed_played":"-4409790897576935424","potions_obtained":[{"floor":3.0,"key":"AttackPotion"},{"floor":12.0,"key":"Elixir"},{"floor":14.0,"key":"SteroidPotion"},{"floor":16.0,"key":"Swift Potion"},{"floor":18,"key":"Swift Potion"}],"is_trial":false,"path_per_floor":["M","?","M","?","M","R","M","?","T","$","R","M","E","M","R","B",null,"M","?","?","$","M","?","M"],"character_chosen":"THE_ANIMATOR","items_purchased":["Darkstone Periapt","MerchantsRug","animator:RoyMustang","animator:Kagari"],"campfire_rested":2,"item_purchase_floors":[10,21,21,21],"current_hp_per_floor":[66,53,53,53,53,53,35,35,35,35,54,42,41,27,46,18,66,46,46,47,47,9,9,0,0],"gold":0,"neow_bonus":"THREE_ENEMY_KILL","is_daily":false,"chose_seed":false,"campfire_upgraded":1,"win_rate":0.0,"timestamp":1610996069,"path_taken":["M","?","M","?","?","R","M","?","T","?","R","M","E","?","R","BOSS","M","?","?","$","?","?","M"],"items_purchased_type":["Relic","Relic","Card","Card"],"build_version":"2020-12-22","purchased_purges":0,"victory":false,"max_hp_per_floor":[66,66,66,66,66,66,66,66,66,66,66,66,66,66,66,66,66,66,66,67,67,67,67,67,67],"card_choices":[{"not_picked":["animator:Gillette","animator:Guy"],"picked":"animator:Arpeggio","floor":1.0},{"not_picked":["animator:PandorasActor","animator:Megumin"],"picked":"animator:DolaSchwi","floor":3.0},{"not_picked":["animator:UneriGinkaku","animator:YuiTsuruno"],"picked":"animator:Mitsuba","floor":5.0},{"not_picked":["animator:Gillette","animator:ChaikaBohdan"],"picked":"animator:ChaikaTrabant","floor":7.0},{"not_picked":["animator:Raven","animator:DolaCouronne"],"picked":"animator:Viivi","floor":8.0},{"not_picked":["animator:Guy","animator:Pride"],"picked":"animator:Lancer","floor":8.0},{"not_picked":["animator:ElricAlphonse","animator:Ciel"],"picked":"animator:RoryMercury","floor":8.0},{"not_picked":["animator:Genos","animator:Assassin"],"picked":"animator:Fredrika","floor":12.0},{"not_picked":["animator:OrikoMikuni","animator:Pride"],"picked":"animator:Witch","floor":13.0},{"not_picked":["animator:YuiTsuruno","animator:ChlammyZell"],"picked":"animator:Berserker","floor":14.0},{"not_picked":["animator:Saitama","animator:ChaikaTrabant"],"picked":"animator:Sora","floor":16.0},{"not_picked":["animator:IzunaHatsuse","animator:DolaCouronne"],"picked":"animator:DolaSchwi","floor":18},{"not_picked":[],"picked":"animator:KrulTepes","floor":20},{"not_picked":[],"picked":"animator:Mitsuba","floor":20},{"not_picked":[],"picked":"animator:Greed","floor":20},{"not_picked":["animator:Raven","animator:Ara"],"picked":"animator:ChaikaBohdan","floor":22}],"player_experience":69815,"relics_obtained":[{"floor":9.0,"key":"HollowMod:LifeEnderRelic"},{"floor":13.0,"key":"Onion Ring"}],"event_choices":[{"damage_healed":0.0,"max_hp_gain":0.0,"max_hp_loss":0.0,"gold_gain":0.0,"event_name":"Shining Light","player_choice":"Entered Light","floor":2.0,"gold_loss":0.0,"damage_taken":13.0,"cards_upgraded":["animator:ChaikaBohdan","animator:Arpeggio"]},{"damage_healed":0.0,"max_hp_gain":0.0,"max_hp_loss":0.0,"gold_gain":0.0,"event_name":"Accursed Blacksmith","player_choice":"Forge","floor":4.0,"gold_loss":0.0,"damage_taken":0.0,"cards_upgraded":["animator:DolaSchwi"]},{"damage_healed":0,"gold_gain":99,"player_choice":"Stole From Cult","damage_taken":0,"max_hp_gain":0,"max_hp_loss":0,"event_name":"Nest","floor":19,"gold_loss":0},{"damage_healed":0,"gold_gain":0,"player_choice":"Paid Fearfully","damage_taken":0,"max_hp_gain":0,"max_hp_loss":0,"event_name":"Masked Bandits","floor":23,"gold_loss":18}],"is_beta":false,"boss_relics":[{"not_picked":["animator:VividPicture","Tiny House"],"picked":"SlaversCollar"}],"items_purged_floors":[],"is_endless":false,"potions_floor_spawned":[3,12,14,16,18],"killed_by":"Snake Plant","ascension_level":0}}