{"host":"sc0o2qwpf9j16a4i","time":1610984350,"event":{"mods":["AchievementEnabler","BaseMod","BetterRewards","Block Reminder","Colored Map","Colored Powertips","Custom Start","Highlight Path","Minty Spire (QoL Compilation)","Relic Stats"],"gold_per_floor":[163,177,177,177,193,26,26,53,131,131,142,176,176,196,196,274,274,286,313,66,66,66,66,66,66],"floor_reached":24,"language":"ENG","playtime":695,"items_purged":["Strike_R"],"score":404,"play_id":"0af2d563-d55c-451f-93b4-65bba0071949","local_time":"20210118173910","is_ascension_mode":true,"campfire_choices":[{"data":"Carnage","floor":7,"key":"SMITH"},{"floor":13,"key":"REST"},{"data":"Flame Barrier","floor":15,"key":"SMITH"},{"floor":23,"key":"REST"}],"circlet_count":0,"master_deck":["AscendersBane","Strike_R","Strike_R","Defend_R","Defend_R+1","Defend_R","Defend_R","Bash+1","Blood for Blood","Carnage+1","Flame Barrier+1","Anger","Headbutt","Feed","Feed","Pommel Strike","Uppercut","Flame Barrier+1","Double Tap","Blood for Blood","Armaments","Reaper"],"relics":["Tiny House","Anchor","Centennial Puzzle","Self Forming Clay","Eternal Feather","Velvet Choker","Red Mask","DollysMirror"],"acts_visited":["Exordium","TheCity"],"potions_floor_usage":[11,12,16,19,24],"damage_taken":[{"damage":7,"enemies":"Jaw Worm","floor":1,"turns":3},{"damage":0,"enemies":"2 Louse","floor":2,"turns":2},{"damage":3,"enemies":"Small Slimes","floor":5,"turns":4},{"damage":8,"enemies":"Gremlin Nob","floor":8,"turns":3},{"damage":6,"enemies":"3 Louse","floor":11,"turns":3},{"damage":11,"enemies":"Lagavulin","floor":12,"turns":6},{"damage":2,"enemies":"Exordium Wildlife","floor":14,"turns":4},{"damage":31,"enemies":"The Guardian","floor":16,"turns":16},{"damage":35,"enemies":"Spheric Guardian","floor":18,"turns":7},{"damage":23,"enemies":"Masked Bandits","floor":19,"turns":6},{"damage":73,"enemies":"Gremlin Leader","floor":24,"turns":5}],"seed_played":"-2604792677034773745","potions_obtained":[{"floor":0,"key":"SpeedPotion"},{"floor":8,"key":"Swift Potion"},{"floor":11,"key":"Energy Potion"},{"floor":12,"key":"BlessingOfTheForge"},{"floor":16,"key":"Ancient Potion"}],"is_trial":false,"path_per_floor":["M","M","?","?","M","$","R","E","T","?","M","E","R","M","R","B",null,"M","?","$","?","?","R","E"],"character_chosen":"IRONCLAD","items_purchased":["Anchor","DollysMirror"],"campfire_rested":2,"item_purchase_floors":[6,20],"current_hp_per_floor":[66,66,66,66,63,63,63,55,55,55,49,38,71,72,81,54,79,47,27,27,27,27,66,0,0],"gold":66,"neow_bonus":"BOSS_RELIC","is_daily":false,"chose_seed":false,"campfire_upgraded":2,"win_rate":0.0,"timestamp":1610984350,"path_taken":["M","M","?","?","M","$","R","E","T","?","?","E","R","M","R","BOSS","M","?","$","?","?","R","E"],"items_purchased_type":["Relic","Relic"],"build_version":"2020-12-22","purchased_purges":1,"victory":false,"max_hp_per_floor":[80,80,80,80,80,80,80,80,80,80,80,80,80,83,83,87,87,90,93,93,93,93,93,93,93],"relic_stats":{"Centennial Puzzle":[21],"counters":[11,59],"Self Forming Clay":[69],"Eternal Feather":30,"obtain_stats":[{"Anchor":6,"Centennial Puzzle":8,"Tiny House":0,"Self Forming Clay":9,"DollysMirror":20,"Velvet Choker":17,"Eternal Feather":12,"Red Mask":19,"Burning Blood":0},{"Anchor":3,"Centennial Puzzle":4,"Tiny House":0,"Self Forming Clay":4,"DollysMirror":10,"Velvet Choker":8,"Eternal Feather":6,"Red Mask":10,"Burning Blood":0},{"Anchor":9,"Centennial Puzzle":12,"Tiny House":0,"Self Forming Clay":12,"DollysMirror":54,"Velvet Choker":41,"Eternal Feather":21,"Red Mask":54,"Burning Blood":0}]},"card_choices":[{"not_picked":["Heavy Blade","Sword Boomerang"],"picked":"Perfected Strike","floor":0},{"not_picked":["Body Slam","Clash"],"picked":"Blood for Blood","floor":1},{"not_picked":["Rampage","Searing Blow"],"picked":"Carnage","floor":2},{"not_picked":["True Grit","Rage"],"picked":"Flame Barrier","floor":5},{"not_picked":["Combust","Pommel Strike"],"picked":"Anger","floor":8},{"not_picked":["Clash","Power Through"],"picked":"Headbutt","floor":11},{"not_picked":["Reaper","Ghostly Armor"],"picked":"Feed","floor":12},{"not_picked":["Anger","Twin Strike","Rampage"],"picked":"SKIP","floor":14},{"not_picked":["Barricade","Double Tap"],"picked":"Feed","floor":16},{"not_picked":["Twin Strike","Iron Wave"],"picked":"Pommel Strike","floor":18},{"not_picked":["Clothesline","Seeing Red"],"picked":"Uppercut","floor":19}],"player_experience":723461,"relics_obtained":[{"floor":8,"key":"Centennial Puzzle"},{"floor":9,"key":"Self Forming Clay"},{"floor":12,"key":"Eternal Feather"},{"floor":19,"key":"Red Mask"}],"event_choices":[{"damage_healed":0,"gold_gain":0,"player_choice":"Ignored","damage_taken":0,"max_hp_gain":0,"max_hp_loss":0,"event_name":"Liars Game","floor":3,"gold_loss":0},{"damage_healed":0,"gold_gain":0,"player_choice":"Grow","damage_taken":0,"max_hp_gain":0,"max_hp_loss":0,"event_name":"Living Wall","floor":4,"gold_loss":0,"cards_upgraded":["Bash"]},{"cards_removed":["Perfected Strike"],"damage_healed":0,"gold_gain":0,"player_choice":"Purged","damage_taken":0,"max_hp_gain":0,"max_hp_loss":0,"event_name":"Purifier","floor":10,"gold_loss":0},{"damage_healed":0,"gold_gain":0,"player_choice":"Fought Bandits","damage_taken":0,"max_hp_gain":0,"max_hp_loss":0,"event_name":"Masked Bandits","floor":19,"gold_loss":0},{"damage_healed":0,"gold_gain":0,"cards_transformed":["Strike_R","Strike_R"],"player_choice":"Became Test Subject","damage_taken":0,"max_hp_gain":0,"max_hp_loss":0,"event_name":"Drug Dealer","floor":21,"gold_loss":0,"cards_obtained":["Double Tap","Blood for Blood"]},{"damage_healed":0,"gold_gain":0,"player_choice":"2 cards matched","damage_taken":0,"max_hp_gain":0,"max_hp_loss":0,"event_name":"Match and Keep!","floor":22,"gold_loss":0,"cards_obtained":["Armaments","Reaper"]}],"is_beta":false,"boss_relics":[{"not_picked":["Empty Cage","Fusion Hammer"],"picked":"Velvet Choker"}],"items_purged_floors":[20],"is_endless":false,"potions_floor_spawned":[8,11,12,16,18],"killed_by":"Gremlin Leader","ascension_level":20}}