{"host":"baymyijz6sxaqj5s","time":1610970666,"event":{"mods":["AchievementEnabler","BaseMod","Colored Map","Colored Powertips","DeckTracker","Highlight Path","KOR Keyword Fix","Keyboard Shortcuts","Minty Spire (QoL Compilation)","StSLib","SuperFastMode","everything is the same but u backflip on backflip"],"gold_per_floor":[109,129,129,55,71,71,71,71,124,139,139,57,37,47,47,143,143,161,161,180,194,124,153,153,167,167,167,167],"floor_reached":27,"language":"KOR","playtime":780,"items_purged":[],"score":245,"play_id":"b10717f2-eb84-482d-9951-734a9d85144a","local_time":"20210118205106","is_ascension_mode":true,"campfire_choices":[{"data":"Survivor","floor":6,"key":"SMITH"},{"floor":15,"key":"REST"},{"floor":24,"key":"REST"}],"circlet_count":0,"master_deck":["Strike_G","Strike_G","Defend_G","Defend_G","Defend_G","Defend_G","Defend_G","Survivor+1","Neutralize","Noxious Fumes","Blur","Catalyst","Tactician","Burst","Venomology+1","Corpse Explosion+1","Accuracy+1","Deflect","Crippling Poison","All Out Attack"],"relics":["Ring of the Snake","Ornamental Fan","Question Card","PreservedInsect","Astrolabe","Juzu Bracelet","Regal Pillow"],"acts_visited":["Exordium","TheCity"],"potions_floor_usage":[14,18,20,20,20,20,21,23,25,25],"damage_taken":[{"damage":0,"enemies":"2 Louse","floor":1,"turns":3},{"damage":0,"enemies":"Cultist","floor":2,"turns":4},{"damage":1,"enemies":"Small Slimes","floor":5,"turns":4},{"damage":3,"enemies":"Blue Slaver","floor":10,"turns":6},{"damage":15,"enemies":"Large Slime","floor":14,"turns":11},{"damage":64,"enemies":"The Guardian","floor":16,"turns":17},{"damage":0,"enemies":"Spheric Guardian","floor":18,"turns":3},{"damage":1,"enemies":"Chosen","floor":20,"turns":8},{"damage":32,"enemies":"Snecko","floor":21,"turns":6},{"damage":34,"enemies":"Slavers","floor":23,"turns":4},{"damage":14,"enemies":"Centurion and Healer","floor":25,"turns":6},{"damage":28,"enemies":"Cultist and Chosen","floor":27,"turns":4}],"seed_played":"-6389436452544680900","potions_obtained":[{"floor":2,"key":"ColorlessPotion"},{"floor":13,"key":"EssenceOfSteel"},{"floor":16,"key":"SkillPotion"},{"floor":20,"key":"AttackPotion"},{"floor":23,"key":"Swift Potion"}],"is_trial":false,"path_per_floor":["M","M","?","$","M","R","T","?","T","M","?","$","?","M","R","B",null,"M","?","M","M","$","E","R","M","T","M"],"character_chosen":"THE_SILENT","items_purchased":["Noxious Fumes","Catalyst","Crippling Poison"],"campfire_rested":2,"item_purchase_floors":[4,12,22],"current_hp_per_floor":[77,77,77,77,76,76,76,81,81,78,78,78,78,63,82,18,82,82,82,81,49,49,15,39,25,25,0,0],"gold":167,"neow_bonus":"TEN_PERCENT_HP_BONUS","is_daily":false,"chose_seed":false,"campfire_upgraded":1,"win_rate":0.0,"timestamp":1610970666,"path_taken":["M","M","?","$","?","R","?","?","T","M","?","$","?","?","R","BOSS","M","?","M","M","$","E","R","M","T","M"],"items_purchased_type":["Card","Card","Card"],"build_version":"2020-12-22","purchased_purges":0,"victory":false,"max_hp_per_floor":[77,77,77,77,77,77,77,82,82,82,82,82,82,82,82,82,82,82,82,82,82,82,82,82,82,82,82,82],"card_choices":[{"not_picked":["Sucker Punch","Well Laid Plans","PiercingWail"],"picked":"SKIP","floor":1},{"not_picked":["Setup","Acrobatics","PiercingWail"],"picked":"SKIP","floor":2},{"not_picked":["Escape Plan","Noxious Fumes"],"picked":"Blur","floor":5},{"not_picked":["Acrobatics","Distraction","Caltrops","Doppelganger"],"picked":"SKIP","floor":10},{"not_picked":["PiercingWail","All Out Attack","Concentrate"],"picked":"Tactician","floor":14},{"not_picked":["Malaise","Die Die Die","Envenom"],"picked":"Burst","floor":16},{"not_picked":["Heel Hook","Dagger Spray","Bane+1"],"picked":"Deflect","floor":18},{"not_picked":["Dash","Terror","Quick Slash","PiercingWail"],"picked":"SKIP","floor":20},{"not_picked":["Sucker Punch","Dagger Throw+1","Distraction","Predator"],"picked":"SKIP","floor":21},{"not_picked":["Acrobatics+1","Poisoned Stab","Setup+1"],"picked":"All Out Attack","floor":23},{"not_picked":["Sucker Punch","Concentrate","Flying Knee+1","Tactician"],"picked":"SKIP","floor":25}],"player_experience":46488,"relics_obtained":[{"floor":7,"key":"Question Card"},{"floor":9,"key":"PreservedInsect"},{"floor":23,"key":"Juzu Bracelet"},{"floor":26,"key":"Regal Pillow"}],"event_choices":[{"damage_healed":0,"gold_gain":0,"player_choice":"Gave Potion","damage_taken":0,"relics_obtained":["Ornamental Fan"],"max_hp_gain":0,"max_hp_loss":0,"event_name":"WeMeetAgain","floor":3,"gold_loss":0},{"damage_healed":0,"gold_gain":0,"player_choice":"Donut","damage_taken":0,"max_hp_gain":5,"max_hp_loss":0,"event_name":"Big Fish","floor":8,"gold_loss":0},{"damage_healed":0,"gold_gain":0,"player_choice":"Ignored","damage_taken":0,"max_hp_gain":0,"max_hp_loss":0,"event_name":"Liars Game","floor":11,"gold_loss":0},{"damage_healed":0,"gold_gain":0,"player_choice":"Bought 1 Potion","damage_taken":0,"max_hp_gain":0,"max_hp_loss":0,"event_name":"The Woman in Blue","floor":13,"gold_loss":0},{"damage_healed":0,"gold_gain":0,"player_choice":"Ignored","damage_taken":0,"max_hp_gain":0,"max_hp_loss":0,"event_name":"Beggar","floor":19,"gold_loss":0}],"is_beta":false,"boss_relics":[{"not_picked":["Tiny House","Pandora\u0027s Box"],"picked":"Astrolabe"}],"items_purged_floors":[],"is_endless":false,"potions_floor_spawned":[2,16,20,23],"killed_by":"Cultist and Chosen","ascension_level":2}}