{"host":"56d873i5r3uhle0q","time":1610956730,"event":{"mods":["100% Spire Juice","Act Like it!","Aspiration","BaseMod","Block Reminder","Conspire","Gensokyo","Hallownest","Hermit","Hubris","Infinite Spire","Jedi Mod","Marisa????????","Marked Mod","Minty Spire (QoL Compilation)","Replay The Spire","StSLib","The Animator","The Bug Knight","The Cursed","The Jungle","The Marked","The Servant 0.9.4","everything is the same but u backflip on backflip","vexMod","??????REMEMod"],"gold_per_floor":[109,109,128,146,159,193,34,34,86,100,100,100,24,24,24,121,121,339,314,314,314],"floor_reached":20,"language":"ENG","playtime":1009,"items_purged":[],"score":199,"play_id":"a80a4101-4453-401c-b8e9-439a3b29a379","local_time":"20210118005850","is_ascension_mode":false,"campfire_choices":[{"data":"ConjureBlade","floor":8.0,"key":"SMITH"},{"floor":12.0,"key":"REST"},{"floor":15,"key":"REST"}],"circlet_count":0,"master_deck":["Strike_P","Strike_P","Strike_P","Strike_P","Defend_P+1","Defend_P","Defend_P","Defend_P+1","Eruption","Vigilance+1","ReplayTheSpireMod:Brewmster+1","ConjureBlade+1","Ragnarok+1","DeusExMachina+1","REME_Repentance"],"relics":["PureWater","REME_ComplimentaryCards","aspiration:Nostalgia","Burning Blood","Strawberry","vexMod:ImprovementManual","Pet Ghost","Peace Pipe"],"acts_visited":["Gensokyo:Gensokyo","TheCity"],"potions_floor_usage":[19,20,20,20,20,20,20],"damage_taken":[{"damage":22.0,"enemies":"Gensokyo:3_Fairies","floor":1.0,"turns":9.0},{"damage":14.0,"enemies":"Gensokyo:Python","floor":3.0,"turns":3.0},{"damage":2.0,"enemies":"Gensokyo:Gryphon","floor":4.0,"turns":6.0},{"damage":6.0,"enemies":"Gensokyo:2_Rabbits","floor":5.0,"turns":9.0},{"damage":0.0,"enemies":"Gensokyo:Mamizou","floor":6.0,"turns":5.0},{"damage":42.0,"enemies":"Gensokyo:LivingMonolith","floor":10.0,"turns":5.0},{"damage":52,"enemies":"Gensokyo:Reimu","floor":16,"turns":9},{"damage":42,"enemies":"3 Byrds","floor":18,"turns":7},{"damage":35,"enemies":"2 Thieves","floor":19,"turns":5},{"damage":14,"enemies":"Snecko","floor":20,"turns":3}],"seed_played":"-2243946941533657980","potions_obtained":[{"floor":6.0,"key":"ColorlessPotion"},{"floor":19,"key":"SkillPotion"}],"is_trial":false,"path_per_floor":["M","?","M","M","M","E","COS","R","T","M","?","R","$","?","R","B",null,"M","M","M"],"character_chosen":"WATCHER","items_purchased":["Ragnarok"],"campfire_rested":2,"item_purchase_floors":[13],"current_hp_per_floor":[56,63,55,59,59,72,72,72,72,36,36,59,59,67,79,33,79,43,14,0,0],"gold":314,"neow_bonus":"NOSTALGIA","is_daily":false,"chose_seed":false,"campfire_upgraded":1,"win_rate":0.0,"timestamp":1610956730,"path_taken":["M","?","M","?","M","E","COS","R","T","M","?","R","$","?","R","BOSS","M","?","?"],"items_purchased_type":["Card"],"build_version":"2020-12-22","purchased_purges":0,"victory":false,"max_hp_per_floor":[72,72,72,72,72,79,79,79,79,79,79,79,79,79,79,79,79,79,79,79,79],"card_choices":[{"not_picked":["JustLucky","Replay:BluntJabs","Halt"],"picked":"SKIP","floor":1.0},{"not_picked":["CutThroughFate","FollowUp","ThirdEye"],"picked":"SKIP","floor":3.0},{"not_picked":["EmptyBody","TalkToTheHand"],"picked":"ConjureBlade","floor":4.0},{"not_picked":["PathToVictory","Worship","TalkToTheHand"],"picked":"SKIP","floor":5.0},{"not_picked":["Crescendo","EmptyFist","TalkToTheHand"],"picked":"SKIP","floor":6.0},{"not_picked":["FlyingSleeves","MarkedMod:FirstStrike","FlurryOfBlows"],"picked":"SKIP","floor":10.0},{"not_picked":["Blasphemy","MarkedMod:SlowDance"],"picked":"DeusExMachina","floor":16},{"not_picked":["ClearTheMind+1","Replay:AtTheReady+1"],"picked":"REME_Repentance","floor":18},{"not_picked":["Prostrate","Consecrate","CarveReality"],"picked":"SKIP","floor":19}],"player_experience":552642,"relics_obtained":[{"floor":6.0,"key":"Strawberry"}],"event_choices":[],"is_beta":false,"boss_relics":[{"not_picked":["Runic Pyramid","hubris:TerracottaHorce"],"picked":"vexMod:ImprovementManual"}],"items_purged_floors":[],"is_endless":false,"potions_floor_spawned":[6,10,16,19],"killed_by":"Snecko","ascension_level":0}}