{"host":"6r3ioyv75hs1gp74","time":1610969499,"event":{"mods":["AchievementEnabler","Act Like it!","BaseMod","Better Sensory Stone","Better Third Choice","Block Reminder","Colored Map","Colored Powertips","Curses Come First","Minty Spire (QoL Compilation)","StSLib"],"gold_per_floor":[113,126,144,104,115,115,128,161,161,174,174,30,30,105,105,203,203,214,230,243,15,30,62,62,82,82,82,31,44,44,44,44,149,149,168,180,197,212,39,39,39,39,64,90,108,108,118,133,133,133,133,133,8,41,41,41],"floor_reached":55,"language":"ENG","playtime":3653,"items_purged":["Strike_G","Defend_G","Strike_G"],"score":758,"play_id":"91e7d181-7660-4aaf-a582-e368c9340c93","local_time":"20210118113139","is_ascension_mode":true,"campfire_choices":[{"floor":6,"key":"REST"},{"data":"Neutralize","floor":11,"key":"SMITH"},{"data":"Tools of the Trade","floor":15,"key":"SMITH"},{"floor":24,"key":"REST"},{"data":"Noxious Fumes","floor":27,"key":"SMITH"},{"data":"Noxious Fumes","floor":32,"key":"SMITH"},{"floor":40,"key":"RECALL"},{"data":"After Image","floor":42,"key":"SMITH"},{"data":"Envenom","floor":46,"key":"SMITH"},{"data":"Accuracy","floor":49,"key":"SMITH"},{"data":"Blade Dance","floor":52,"key":"SMITH"}],"circlet_count":0,"master_deck":["Defend_G","Defend_G","Defend_G","Survivor","Neutralize+1","Dash","Caltrops","Slice","Blade Dance+1","Backstab","Noxious Fumes+1","Tools of the Trade+1","Blur","Poisoned Stab","Finisher","Glass Knife","Corpse Explosion","Accuracy+1","Poisoned Stab+1","Cloak And Dagger+1","Blade Dance+1","Catalyst+1","Backflip","Noxious Fumes+1","After Image+1","Bouncing Flask+1","Heel Hook+1","Blur+1","Well Laid Plans+1","Outmaneuver+1","Envenom+1","Backstab","Deflect+1"],"relics":["Ring of the Serpent","CaptainsWheel","Question Card","Eternal Feather","Orrery","Mango","Happy Flower","Pear","Shuriken","Astrolabe","Potion Belt","Blood Vial"],"acts_visited":["Exordium","TheCity","TheBeyond","TheEnding"],"potions_floor_usage":[16,16,20,22,25,33,33,37,44,44,50,50,50,50],"damage_taken":[{"damage":4,"enemies":"2 Louse","floor":1,"turns":3},{"damage":0,"enemies":"Cultist","floor":2,"turns":3},{"damage":3,"enemies":"Jaw Worm","floor":3,"turns":4},{"damage":1,"enemies":"Gremlin Gang","floor":5,"turns":7},{"damage":0,"enemies":"Looter","floor":7,"turns":4},{"damage":7,"enemies":"Gremlin Nob","floor":8,"turns":5},{"damage":3,"enemies":"Exordium Wildlife","floor":10,"turns":4},{"damage":29,"enemies":"The Guardian","floor":16,"turns":8},{"damage":15,"enemies":"2 Thieves","floor":18,"turns":2},{"damage":13,"enemies":"Shell Parasite","floor":19,"turns":6},{"damage":33,"enemies":"Shelled Parasite and Fungi","floor":20,"turns":5},{"damage":1,"enemies":"3 Cultists","floor":22,"turns":4},{"damage":18,"enemies":"Book of Stabbing","floor":23,"turns":4},{"damage":10,"enemies":"Chosen and Byrds","floor":25,"turns":3},{"damage":0,"enemies":"Sentry and Sphere","floor":29,"turns":4},{"damage":65,"enemies":"Automaton","floor":33,"turns":7},{"damage":14,"enemies":"Orb Walker","floor":35,"turns":3},{"damage":0,"enemies":"3 Shapes","floor":36,"turns":4},{"damage":33,"enemies":"Jaw Worm Horde","floor":37,"turns":3},{"damage":22,"enemies":"Transient","floor":38,"turns":5},{"damage":7,"enemies":"Reptomancer","floor":44,"turns":4},{"damage":0,"enemies":"Maw","floor":45,"turns":5},{"damage":0,"enemies":"3 Darklings","floor":47,"turns":4},{"damage":3,"enemies":"4 Shapes","floor":48,"turns":2},{"damage":61,"enemies":"Awakened One","floor":50,"turns":12},{"damage":56,"enemies":"Shield and Spear","floor":54,"turns":5},{"damage":58,"enemies":"The Heart","floor":55,"turns":2}],"seed_played":"-3278862614437058202","potions_obtained":[{"floor":4,"key":"EssenceOfSteel"},{"floor":4,"key":"Block Potion"},{"floor":4,"key":"Strength Potion"},{"floor":10,"key":"Poison Potion"},{"floor":19,"key":"SteroidPotion"},{"floor":20,"key":"AttackPotion"},{"floor":23,"key":"PowerPotion"},{"floor":25,"key":"FearPotion"},{"floor":35,"key":"FearPotion"},{"floor":38,"key":"Dexterity Potion"},{"floor":41,"key":"DistilledChaos"},{"floor":45,"key":"BlessingOfTheForge"},{"floor":47,"key":"Swift Potion"},{"floor":48,"key":"SteroidPotion"}],"is_trial":false,"path_per_floor":["M","M","M","?","M","R","M","E","T","M","R","$","T","?","R","B",null,"M","M","M","$","M","E","R","M","T","R","$","M","$","?","R","B",null,"M","M","M","M","$","R","?","R","T","E","M","R","M","M","R","B",null,"R","$","E","B"],"character_chosen":"THE_SILENT","items_purchased":["Orrery","Happy Flower","AttackPotion","LiquidMemories"],"campfire_rested":2,"item_purchase_floors":[12,21,28,39],"current_hp_per_floor":[45,45,42,42,41,62,62,55,55,52,61,61,75,67,79,50,84,69,56,23,23,22,14,57,47,47,62,62,62,62,62,77,12,94,80,80,47,25,25,43,43,61,61,54,54,72,72,69,87,26,94,94,94,38,0,0],"gold":41,"neow_bonus":"ONE_RARE_RELIC","is_daily":false,"chose_seed":false,"campfire_upgraded":8,"win_rate":0.0,"timestamp":1610969499,"path_taken":["M","M","M","?","?","R","M","E","T","M","R","$","?","?","R","BOSS","M","?","M","$","M","E","R","M","T","R","?","M","$","?","R","BOSS","M","M","M","?","$","R","?","R","T","E","?","R","M","M","R","BOSS","R","$","E","BOSS"],"items_purchased_type":["Relic","Relic","Potion","Potion"],"build_version":"2020-12-22","purchased_purges":3,"victory":false,"max_hp_per_floor":[70,70,70,70,70,70,70,70,70,70,70,70,84,84,84,84,84,84,84,84,84,84,94,94,94,94,94,94,94,94,94,94,94,94,94,94,94,94,94,94,94,94,94,94,94,94,94,94,94,94,94,94,94,94,94,94],"card_choices":[{"not_picked":["Dagger Spray","Blade Dance"],"picked":"Dash","floor":1},{"not_picked":["Acrobatics","Prepared"],"picked":"Caltrops","floor":2},{"not_picked":["Underhanded Strike","Acrobatics"],"picked":"Slice","floor":3},{"not_picked":["Crippling Poison","Deflect","Calculated Gamble"],"picked":"SKIP","floor":5},{"not_picked":["Dodge and Roll","Acrobatics"],"picked":"Blade Dance","floor":7},{"not_picked":["Unload","Underhanded Strike"],"picked":"Backstab","floor":8},{"not_picked":["Acrobatics","Sucker Punch","Dagger Throw"],"picked":"Noxious Fumes","floor":10},{"not_picked":["Outmaneuver","Backflip","Catalyst"],"picked":"Tools of the Trade","floor":12},{"not_picked":["PiercingWail","Bullet Time","Calculated Gamble"],"picked":"Blur","floor":12},{"not_picked":["Prepared","Backflip","Footwork"],"picked":"Poisoned Stab","floor":12},{"not_picked":["Tactician","Dagger Throw","Underhanded Strike"],"picked":"Finisher","floor":12},{"not_picked":["Prepared","Deadly Poison","Bane"],"picked":"Glass Knife","floor":12},{"not_picked":["Phantasmal Killer","Wraith Form v2","Tools of the Trade"],"picked":"Corpse Explosion","floor":16},{"not_picked":["Poisoned Stab","Blur","Deadly Poison+1"],"picked":"Accuracy","floor":18},{"not_picked":["Dagger Spray","Quick Slash","Dodge and Roll"],"picked":"Poisoned Stab+1","floor":19},{"not_picked":["Footwork","Flying Knee","Heel Hook"],"picked":"Cloak And Dagger+1","floor":20},{"not_picked":["Deadly Poison","PiercingWail+1","Underhanded Strike"],"picked":"Blade Dance+1","floor":22},{"not_picked":["Storm of Steel","Unload","Accuracy"],"picked":"Catalyst+1","floor":23},{"not_picked":["Bane","PiercingWail","Prepared"],"picked":"Backflip","floor":25},{"not_picked":["Underhanded Strike","Blur+1","Quick Slash+1"],"picked":"Noxious Fumes","floor":29},{"not_picked":["Corpse Explosion","Unload","A Thousand Cuts"],"picked":"After Image","floor":33},{"not_picked":["Outmaneuver","Dash","Crippling Poison+1","Dagger Spray"],"picked":"SKIP","floor":35},{"not_picked":["Underhanded Strike+1","Blade Dance","PiercingWail+1"],"picked":"Well Laid Plans+1","floor":36},{"not_picked":["Cloak And Dagger","Backflip","Sucker Punch+1"],"picked":"Outmaneuver+1","floor":37},{"not_picked":["PiercingWail","Cloak And Dagger","Masterful Stab+1","Sucker Punch"],"picked":"SKIP","floor":38},{"not_picked":["Footwork","Leg Sweep+1","Sucker Punch+1"],"picked":"Envenom","floor":44},{"not_picked":["Bane+1","Quick Slash+1","Dagger Throw"],"picked":"Backstab","floor":45},{"not_picked":["Prepared","All Out Attack","Blade Dance+1","Sucker Punch"],"picked":"SKIP","floor":47},{"not_picked":["Footwork","Eviscerate+1","Quick Slash+1","Dagger Throw+1"],"picked":"SKIP","floor":48},{"not_picked":["PiercingWail+1","Poisoned Stab","A Thousand Cuts"],"picked":"Deflect+1","floor":54}],"player_experience":93593,"relics_obtained":[{"floor":8,"key":"Question Card"},{"floor":9,"key":"Eternal Feather"},{"floor":13,"key":"Mango"},{"floor":23,"key":"Pear"},{"floor":26,"key":"Shuriken"},{"floor":44,"key":"Potion Belt"},{"floor":54,"key":"Blood Vial"}],"event_choices":[{"damage_healed":0,"gold_gain":0,"player_choice":"Bought 3 Potions","damage_taken":0,"max_hp_gain":0,"max_hp_loss":0,"event_name":"The Woman in Blue","floor":4,"gold_loss":0},{"damage_healed":0,"gold_gain":75,"player_choice":"Touch","damage_taken":8,"max_hp_gain":0,"max_hp_loss":0,"event_name":"FaceTrader","floor":14,"gold_loss":0},{"cards_removed":["Strike_G"],"damage_healed":0,"gold_gain":0,"player_choice":"Purged","damage_taken":0,"max_hp_gain":0,"max_hp_loss":0,"event_name":"Purifier","floor":31,"gold_loss":0},{"damage_healed":0,"gold_gain":0,"player_choice":"Got Potions","damage_taken":0,"max_hp_gain":0,"max_hp_loss":0,"event_name":"Lab","floor":41,"gold_loss":0}],"is_beta":false,"boss_relics":[{"not_picked":["Coffee Dripper","Runic Dome"],"picked":"Ring of the Serpent"},{"not_picked":["Pandora\u0027s Box","SlaversCollar"],"picked":"Astrolabe"}],"items_purged_floors":[21,39,53],"is_endless":false,"potions_floor_spawned":[7,10,19,20,23,25,35,38,45,47,48],"killed_by":"The Heart","ascension_level":1}}