{"host":"pi8b3ffzwvxqztac","time":1610967723,"event":{"mods":["BaseMod","Colored Map","Downfall","Minty Spire (QoL Compilation)","StSLib","The Jungle"],"gold_per_floor":[99,119,134,119,139,39,111,131,131,146,46,65,65,83,98,172,172,172,184,184,202,102,102,127,112,112,112,112],"floor_reached":26,"language":"ENG","playtime":1527,"items_purged":[],"score":400,"play_id":"98f88c01-9072-4767-b4d2-dbb507239e5d","local_time":"20210119000203","is_ascension_mode":true,"campfire_choices":[{"floor":1,"key":"RECALL"},{"floor":6,"key":"REST"},{"data":"Metamorphosis","floor":11,"key":"SMITH"},{"data":"Guardian:Repulse","floor":13,"key":"SMITH"},{"data":"Guardian:PiercingHide","floor":18,"key":"SMITH"},{"floor":23,"key":"REST"}],"circlet_count":0,"master_deck":["AscendersBane","Guardian:Strike_Guardian","Guardian:Strike_Guardian","Guardian:Strike_Guardian","Guardian:Strike_Guardian","Guardian:Defend_Guardian","Guardian:Defend_Guardian","Guardian:Defend_Guardian","Guardian:Defend_Guardian","Guardian:CurlUp","Guardian:TwinSlam","Metamorphosis+1","Guardian:SpikerProtocol","Guardian:BronzeOrb","Guardian:Harden","Guardian:SentryBeam+1","Guardian:BronzeArmor","Guardian:PiercingHide+1","Guardian:Repulse+1","Guardian:Planning","Guardian:ExploitGems","Guardian:SentryBeam","Guardian:Orbwalk","Guardian:Gem_Purple"],"relics":["Guardian:ModeShifter","downfall:HeartBlessingRed","downfall:HeartBlessingBlue","Black Star","Oddly Smooth Stone"],"acts_visited":["Exordium","Exordium"],"potions_floor_usage":[10,16,16,21,26],"damage_taken":[{"damage":2,"enemies":"Cultist","floor":2,"turns":4},{"damage":12,"enemies":"Small Slimes","floor":3,"turns":5},{"damage":5,"enemies":"downfall:FleeingMerchant","floor":4,"turns":4},{"damage":6,"enemies":"2 Louse","floor":5,"turns":4},{"damage":2,"enemies":"2 Fungi Beasts","floor":8,"turns":4},{"damage":9,"enemies":"Exordium Wildlife","floor":10,"turns":3},{"damage":4,"enemies":"Red Slaver","floor":12,"turns":3},{"damage":8,"enemies":"Large Slime","floor":14,"turns":3},{"damage":6,"enemies":"Exordium Thugs","floor":15,"turns":6},{"damage":9,"enemies":"DF_ARCHETYPE_STREAMLINE","floor":16,"turns":12},{"damage":36,"enemies":"theJungle:GiantWrat","floor":19,"turns":7},{"damage":8,"enemies":"theJungle:5_Spyders","floor":21,"turns":8},{"damage":0,"enemies":"downfall:FleeingMerchant","floor":25,"turns":4},{"damage":49,"enemies":"theJungle:Cassacara","floor":26,"turns":6}],"seed_played":"9208629776349845063","potions_obtained":[{"floor":2,"key":"Swift Potion"},{"floor":8,"key":"AttackPotion"},{"floor":10,"key":"EssenceOfSteel"},{"floor":16,"key":"sneckomod:MuddlingPotion"}],"is_trial":false,"path_per_floor":["R","M","M","$","M","R","T","M","?","M","R","M","R","M","M","B",null,"R","M","?","M","?","R","T","$","E"],"character_chosen":"GUARDIAN","items_purchased":[],"campfire_rested":2,"item_purchase_floors":[],"current_hp_per_floor":[47,45,33,28,22,43,43,41,41,32,42,38,38,30,24,15,65,65,29,29,21,21,45,45,45,0,0,0],"gold":112,"neow_bonus":"RANDOM_COLORLESS_2","is_daily":false,"chose_seed":false,"campfire_upgraded":3,"win_rate":0.0,"timestamp":1610967723,"path_taken":["R","M","M","$","?","R","T","M","?","M","R","M","R","M","M","BOSS","R","M","?","M","?","R","T","$","E"],"items_purchased_type":[],"build_version":"2020-12-22","purchased_purges":0,"victory":false,"max_hp_per_floor":[72,72,72,72,72,72,72,72,72,72,82,82,82,82,82,82,82,82,82,82,82,82,82,82,82,82,82,82],"card_choices":[{"not_picked":["Master of Strategy","Violence"],"picked":"Metamorphosis","floor":0},{"not_picked":["Guardian:ShieldCharger","Guardian:Suspension"],"picked":"Guardian:SpikerProtocol","floor":2},{"not_picked":["Guardian:EvasiveProtocol","Guardian:DonusPower"],"picked":"Guardian:BronzeOrb","floor":3},{"not_picked":["Guardian:ChargeCore","Guardian:WalkerClaw"],"picked":"Guardian:Harden","floor":4},{"not_picked":["Guardian:Gem_Blue","Guardian:CrystalBeam"],"picked":"Guardian:SentryBeam","floor":5},{"not_picked":["Guardian:Gem_Red","Guardian:Reroute"],"picked":"Guardian:BronzeArmor","floor":8},{"not_picked":["Guardian:ArmoredProtocol","Guardian:RollAttack"],"picked":"Guardian:PiercingHide","floor":10},{"not_picked":["Guardian:PrismaticBarrier","Guardian:FastForward"],"picked":"Guardian:Repulse","floor":12},{"not_picked":["Guardian:PrimingBeam","Guardian:PrismaticBarrier","Guardian:CrystalBeam"],"picked":"SKIP","floor":14},{"not_picked":["Guardian:PrimingBeam","Guardian:Suspension"],"picked":"Guardian:Planning","floor":15},{"not_picked":["Guardian:TimeSifter","Guardian:HyperBeam_Guardian"],"picked":"Guardian:ExploitGems","floor":16},{"not_picked":["Guardian:WalkerClaw","Guardian:DonusPower"],"picked":"Guardian:SentryBeam","floor":19},{"not_picked":["Guardian:Gem_Lightblue","Guardian:Recover"],"picked":"Guardian:Orbwalk","floor":21},{"not_picked":["Guardian:RollAttack","Guardian:Incinerate"],"picked":"Guardian:Gem_Purple","floor":25}],"player_experience":537412,"relics_obtained":[{"floor":24,"key":"Oddly Smooth Stone"}],"event_choices":[{"damage_healed":0,"gold_gain":0,"player_choice":"Grow","damage_taken":0,"max_hp_gain":0,"max_hp_loss":0,"event_name":"Living Wall","floor":9,"gold_loss":0,"cards_upgraded":["Guardian:SentryBeam"]}],"is_beta":false,"boss_relics":[{"not_picked":["Guardian:StasisSlotReductionRelic","Runic Pyramid"],"picked":"Black Star"}],"items_purged_floors":[],"is_endless":false,"potions_floor_spawned":[2,8,10,12,16],"killed_by":"theJungle:Cassacara","ascension_level":20}}