{"host":"yn8qackkbxgt4nh1","time":1610960679,"event":{"mods":["BaseMod","Colored Map","Colored Powertips","DeckTracker","Minty Spire (QoL Compilation)","SuperFastMode"],"gold_per_floor":[110,110,110,160,178,211,211,241,317,331,351,194,226,252,264,351,363,394,406,418,440,452,464,476,488,488],"floor_reached":25,"language":"KOR","playtime":744,"items_purged":["Strike_G"],"score":462,"play_id":"f014fdd1-3611-4d2e-b43c-62ca81a44726","local_time":"20210118180439","is_ascension_mode":true,"campfire_choices":[{"data":"Crippling Poison","floor":7.0,"key":"SMITH"},{"data":"Riddle With Holes","floor":15,"key":"SMITH"}],"circlet_count":0,"master_deck":["AscendersBane","Strike_G","Strike_G","Defend_G","Defend_G","Defend_G","Defend_G","Survivor+1","Neutralize","Dagger Throw","Dagger Throw","Crippling Poison+1","Blur+1","Riddle With Holes+1","Bouncing Flask","Underhanded Strike","Malaise","Footwork+1","Distraction+1","Escape Plan+1","Prepared"],"relics":["Ring of the Snake","NeowsBlessing","Tiny Chest","Eternal Feather","Unceasing Top","Vajra","Matryoshka","MawBank","Astrolabe","Frozen Egg 2","War Paint"],"acts_visited":["Exordium","TheCity"],"potions_floor_usage":[13,16,16,23],"damage_taken":[{"damage":0.0,"enemies":"Cultist","floor":1.0,"turns":1.0},{"damage":0.0,"enemies":"Jaw Worm","floor":5.0,"turns":1.0},{"damage":0.0,"enemies":"3 Sentries","floor":6.0,"turns":2.0},{"damage":17.0,"enemies":"Lagavulin","floor":8.0,"turns":5.0},{"damage":0.0,"enemies":"Small Slimes","floor":10.0,"turns":2.0},{"damage":2.0,"enemies":"2 Fungi Beasts","floor":11.0,"turns":4.0},{"damage":6,"enemies":"Gremlin Nob","floor":13,"turns":3},{"damage":2,"enemies":"Exordium Wildlife","floor":14,"turns":4},{"damage":5,"enemies":"Slime Boss","floor":16,"turns":10},{"damage":11,"enemies":"2 Thieves","floor":18,"turns":5},{"damage":5,"enemies":"3 Byrds","floor":21,"turns":6},{"damage":16,"enemies":"Slavers","floor":23,"turns":2},{"damage":25,"enemies":"3 Cultists","floor":25,"turns":5}],"seed_played":"-3455146274978886266","potions_obtained":[{"floor":5.0,"key":"SteroidPotion"},{"floor":8.0,"key":"Fire Potion"},{"floor":11.0,"key":"EssenceOfSteel"},{"floor":14,"key":"PowerPotion"},{"floor":18,"key":"SmokeBomb"}],"is_trial":false,"path_per_floor":["M","T","?","?","M","E","R","E","T","M","M","$","E","M","R","B",null,"M","T","?","M","?","E","?","M"],"character_chosen":"THE_SILENT","items_purchased":["Bouncing Flask"],"campfire_rested":0,"item_purchase_floors":[12],"current_hp_per_floor":[59,59,48,48,48,48,57,40,40,40,38,38,32,30,39,34,58,47,47,29,24,24,8,22,0,0],"gold":488,"neow_bonus":"THREE_ENEMY_KILL","is_daily":false,"chose_seed":false,"campfire_upgraded":2,"win_rate":0.0,"timestamp":1610960679,"path_taken":["M","?","?","?","M","E","R","E","T","M","?","$","E","M","R","BOSS","M","?","?","M","?","E","?","M"],"items_purchased_type":["Card"],"build_version":"2020-12-22","purchased_purges":1,"victory":false,"max_hp_per_floor":[66,66,66,66,66,66,66,66,66,66,66,66,66,66,66,66,66,66,66,71,71,71,71,71,71,71],"card_choices":[{"not_picked":["PiercingWail","Terror"],"picked":"Dagger Throw","floor":1.0},{"not_picked":["Eviscerate","Accuracy"],"picked":"Dagger Throw","floor":5.0},{"not_picked":["Dagger Throw","Backstab"],"picked":"Crippling Poison","floor":6.0},{"not_picked":["Outmaneuver","Accuracy","Quick Slash"],"picked":"SKIP","floor":8.0},{"not_picked":["All Out Attack","Dagger Spray"],"picked":"Blur","floor":10.0},{"not_picked":["Blade Dance","Concentrate"],"picked":"Riddle With Holes","floor":11.0},{"not_picked":["Skewer","Accuracy"],"picked":"Underhanded Strike","floor":13},{"not_picked":["Sucker Punch","Blade Dance","Flying Knee"],"picked":"SKIP","floor":14},{"not_picked":["Wraith Form v2","Doppelganger"],"picked":"Malaise","floor":16},{"not_picked":["Outmaneuver+1","Heel Hook","Quick Slash"],"picked":"SKIP","floor":18},{"not_picked":["Flying Knee","Dash"],"picked":"Prepared","floor":21}],"player_experience":687176,"relics_obtained":[{"floor":2.0,"key":"Tiny Chest"},{"floor":6.0,"key":"Unceasing Top"},{"floor":8.0,"key":"Vajra"},{"floor":9.0,"key":"Matryoshka"},{"floor":13,"key":"MawBank"},{"floor":19,"key":"Frozen Egg 2"},{"floor":19,"key":"War Paint"}],"event_choices":[{"damage_healed":0.0,"max_hp_gain":0.0,"max_hp_loss":0.0,"gold_gain":0.0,"event_name":"Scrap Ooze","player_choice":"Success","floor":3.0,"gold_loss":0.0,"damage_taken":11.0,"relics_obtained":["Eternal Feather"]},{"damage_healed":0.0,"max_hp_gain":0.0,"max_hp_loss":0.0,"gold_gain":50.0,"event_name":"Golden Shrine","player_choice":"Pray","floor":4.0,"gold_loss":0.0,"damage_taken":0.0},{"damage_healed":0,"gold_gain":0,"player_choice":"Shed Blood","damage_taken":23,"max_hp_gain":5,"max_hp_loss":0,"event_name":"Forgotten Altar","floor":20,"gold_loss":0},{"damage_healed":0,"gold_gain":0,"player_choice":"Ignored","damage_taken":0,"max_hp_gain":0,"max_hp_loss":0,"event_name":"The Mausoleum","floor":22,"gold_loss":0},{"damage_healed":14,"gold_gain":0,"player_choice":"Heal","damage_taken":0,"max_hp_gain":0,"max_hp_loss":0,"event_name":"The Library","floor":24,"gold_loss":0}],"is_beta":false,"boss_relics":[{"not_picked":["Velvet Choker","SacredBark"],"picked":"Astrolabe"}],"items_purged_floors":[12],"is_endless":false,"potions_floor_spawned":[5,8,11,14,18,23],"killed_by":"3 Cultists","ascension_level":15}}