{"host":"ojme7g6xlqwffsso","time":1610976310,"event":{"mods":["BaseMod","Better Third Choice","Infinite Spire","Lobotomy","Minty Spire (QoL Compilation)","Quick Restart","Replay The Spire","Shop Mod","StSLib"],"gold_per_floor":[117,117,127,146,165,165,196,196,220,220,220,220,68,99,99,99,99],"floor_reached":16,"language":"ENG","playtime":445,"items_purged":[],"score":108,"play_id":"d51c4de8-1fe4-4514-8000-63e2c4be9ba9","local_time":"20210118222510","is_ascension_mode":false,"campfire_choices":[{"data":"Eclipse","floor":6,"key":"SMITH"},{"data":"infinitespire:Collect","floor":10,"key":"SMITH"},{"data":"ReplayTheSpireMod:LeadingStrike","floor":15,"key":"SMITH"}],"circlet_count":0,"master_deck":["Strike_R","Strike_R","Strike_R","Defend_R","Defend_R","Defend_R","Defend_R","Bash","Flex","OldLady","Exhume","ReplayTheSpireMod:LeadingStrike+1","Eclipse+1","OSAHOGD","Infernal Blade","Wellcheers","Second Wind","infinitespire:Collect+1","DespairKnight","Sever Soul"],"relics":["Burning Blood","CogitoBucket","RabbitCall","ReplayTheSpireMod:Spearhead","Gremlin Food","Darkstone Periapt","Brimstone","infinitespire:Beetle Shell"],"acts_visited":["Exordium"],"potions_floor_usage":[],"damage_taken":[{"damage":8,"enemies":"Jaw Worm","floor":1,"turns":5},{"damage":1,"enemies":"Cultist","floor":3,"turns":3},{"damage":2,"enemies":"Small Slimes","floor":4,"turns":4},{"damage":5,"enemies":"Looter","floor":5,"turns":2},{"damage":14,"enemies":"Lagavulin","floor":7,"turns":7},{"damage":11,"enemies":"3 Sentries","floor":14,"turns":3},{"damage":53,"enemies":"Hexaghost","floor":16,"turns":5}],"seed_played":"-2122042519201635656","potions_obtained":[{"floor":1,"key":"Flashbang"},{"floor":4,"key":"BlessingOfTheForge"}],"is_trial":false,"path_per_floor":["M","?","M","M","M","R","E","?","T","R","?","T","$","E","R","B"],"character_chosen":"IRONCLAD","items_purchased":["Brimstone"],"campfire_rested":0,"item_purchase_floors":[13],"current_hp_per_floor":[78,78,80,80,80,80,72,53,53,53,53,53,53,51,51,0,0],"gold":99,"neow_bonus":"","is_daily":false,"chose_seed":false,"campfire_upgraded":3,"win_rate":0.0,"timestamp":1610976310,"path_taken":["M","?","M","M","?","R","E","?","T","R","?","?","?","E","R","BOSS"],"items_purchased_type":["Relic"],"build_version":"2020-12-22","purchased_purges":0,"victory":false,"max_hp_per_floor":[80,80,80,80,80,80,80,80,80,80,80,80,80,80,80,80,80],"card_choices":[{"not_picked":["Thunderclap","Run Through"],"picked":"Flex","floor":1},{"not_picked":["MHz","VoidDream"],"picked":"OldLady","floor":1},{"not_picked":["Sentinel","Bloodletting"],"picked":"ReplayTheSpireMod:LeadingStrike","floor":3},{"not_picked":["True Grit","Body Slam"],"picked":"Eclipse","floor":4},{"not_picked":["Scorched","CherryBlossoms"],"picked":"OSAHOGD","floor":4},{"not_picked":["Blood for Blood","Armaments"],"picked":"Infernal Blade","floor":5},{"not_picked":["LaLuna","ShyLook"],"picked":"Wellcheers","floor":7},{"not_picked":["Barricade","Dropkick"],"picked":"Second Wind","floor":7},{"not_picked":["Replay:Fractal Strike","ReplayTheSpireMod:Chaos Vortex"],"picked":"infinitespire:Collect","floor":8},{"not_picked":["MHz","Bloodbath"],"picked":"DespairKnight","floor":14},{"not_picked":["Second Wind","ReplayReversal"],"picked":"Sever Soul","floor":14}],"player_experience":770301,"relics_obtained":[{"floor":7,"key":"ReplayTheSpireMod:Spearhead"},{"floor":9,"key":"Gremlin Food"},{"floor":12,"key":"Darkstone Periapt"},{"floor":14,"key":"infinitespire:Beetle Shell"}],"event_choices":[{"damage_healed":0,"gold_gain":0,"cards_transformed":["Strike_R"],"player_choice":"Transformed","damage_taken":0,"max_hp_gain":0,"max_hp_loss":0,"event_name":"Transmorgrifier","floor":2,"gold_loss":0,"cards_obtained":["Exhume"]}],"is_beta":false,"boss_relics":[],"items_purged_floors":[],"is_endless":false,"potions_floor_spawned":[1,4],"killed_by":"Hexaghost","ascension_level":0}}