{"host":"lh9qfzqeqctr28d2","time":1610962520,"event":{"mods":["BaseMod","Luminous","Minty Spire (QoL Compilation)","Quick Restart","Relic Stats","Remilia£®¿Ÿ√◊¿Ú—«£©","Replay The Spire","StSLib","Yakumo Yukari mod"],"gold_per_floor":[119,133,208,208,59,89,89,111,111,138,88,88,88,153,153,271,271,313,340,0,0,28,75,75,123,123,162,162,87,129,161,161,289,289,326,123,165,198,241,297,297,373,396,396,436,22,100,100,100,136,136,140],"floor_reached":53,"language":"ZHS","playtime":2699,"items_purged":["Hallucinations","Defend_RM"],"score":1393,"play_id":"145901c5-5365-4836-ac96-e4555fffe03c","local_time":"20210118173520","is_ascension_mode":true,"campfire_choices":[{"floor":7.0,"key":"RECALL"},{"data":"ScarletSymphony","floor":15.0,"key":"SMITH"},{"data":"ScarletNetherworld","floor":24.0,"key":"SMITH"},{"data":"ScarletMeister","floor":28.0,"key":"SMITH"},{"data":"RedMoon","floor":32,"key":"SMITH"},{"data":"ScarletImprint","floor":41,"key":"SMITH"},{"data":"Limit Break","floor":51,"key":"SMITH"}],"circlet_count":0,"master_deck":["Strike_RM","Defend_RM","Defend_RM+1","RedMoon+1","ScarletShoot","BombardNight+1","ScarletSymphony+1","LeisurelyOfLord","BloodHunter","RedRainbow+1","StarOfDavid+1","ScarletMeister+1","ScarletCoffin+1","TransientEternity+1","FitfulNightmare+1","SuperhumanBloodyKnife+1","ScarletNetherworld+1","TricksterDevil+1","ForecastOfChange","HunterOfTheNight","ScarletImprint+1","Limit Break+1"],"relics":["ScarletHat","Counterbalance","ReplayTheSpireMod:TigerMarble","Replay:Bandana","ReplayTheSpireMod:Ring of Addiction","Ring of Fury","Toy Ornithopter","Potion Belt","Thread and Needle","Astrolabe","Nloth\u0027s Gift","Blue Doll","Sundial","PreservedInsect","Gremlin Horn","Coffee Dripper","BargainBundle","Peace Pipe","Centennial Puzzle","Replay:Bottled Steam","Durian","Pear","Whetstone","Garlic","Mercury Hourglass","PrismaticShard","Girya"],"acts_visited":["Exordium","TheCity","TheBeyond"],"potions_floor_usage":[30,31,39,40,45,52],"damage_taken":[{"damage":0.0,"enemies":"Cultist","floor":1.0,"turns":1.0},{"damage":0.0,"enemies":"2 Louse","floor":2.0,"turns":1.0},{"damage":0.0,"enemies":"Gremlin Nob","floor":6.0,"turns":1.0},{"damage":2.0,"enemies":"Jaw Worm","floor":8.0,"turns":4.0},{"damage":18.0,"enemies":"Large Slime","floor":10.0,"turns":5.0},{"damage":0.0,"enemies":"3 Sentries","floor":14.0,"turns":3.0},{"damage":42.0,"enemies":"The Guardian","floor":16.0,"turns":9.0},{"damage":7.0,"enemies":"Chosen","floor":18.0,"turns":6.0},{"damage":0.0,"enemies":"Shell Parasite","floor":19.0,"turns":2.0},{"damage":8.0,"enemies":"Snake Plant","floor":22.0,"turns":4.0},{"damage":0.0,"enemies":"Gremlin Leader","floor":23.0,"turns":4.0},{"damage":19.0,"enemies":"Shelled Parasite and Fungi","floor":25.0,"turns":2.0},{"damage":9.0,"enemies":"Chosen and Byrds","floor":27.0,"turns":6.0},{"damage":18,"enemies":"Book of Stabbing","floor":30,"turns":4},{"damage":2,"enemies":"3 Cultists","floor":31,"turns":4},{"damage":30,"enemies":"Collector","floor":33,"turns":7},{"damage":22,"enemies":"3 Shapes","floor":35,"turns":3},{"damage":0,"enemies":"Orb Walker","floor":38,"turns":3},{"damage":23,"enemies":"Jaw Worm Horde","floor":39,"turns":3},{"damage":21,"enemies":"Reptomancer","floor":40,"turns":4},{"damage":7,"enemies":"Giant Head","floor":45,"turns":7},{"damage":19,"enemies":"2 Orb Walkers","floor":47,"turns":3},{"damage":7,"enemies":"Spire Growth","floor":50,"turns":5},{"damage":6,"enemies":"Time Eater","floor":52,"turns":6}],"seed_played":"293516188778865111","potions_obtained":[{"floor":8.0,"key":"Block Potion"},{"floor":10.0,"key":"Dexterity Potion"},{"floor":13.0,"key":"FairyPotion"},{"floor":13.0,"key":"Adrenaline Potion"},{"floor":13.0,"key":"Dexterity Potion"},{"floor":14.0,"key":"PowerPotion"},{"floor":16.0,"key":"CultistPotion"},{"floor":18.0,"key":"AttackPotion"},{"floor":22.0,"key":"EntropicBrew"},{"floor":25.0,"key":"PowerPotion"},{"floor":27.0,"key":"Swift Potion"},{"floor":27.0,"key":"Fire Potion"},{"floor":38,"key":"BlessingOfTheForge"},{"floor":40,"key":"Block Potion"},{"floor":40,"key":"CultistPotion"},{"floor":45,"key":"Explosive Potion"}],"is_trial":false,"path_per_floor":["M","M","?","?","$","E","R","M","T","M","?","?","?","E","R","B",null,"M","M","?","?","M","E","R","M","T","M","R","$","E","M","R","B",null,"M","$","?","M","M","E","R","T","T","?","E","$","?","PTL","PTL","M","R","B",null],"character_chosen":"REMILIA","items_purchased":["ReplayTheSpireMod:TigerMarble","BargainBundle","PowerPotion","Mercury Hourglass","PrismaticShard"],"campfire_rested":0,"item_purchase_floors":[5,36,36,46,46],"current_hp_per_floor":[68,68,57,57,57,57,57,56,56,41,41,41,41,42,42,34,65,70,74,74,74,67,73,73,60,60,64,64,64,58,72,72,73,73,57,57,57,62,50,52,52,62,62,62,80,80,72,72,72,73,73,78],"gold":140,"neow_bonus":"THREE_ENEMY_KILL","is_daily":false,"chose_seed":false,"campfire_upgraded":6,"win_rate":0.0,"timestamp":1610962520,"path_taken":["M","M","?","?","$","E","R","M","T","?","?","?","?","E","R","BOSS","M","M","?","?","M","E","R","M","T","?","R","?","E","M","R","BOSS","M","$","?","M","?","E","R","?","T","?","E","$","?","PTL","PTL","M","R","BOSS"],"items_purchased_type":["Relic","Relic","Potion","Relic","Relic"],"build_version":"2020-12-22","purchased_purges":2,"victory":true,"max_hp_per_floor":[75,75,75,75,75,75,75,75,75,75,75,75,75,75,75,75,75,75,75,75,75,73,73,73,73,73,73,73,73,73,73,73,73,73,71,71,71,69,69,74,74,84,84,82,82,82,82,82,80,80,80,78],"relic_stats":{"Peace Pipe":1,"Centennial Puzzle":[18],"Gremlin Horn":[13,13],"counters":[24,96],"Sundial":[8],"Astrolabe":["ScarletCoffin","TransientEternity","FitfulNightmare"],"PreservedInsect":234,"Nloth\u0027s Gift":4,"Whetstone":["BombardNight","SuperhumanBloodyKnife"],"obtain_stats":[{"Gremlin Horn":30,"Blue Doll":23,"Whetstone":43,"PrismaticShard":46,"ScarletHat":0,"Replay:Bandana":6,"Centennial Puzzle":38,"Sundial":26,"Replay:Bottled Steam":40,"Potion Belt":13,"Girya":47,"BargainBundle":36,"Pear":42,"NeowsBlessing":0,"Counterbalance":4,"ReplayTheSpireMod:Ring of Addiction":13,"Astrolabe":17,"Thread and Needle":14,"PreservedInsect":27,"Mercury Hourglass":46,"Peace Pipe":37,"Ring of Fury":13,"ReplayTheSpireMod:TigerMarble":5,"Nloth\u0027s Gift":21,"Coffee Dripper":34,"Durian":40,"Garlic":45,"Toy Ornithopter":13},{"Gremlin Horn":14,"Blue Doll":11,"Whetstone":20,"PrismaticShard":21,"ScarletHat":0,"Replay:Bandana":3,"Centennial Puzzle":18,"Sundial":12,"Replay:Bottled Steam":20,"Potion Belt":5,"Girya":22,"BargainBundle":17,"Pear":20,"NeowsBlessing":0,"Counterbalance":2,"ReplayTheSpireMod:Ring of Addiction":5,"Astrolabe":7,"Thread and Needle":6,"PreservedInsect":13,"Mercury Hourglass":21,"Peace Pipe":17,"Ring of Fury":5,"ReplayTheSpireMod:TigerMarble":2,"Nloth\u0027s Gift":9,"Coffee Dripper":16,"Durian":20,"Garlic":21,"Toy Ornithopter":5},{"Gremlin Horn":52,"Blue Doll":40,"Whetstone":76,"PrismaticShard":83,"ScarletHat":0,"Replay:Bandana":3,"Centennial Puzzle":69,"Sundial":42,"Replay:Bottled Steam":76,"Potion Belt":12,"Girya":86,"BargainBundle":66,"Pear":76,"NeowsBlessing":0,"Counterbalance":2,"ReplayTheSpireMod:Ring of Addiction":12,"Astrolabe":24,"Thread and Needle":15,"PreservedInsect":48,"Mercury Hourglass":83,"Peace Pipe":66,"Ring of Fury":12,"ReplayTheSpireMod:TigerMarble":2,"Nloth\u0027s Gift":32,"Coffee Dripper":63,"Durian":76,"Garlic":83,"Toy Ornithopter":12}],"Toy Ornithopter":49,"Mercury Hourglass":[45]},"card_choices":[{"not_picked":["BloodHunter","LeisurelyOfLord"],"picked":"BombardNight","floor":1.0},{"not_picked":["NightLord","FavorOfDestiny"],"picked":"ScarletSymphony","floor":2.0},{"not_picked":["BlasphemousPunishment","VampireClaw"],"picked":"LeisurelyOfLord","floor":6.0},{"not_picked":["ChainGang","TwelveNightmare"],"picked":"BloodHunter","floor":8.0},{"not_picked":["SuperhumanBloodyKnife","DevilSight"],"picked":"RedRainbow","floor":10.0},{"not_picked":["Stigmanizer","BadLadyScramble","RedRainbow"],"picked":"SKIP","floor":14.0},{"not_picked":["BloodyCatastrophe","EquivalentExchange"],"picked":"ScarletMeister","floor":16.0},{"not_picked":["EndlessAdversity","EternalNight"],"picked":"SuperhumanBloodyKnife","floor":18.0},{"not_picked":["VampireClaw","BloodAndWine","BloodyTrap"],"picked":"SKIP","floor":19.0},{"not_picked":["FavorOfDestiny","RedNightlessCastle","BlasphemousPunishment"],"picked":"SKIP","floor":22.0},{"not_picked":["EndlessAdversity","Maim"],"picked":"ScarletNetherworld","floor":23.0},{"not_picked":["GlobalNightmare","VampireClaw","ScarletGensokyo"],"picked":"SKIP","floor":25.0},{"not_picked":["BloodAndWine","BlasphemousPunishment+1","RedRainbow"],"picked":"SKIP","floor":27.0},{"not_picked":["MiserableFate","GlobalNightmare"],"picked":"TricksterDevil","floor":30},{"not_picked":["VampireClaw","VampireKiss","DiffusionOfMisfortune"],"picked":"SKIP","floor":30},{"not_picked":["MillenniumVampire","ScarletDream+1","CharismaGuard"],"picked":"SKIP","floor":31},{"not_picked":["QueenOfMidnight","ScarletMeister"],"picked":"ForecastOfChange","floor":33},{"not_picked":["Maim+1","ScarletDevil","GlobalNightmare"],"picked":"SKIP","floor":35},{"not_picked":["UltimateOffering+1","UnderTheZenith+1"],"picked":"HunterOfTheNight","floor":37},{"not_picked":["EndlessAdversity+1","DiffusionOfMisfortune+1"],"picked":"ScarletImprint","floor":38},{"not_picked":["RedRainbow+1","FavorOfDestiny","ChainGang"],"picked":"SKIP","floor":39},{"not_picked":["BombardNight","RedRainbow+1","CurseOfVladTepes"],"picked":"SKIP","floor":40},{"not_picked":["NightDance+1","CurseOfVladTepes","DemonKingCradle"],"picked":"SKIP","floor":45},{"not_picked":["FlyingSleeves+1","UnderTheZenith+1"],"picked":"Limit Break","floor":47},{"not_picked":["Finisher+1","ReplayTheSpireMod:Limb From Limb+1","Stigmanizer"],"picked":"SKIP","floor":50}],"player_experience":425228,"relics_obtained":[{"floor":6.0,"key":"Replay:Bandana"},{"floor":13.0,"key":"ReplayTheSpireMod:Ring of Addiction"},{"floor":13.0,"key":"Ring of Fury"},{"floor":13.0,"key":"Toy Ornithopter"},{"floor":13.0,"key":"Potion Belt"},{"floor":14.0,"key":"Thread and Needle"},{"floor":23.0,"key":"Blue Doll"},{"floor":26.0,"key":"Sundial"},{"floor":27.0,"key":"PreservedInsect"},{"floor":30,"key":"Gremlin Horn"},{"floor":37,"key":"Peace Pipe"},{"floor":38,"key":"Centennial Puzzle"},{"floor":40,"key":"Replay:Bottled Steam"},{"floor":40,"key":"Durian"},{"floor":42,"key":"Pear"},{"floor":43,"key":"Whetstone"},{"floor":45,"key":"Garlic"},{"floor":47,"key":"Girya"}],"event_choices":[{"damage_healed":0.0,"max_hp_gain":0.0,"max_hp_loss":0.0,"gold_gain":75.0,"event_name":"World of Goop","player_choice":"Gather Gold","floor":3.0,"gold_loss":0.0,"damage_taken":11.0},{"damage_healed":0.0,"max_hp_gain":0.0,"max_hp_loss":0.0,"gold_gain":0.0,"event_name":"Big Fish","player_choice":"Box","floor":4.0,"gold_loss":0.0,"damage_taken":0.0,"relics_obtained":["Counterbalance"],"cards_obtained":["Regret"]},{"cards_removed":["Regret"],"damage_healed":0.0,"max_hp_gain":0.0,"max_hp_loss":0.0,"gold_gain":0.0,"event_name":"The Cleric","player_choice":"Card Removal","floor":11.0,"gold_loss":50.0,"damage_taken":0.0},{"damage_healed":0.0,"max_hp_gain":0.0,"max_hp_loss":0.0,"gold_gain":0.0,"event_name":"Masked Bandits","player_choice":"Paid Fearfully","floor":20.0,"gold_loss":340.0,"damage_taken":0.0},{"damage_healed":0.0,"max_hp_gain":0.0,"max_hp_loss":0.0,"gold_gain":0.0,"event_name":"N\u0027loth","player_choice":"Traded Relic","floor":21.0,"relics_lost":["NeowsBlessing"],"gold_loss":0.0,"damage_taken":0.0,"relics_obtained":["Nloth\u0027s Gift"]},{"damage_healed":0,"gold_gain":0,"player_choice":"Fight","damage_taken":0,"max_hp_gain":0,"max_hp_loss":0,"event_name":"Mysterious Sphere","floor":47,"gold_loss":0}],"is_beta":false,"boss_relics":[{"not_picked":["Velvet Choker","Fusion Hammer"],"picked":"Astrolabe"},{"not_picked":["Replay:Drink Me","Snecko Eye"],"picked":"Coffee Dripper"}],"items_purged_floors":[29,36],"is_endless":false,"potions_floor_spawned":[8,10,14,16,22,25,27,40,45],"ascension_level":9}}