{"host":"ux1e5jwgl66eze79","time":1610982381,"event":{"mods":["2.2 Compatiblity","Act Like it!","Aspiration","BaseMod","Conspire","Downfall","Duelist Mod","GifTheSpireLib","Hermit","Hubris","Minty Spire (QoL Compilation)","StSLib","The Construct","The Cursed","The Disciple","Wandering Minibosses"],"gold_per_floor":[140,19,19,36,54,81,81,108,108,0,0,0],"floor_reached":11,"language":"ENG","playtime":779,"items_purged":[],"score":93,"play_id":"09a2881d-634e-4ddb-b3ef-66b30771addb","local_time":"20210118160621","is_ascension_mode":true,"campfire_choices":[{"floor":7,"key":"REST"}],"circlet_count":0,"master_deck":["theDuelist:BabyDragon","theDuelist:CastleWalls","theDuelist:CaveDragon+1","theDuelist:CaveDragon","theDuelist:LesserDragon","theDuelist:LesserDragon","theDuelist:Sparks","theDuelist:Sparks","theDuelist:YamataDragon","theDuelist:CyberEndDragon","theDuelist:Vandalgyon","theDuelist:TwinHeadedBehemoth","theDuelist:BusterDrake","theDuelist:CyberValley"],"relics":["theDuelist:MillenniumPuzzle","theDuelist:CardPoolRelic","theDuelist:CardPoolBasicRelic","theDuelist:BoosterPackPoolRelic","theDuelist:CardPoolAddRelic","theDuelist:CardPoolMinusRelic","theDuelist:CardPoolSaveRelic","theDuelist:CardPoolOptionsRelic","theDuelist:MillenniumRod","Nunchaku","aspiration:SeaSaltIceCream","aspiration:Nostalgia","Slimebound:AbsorbEndCombat","theDuelist:MillenniumRod"],"acts_visited":["Exordium"],"potions_floor_usage":[8,11],"damage_taken":[{"damage":2,"enemies":"2 Louse","floor":1,"turns":2},{"damage":5,"enemies":"Small Slimes","floor":4,"turns":3},{"damage":0,"enemies":"Cultist","floor":5,"turns":2},{"damage":26,"enemies":"Lagavulin","floor":6,"turns":8},{"damage":19,"enemies":"Gremlin Nob","floor":8,"turns":5},{"damage":0,"enemies":"Lagavulin","floor":11,"turns":3}],"seed_played":"-8453066001183313734","potions_obtained":[{"floor":5,"key":"sneckomod:MuddlingPotion"},{"floor":6,"key":"theDuelist:StunPotion"},{"floor":8,"key":"theDuelist:SealedPackC"}],"is_trial":false,"path_per_floor":["M","$","?","M","M","E","R","E","T","?","E"],"character_chosen":"THE_DUELIST","items_purchased":["theDuelist:CyberEndDragon","theDuelist:Vandalgyon"],"campfire_rested":1,"item_purchase_floors":[2,2],"current_hp_per_floor":[78,78,78,73,73,47,71,52,52,52,52,52],"gold":0,"neow_bonus":"UPGRADE_CARD","is_daily":false,"chose_seed":false,"campfire_upgraded":0,"win_rate":0.0,"timestamp":1610982381,"path_taken":["M","$","?","M","M","E","R","E","T","?","E"],"items_purchased_type":["Card","Card"],"build_version":"2020-12-22","purchased_purges":0,"victory":false,"max_hp_per_floor":[80,80,80,80,80,80,80,80,80,80,80,80],"card_choices":[{"not_picked":["theDuelist:VolcanicEruption","theDuelist:ScrapIronScarecrow","theDuelist:DefensiveTactics","theDuelist:BackupSoldier","theDuelist:SurvivalFittest"],"picked":"SKIP","floor":1},{"not_picked":["theDuelist:FiveHeaded","theDuelist:BlackBrachios"],"picked":"theDuelist:TwinHeadedBehemoth","floor":4},{"not_picked":["theDuelist:YamataDragon","theDuelist:TwinBarrelDragon","theDuelist:BlackStego","theDuelist:BlackPtera","theDuelist:ViceDragon"],"picked":"SKIP","floor":5},{"not_picked":["theDuelist:FiendSkull","theDuelist:DragonShield","theDuelist:CyberDragonSieger","theDuelist:SliferSky"],"picked":"theDuelist:BusterDrake","floor":6},{"not_picked":["theDuelist:Pyrorex","theDuelist:TornadoDragon","theDuelist:LordD","theDuelist:AncientDragon"],"picked":"theDuelist:CyberValley","floor":8}],"player_experience":155071,"relics_obtained":[{"floor":6,"key":"theDuelist:MillenniumRod"},{"floor":8,"key":"Nunchaku"},{"floor":9,"key":"aspiration:SeaSaltIceCream"}],"event_choices":[{"cards_removed":["theDuelist:CastleWalls"],"damage_healed":0,"gold_gain":0,"player_choice":"Forget","damage_taken":0,"max_hp_gain":0,"max_hp_loss":0,"event_name":"Living Wall","floor":3,"gold_loss":0},{"damage_healed":0,"gold_gain":0,"player_choice":"Duplicated Relic - Millennium Rod","duelist":true,"damage_taken":0,"max_hp_gain":0,"max_hp_loss":0,"event_name":"Relic Duplicator","floor":10,"gold_loss":0}],"is_beta":false,"boss_relics":[],"items_purged_floors":[],"is_endless":false,"potions_floor_spawned":[5,6,8],"killed_by":"Lagavulin","ascension_level":3}}