{"host":"e8tokx78z9vc2suo","time":1610976644,"event":{"mods":["100% Spire Juice","ATMod(阿瑾Mod)","Act Like it!","Arknights The Spire","Aspiration","BaseMod","Colored Powertips","Conspire","Energized Spire","Gensokyo","Hallownest","HololiveMod","Jedi Mod","KinomotoSakuraMod(木之本樱)","Koishi","LagranYue(拉格朗・月)","Lobotomy","LobotomyExtend","Luminous","Mari Mod (Legacy)","Mari\u0027s V1 Patch","Marisa（F雨　魔理沙）","Minty Spire (QoL Compilation)","MostiFishMod","Pale of the Ancients","Reimu（博丽灵梦）","Remilia（蕾米莉亚）","Replay The Spire","RumiaBox-露米娅的神秘盒子","SIMod","StSLib","TestMod","The Administrix","The Animator","The Bug Knight","WarShipGirlsR/战舰少女R mod","Yakumo Yukari mod","Youmu（魂魄妖梦）","Yuyuko","vexMod","【遗物卡牌】REMEMod"],"gold_per_floor":[119,119,119,135,146,146,207,207,207,233,251,276,266,280,280,377,377,392,392,392,125,142,172,172,13,67,317,317,166,178,188,188,292,292,303,0,14,26,26,52,52,52,77,90,104,104,79,105,105,105,105,105,105,38,68,68],"floor_reached":57,"language":"ZHS","playtime":2667,"items_purged":["Defend_YM","MariMod:Mari_Perfect_Performance"],"score":1388,"play_id":"95625463-c239-46cf-bc72-6faded4d5189","local_time":"20210118213044","is_ascension_mode":false,"campfire_choices":[{"floor":6,"key":"RECALL"},{"data":"SwordExtraction","floor":8,"key":"SMITH"},{"data":"FourBirthsSword","floor":15,"key":"SMITH"},{"data":"SlashOfTheEternalFuture","floor":24,"key":"SMITH"},{"data":"Grand Finale","floor":32,"key":"PURGE"},{"data":"StrangeHalfBody","floor":41,"key":"SMITH"},{"data":"AT_ThistleTea","floor":46,"key":"SMITH"},{"floor":49,"key":"REST"},{"data":"ASingleThoughtAndInfiniteKalpas","floor":53,"key":"SMITH"}],"circlet_count":0,"master_deck":["Strike_YM","SlashOfPresentWorld","WheelOfPainOfLivingAndDead","AT_ThistleTea+1","FlashingScatteredFlowers","Masterful Stab","Prepared","MostiFishMod:PreservedThorns","FourBirthsSword+1","CherryBlossomFlashing","SwordExtraction+1","HeavenlyHaloSlash","DispleasureOfTheSevenHakus","RapidSlash","SlashOfMeditation","CherryBlossomSword","FlashingScatteredFlowers","SlashOfTheEternalFuture+1","TurningAngelCut","HellFireSword+1","Masterful Stab","MostiFishMod:Dislodge","SwordExtraction","CelestialStarSword","FlashingScatteredFlowers","ASingleThoughtAndInfiniteKalpas+1","SuddenDivineSeveringOfKarmicWind","CelestialStarSword","HeavenSword","CherryBlossomSword","HumanRealmSword+1","SuddenPhantomFormationSlashOfKarmicWind+1","StrangeHalfBody+1","HeartExcerptSlash+1","LowerRealmReflectionSlash+1","CherryBlossomFlashing+1","HumanGodSword"],"relics":["testmod-TestBox","DaveBox","REME_ComplimentaryCards","AT_ATBox","White Beast Statue","testmod-AssaultLearning","LagranYue:RandomDrawCardRelic","testmod-CardMagician","SynthV:TestCard","aspiration:ChemicalBlood","HollowMod:LifeEnderRelic","HereWithMe","aspiration:Lifesprig","SynthV","testmod-Antiphasic","SlaversCollar","Civilization","Pear","testmod-LifeArmor","REME_LimitBreaker","Pet Ghost"],"acts_visited":["Hallownest:Greenpath","Gensokyo:Gensokyoer","Gensokyo:Gensokyoest","TheEnding"],"potions_floor_usage":[7,7,16,16,18,23,33,33,33,40,40,56,56,56],"damage_taken":[{"damage":0,"enemies":"Hallownest:monsterHuskGuard","floor":1,"turns":7},{"damage":0,"enemies":"Hallownest:2_MossCreeps","floor":4,"turns":3},{"damage":0,"enemies":"Hallownest:2_Baldur","floor":5,"turns":3},{"damage":20,"enemies":"Hallownest:eliteCrystalGuardian","floor":7,"turns":4},{"damage":0,"enemies":"Hallownest:eliteMossKnight","floor":10,"turns":3},{"damage":0,"enemies":"Hallownest:Guard_and_Warrior","floor":11,"turns":3},{"damage":0,"enemies":"Hallownest:monsterFoolEater","floor":14,"turns":2},{"damage":24,"enemies":"Hallownest:BossHornet","floor":16,"turns":6},{"damage":5,"enemies":"Gensokyo:3_Dogs","floor":18,"turns":3},{"damage":0,"enemies":"Gensokyo:2_Gloops","floor":22,"turns":3},{"damage":24,"enemies":"Gensokyo:Reisen","floor":23,"turns":3},{"damage":0,"enemies":"Gensokyo:Swordslinger","floor":30,"turns":2},{"damage":9,"enemies":"Gensokyo:Slime_Group","floor":31,"turns":2},{"damage":10,"enemies":"Gensokyo:Kaguya","floor":33,"turns":4},{"damage":9,"enemies":"Gensokyo:3_Bats","floor":35,"turns":3},{"damage":0,"enemies":"Gensokyo:AncientGuardian","floor":37,"turns":2},{"damage":0,"enemies":"Gensokyo:3_Boulders","floor":38,"turns":3},{"damage":21,"enemies":"Gensokyo:Kasen","floor":40,"turns":2},{"damage":5,"enemies":"Gensokyo:Sharpion","floor":44,"turns":2},{"damage":0,"enemies":"Gensokyo:AtlasGolem","floor":45,"turns":3},{"damage":16,"enemies":"Gensokyo:Marisa","floor":48,"turns":3},{"damage":28,"enemies":"Gensokyo:Shinki","floor":50,"turns":5},{"damage":0,"enemies":"Shield and Spear","floor":55,"turns":2},{"damage":35,"enemies":"The Heart","floor":56,"turns":4}],"seed_played":"6051681776442686774","potions_obtained":[{"floor":1,"key":"BlessingOfTheForge"},{"floor":4,"key":"Explosive Potion"},{"floor":5,"key":"REME_GoldPotion"},{"floor":7,"key":"testmod-TestPotion"},{"floor":10,"key":"DistilledChaos"},{"floor":16,"key":"jedi:StrikingPotion"},{"floor":18,"key":"CausticAgent"},{"floor":22,"key":"PowerPotion"},{"floor":23,"key":"jedi:hoardpotion"},{"floor":30,"key":"Fire Potion"},{"floor":33,"key":"Regen Potion"},{"floor":35,"key":"jedi:wingpotion"},{"floor":40,"key":"testmod-SpacePotion"},{"floor":44,"key":"Strength Potion"},{"floor":45,"key":"FairyPotion"}],"is_trial":false,"path_per_floor":["M","?","?","M","M","R","E","R","T","E","M","T","?","M","R","B",null,"M","?","?","$","M","E","R","COS","T","?","?","$","M","M","R","B",null,"M","?","M","M","?","E","R","COS","T","M","M","R","?","E","R","B",null,null,"R","$","E","B",null],"character_chosen":"YOUMU","items_purchased":["SlashOfTheEternalFuture","TurningAngelCut","SwordExtraction","HumanGodSword"],"campfire_rested":1,"item_purchase_floors":[21,21,29,54],"current_hp_per_floor":[75,75,75,75,75,75,55,55,55,55,55,55,55,55,55,31,75,70,70,70,70,70,46,46,46,46,46,46,46,46,37,37,27,75,66,66,67,71,71,70,70,70,70,70,75,75,75,64,97,74,74,115,115,115,120,90],"gold":68,"neow_bonus":"BOSS_RELIC","is_daily":false,"chose_seed":false,"campfire_upgraded":6,"win_rate":0.0,"timestamp":1610976644,"path_taken":["M","?","?","M","M","R","E","R","T","E","?","?","?","M","R","BOSS","M","?","?","?","?","E","R","COS","T","?","?","$","?","M","R","BOSS","M","?","M","?","?","E","R","COS","T","M","M","R","?","E","R","BOSS","R","$","E","BOSS"],"items_purchased_type":["Card","Card","Card","Card"],"build_version":"2020-12-22","purchased_purges":2,"victory":true,"max_hp_per_floor":[75,75,75,75,75,75,75,75,75,75,75,75,75,75,75,75,75,75,75,75,75,75,75,75,75,75,75,75,75,75,75,75,75,75,75,75,76,80,80,95,95,95,95,100,105,105,105,110,110,115,115,115,115,115,120,125],"card_choices":[{"not_picked":["BizarrenessOfSixRealms","CrescentMoonSlash"],"picked":"FlashingScatteredFlowers","floor":1},{"not_picked":["ConstancyOfTheConventionalTruth","HellGodSword","TwoHundredYojanaInOneSlash","SwordOfBindingDesires"],"picked":"FourBirthsSword","floor":4},{"not_picked":["PhosphoricSlash","HellFireSword","FastingOfTheYoungPreta","ObsessionWithThePresentWorld"],"picked":"CherryBlossomFlashing","floor":5},{"not_picked":["HiganSword","HumanGodSword","SlashOfMeditation","SpiritCuttingSword"],"picked":"SwordExtraction","floor":7},{"not_picked":["FlashingScatteredFlowers","HumanRealmSword","GhostSword","PretaSword"],"picked":"HeavenlyHaloSlash","floor":10},{"not_picked":["ObsessionWithThePresentWorld","CrescentMoonSlash","ConstancyOfTheConventionalTruth","FantasyOfEnteringEnlightenment"],"picked":"DispleasureOfTheSevenHakus","floor":11},{"not_picked":[],"picked":"RapidSlash","floor":13},{"not_picked":["AsTheSilentNirvana","SlashOfDepartureFromHesitation","ThreeKonsSevenHakus","PhosphoricSlash"],"picked":"SlashOfMeditation","floor":14},{"not_picked":["FastingOfTheYoungPreta","ASingleThoughtAndInfiniteKalpas","ReincarnationSword","SlashOfSaigyouSpringWind"],"picked":"CherryBlossomSword","floor":16},{"not_picked":["SwordOfBindingDesires","ThreeKonsSevenHakus","ConstancyOfTheConventionalTruth+1","TwoHundredYojanaInOneSlash"],"picked":"FlashingScatteredFlowers","floor":18},{"not_picked":["PhosphoricSlash","ThreeKonsSevenHakus","SanzenSekai","SpiritCuttingSword","LifeCuttingSword"],"picked":"SKIP","floor":22},{"not_picked":["FourBirthsSword+1","GhostSword+1","CrescentMoonSlash+1","HellGodSword"],"picked":"HellFireSword+1","floor":23},{"not_picked":["FourBirthsSword","LifeCuttingSword+1","CrescentMoonSlash","FlashingScatteredFlowers"],"picked":"CelestialStarSword","floor":30},{"not_picked":["SpiritCuttingSword","CrescentMoonSlash","SlashOfMeditation","HeavenlyHaloSlash"],"picked":"FlashingScatteredFlowers","floor":31},{"not_picked":["PhosphoricSlash","SlashOfMeditation+1","EchoesOfTheInclemencyOfAllBeings","SpiderLilyBurial"],"picked":"HumanRealmSword+1","floor":35},{"not_picked":["LowerRealmReflectionSlash","DispleasureOfTheSevenHakus","SpiritCuttingSword","CrescentMoonSlash"],"picked":"SuddenPhantomFormationSlashOfKarmicWind+1","floor":37},{"not_picked":["DispleasureOfTheSevenHakus","ConstancyOfTheConventionalTruth+1","LifeCuttingSword","FlashingScatteredFlowers","ThreeKonsSevenHakus+1"],"picked":"SKIP","floor":38},{"not_picked":["FantasyOfEnteringEnlightenment+1","LotusPostureSlash","FlashingScatteredFlowers","HumanRealmSword"],"picked":"StrangeHalfBody","floor":40},{"not_picked":["AsTheSilentNirvana","TransmigrationSlash+1","SwordOfBindingDesires+1","ObsessionWithThePresentWorld+1"],"picked":"HeartExcerptSlash+1","floor":44},{"not_picked":["PhosphoricSlash+1","EchoesOfTheInclemencyOfAllBeings","SlashOfMeditation+1","FlashingScatteredFlowers"],"picked":"LowerRealmReflectionSlash+1","floor":45},{"not_picked":["LifeCuttingSword","DeadlyForm","SlashOfTheEternalFuture","SpiritCuttingSword+1"],"picked":"CherryBlossomFlashing+1","floor":48},{"not_picked":["ThreeKonsSevenHakus","DispleasureOfTheSevenHakus+1","PhosphoricSlash+1","HumanKnowledgeSword+1","SpiritCuttingSword"],"picked":"SKIP","floor":55}],"player_experience":289494,"relics_obtained":[{"floor":1,"key":"SynthV:TestCard"},{"floor":7,"key":"aspiration:ChemicalBlood"},{"floor":9,"key":"HollowMod:LifeEnderRelic"},{"floor":10,"key":"Orichalcum"},{"floor":23,"key":"aspiration:Lifesprig"},{"floor":26,"key":"testmod-Antiphasic"},{"floor":40,"key":"Pear"},{"floor":43,"key":"testmod-LifeArmor"},{"floor":48,"key":"REME_LimitBreaker"},{"floor":55,"key":"Pet Ghost"}],"event_choices":[{"damage_healed":0,"gold_gain":0,"player_choice":"Ignored","damage_taken":0,"max_hp_gain":0,"max_hp_loss":0,"event_name":"给自己的盒子","floor":20,"gold_loss":0}],"is_beta":false,"boss_relics":[{"not_picked":["conspire:SeveredTorchhead","aspiration:RitualDagger"],"picked":"HereWithMe"},{"not_picked":["jedi:battlestandard","Runic Pyramid"],"picked":"SlaversCollar"}],"items_purged_floors":[21,29],"is_endless":false,"potions_floor_spawned":[1,4,5,7,10,11,14,16,18,22,23,30,31,33,35,37,38,40,44,45,48,55],"ascension_level":0}}