{"host":"fnk117zi8wf5078t","time":1610979129,"event":{"mods":["AchievementEnabler","BaseMod","Colored Map","Minty Spire (QoL Compilation)","Rare Cards Sparkle","SuperFastMode","everything is the same but u backflip on backflip"],"gold_per_floor":[113,113,113,44,44,85,85,120,120,120,161,175,191,209,209,334,334,349,319,10,24,43,86,86,86,86,86,107,131,149,149,149,269,569,583,201,476,496,512,512,548,548,620,620,620],"floor_reached":44,"language":"KOR","playtime":1502,"items_purged":[],"score":788,"play_id":"b89d3aff-707b-4063-98e7-7240309b9136","local_time":"20210118231209","is_ascension_mode":true,"campfire_choices":[{"data":"Double Energy","floor":7.0,"key":"SMITH"},{"floor":10.0,"key":"REST"},{"data":"Self Repair","floor":15.0,"key":"SMITH"},{"data":"Strike_B","floor":25.0,"key":"PURGE"},{"data":"Defend_B","floor":32.0,"key":"PURGE"},{"data":"Regret","floor":40.0,"key":"PURGE"},{"data":"Defend_B","floor":42.0,"key":"PURGE"}],"circlet_count":0,"master_deck":["Strike_B+1","Strike_B+1","Defend_B","Defend_B","Zap","Dualcast","Chill","Self Repair+1","Double Energy+1","Scrape+1","Gash+1","Go for the Eyes+1","Gash+1","Beam Cell+1","Echo Form+1","Streamline+1","White Noise+1","Reprogram+1","FTL+1","Hyperbeam+1","CurseOfTheBell","Steam+1","FTL+1","All For One+1","Beam Cell+1","Turbo+1","Go for the Eyes+1","Amplify"],"relics":["Cracked Core","NeowsBlessing","Golden Idol","Molten Egg 2","Question Card","Du-Vu Doll","Bronze Scales","Black Star","Peace Pipe","Cables","HornCleat","Meat on the Bone","DataDisk","Calling Bell","Bag of Marbles","Mercury Hourglass","Old Coin","Orrery","Nunchaku","Kunai","FossilizedHelix","Toxic Egg 2"],"acts_visited":["Exordium","TheCity","TheBeyond"],"potions_floor_usage":[44],"damage_taken":[{"damage":0.0,"enemies":"Small Slimes","floor":1.0,"turns":1.0},{"damage":0.0,"enemies":"3 Sentries","floor":6.0,"turns":2.0},{"damage":0.0,"enemies":"Gremlin Nob","floor":8.0,"turns":1.0},{"damage":5.0,"enemies":"3 Sentries","floor":11.0,"turns":7.0},{"damage":0.0,"enemies":"2 Louse","floor":12.0,"turns":2.0},{"damage":12.0,"enemies":"Jaw Worm","floor":13.0,"turns":2.0},{"damage":4.0,"enemies":"Red Slaver","floor":14.0,"turns":3.0},{"damage":22.0,"enemies":"Hexaghost","floor":16.0,"turns":8.0},{"damage":0.0,"enemies":"3 Byrds","floor":18.0,"turns":2.0},{"damage":5.0,"enemies":"Chosen","floor":21.0,"turns":4.0},{"damage":33.0,"enemies":"Snake Plant","floor":22.0,"turns":4.0},{"damage":25.0,"enemies":"Gremlin Leader","floor":23.0,"turns":5.0},{"damage":10.0,"enemies":"Shelled Parasite and Fungi","floor":28.0,"turns":4.0},{"damage":20.0,"enemies":"Centurion and Healer","floor":29.0,"turns":3.0},{"damage":0.0,"enemies":"Snake Plant","floor":30.0,"turns":3.0},{"damage":57.0,"enemies":"Champ","floor":33.0,"turns":8.0},{"damage":4.0,"enemies":"3 Shapes","floor":35.0,"turns":1.0},{"damage":0.0,"enemies":"3 Darklings","floor":38.0,"turns":1.0},{"damage":11.0,"enemies":"4 Shapes","floor":39.0,"turns":4.0},{"damage":42.0,"enemies":"Nemesis","floor":41.0,"turns":5.0},{"damage":61,"enemies":"Giant Head","floor":44,"turns":7}],"seed_played":"-5728267665728651996","potions_obtained":[{"floor":1.0,"key":"PowerPotion"},{"floor":8.0,"key":"Explosive Potion"},{"floor":12.0,"key":"Fruit Juice"},{"floor":19.0,"key":"EntropicBrew"},{"floor":19.0,"key":"SkillPotion"},{"floor":29.0,"key":"EntropicBrew"},{"floor":33.0,"key":"ColorlessPotion"},{"floor":39.0,"key":"DuplicationPotion"}],"is_trial":false,"path_per_floor":["M","?","?","$","?","E","R","E","T","R","E","M","M","M","R","B",null,"M","?","$","M","M","E","?","R","T","?","M","M","M","T","R","B",null,"M","$","?","M","M","R","E","R","T","E"],"character_chosen":"DEFECT","items_purchased":["Self Repair","Peace Pipe","FTL+1","Orrery","Nunchaku"],"campfire_rested":1,"item_purchase_floors":[4,20,36,36,36],"current_hp_per_floor":[68,53,46,46,28,35,35,42,42,64,66,73,68,69,69,57,74,80,80,80,75,62,47,47,47,47,47,59,71,80,80,80,45,71,77,77,77,77,76,76,56,56,56,0,0],"gold":620,"neow_bonus":"THREE_ENEMY_KILL","is_daily":false,"chose_seed":false,"campfire_upgraded":2,"win_rate":0.0,"timestamp":1610979129,"path_taken":["M","?","?","$","?","E","R","E","T","R","E","M","M","M","R","BOSS","M","?","$","?","?","E","?","R","T","?","M","?","M","?","R","BOSS","M","$","?","M","?","R","E","R","T","E"],"items_purchased_type":["Card","Relic","Card","Relic","Relic"],"build_version":"2020-12-22","purchased_purges":0,"victory":false,"max_hp_per_floor":[75,75,75,75,75,75,75,75,75,75,75,75,75,80,80,80,80,80,80,80,80,80,80,80,80,80,80,80,80,80,80,80,80,80,80,80,80,80,80,80,80,80,80,80,80],"card_choices":[{"not_picked":["Redo","Compile Driver"],"picked":"Chill","floor":1.0},{"not_picked":["Sweeping Beam+1","Leap"],"picked":"Double Energy","floor":6.0},{"not_picked":["Go for the Eyes+1","Steam"],"picked":"Scrape+1","floor":8.0},{"not_picked":["Barrage+1","Cold Snap+1","Ball Lightning+1"],"picked":"Gash+1","floor":11.0},{"not_picked":["Stack","Streamline+1","Fission"],"picked":"Go for the Eyes+1","floor":12.0},{"not_picked":["Coolheaded","Leap","Go for the Eyes+1"],"picked":"Gash+1","floor":13.0},{"not_picked":["Glacier","Heatsinks","Leap"],"picked":"Beam Cell+1","floor":14.0},{"not_picked":["Electrodynamics","Biased Cognition","Rainbow"],"picked":"Echo Form","floor":16.0},{"not_picked":["Rip and Tear+1","Conserve Battery","Go for the Eyes+1"],"picked":"Streamline+1","floor":18.0},{"not_picked":["Loop","Heatsinks","Rebound+1"],"picked":"White Noise+1","floor":21.0},{"not_picked":["Cold Snap+1","Loop","White Noise","Ball Lightning+1"],"picked":"SKIP","floor":22.0},{"not_picked":["Stack","Hello World","Storm+1","Loop+1"],"picked":"SKIP","floor":23.0},{"not_picked":["Undo","Beam Cell+1","Compile Driver+1"],"picked":"Reprogram+1","floor":28.0},{"not_picked":["Go for the Eyes+1","Hologram+1","Creative AI"],"picked":"FTL+1","floor":29.0},{"not_picked":["Rebound+1","Conserve Battery","Chaos","Hologram"],"picked":"SKIP","floor":30.0},{"not_picked":["Rainbow","Thunder Strike+1","Seek"],"picked":"Hyperbeam+1","floor":33.0},{"not_picked":["Recycle+1","Sweeping Beam+1","Conserve Battery"],"picked":"Steam+1","floor":35.0},{"not_picked":["Leap","Ball Lightning+1","Hologram+1"],"picked":"All For One+1","floor":36.0},{"not_picked":["Coolheaded","Sweeping Beam+1","Turbo"],"picked":"Beam Cell+1","floor":36.0},{"not_picked":["Sunder+1","Echo Form","Glacier"],"picked":"Turbo+1","floor":36.0},{"not_picked":["Redo+1","Barrage+1","Steam+1"],"picked":"Go for the Eyes+1","floor":38.0},{"not_picked":["Auto Shields","Conserve Battery","Rip and Tear+1","Chaos"],"picked":"SKIP","floor":39.0},{"not_picked":["Leap","Stack","Biased Cognition"],"picked":"Amplify","floor":41.0}],"player_experience":409886,"relics_obtained":[{"floor":6.0,"key":"Molten Egg 2"},{"floor":8.0,"key":"Question Card"},{"floor":9.0,"key":"Du-Vu Doll"},{"floor":11.0,"key":"Bronze Scales"},{"floor":23.0,"key":"Cables"},{"floor":23.0,"key":"HornCleat"},{"floor":26.0,"key":"Meat on the Bone"},{"floor":31.0,"key":"DataDisk"},{"floor":34.0,"key":"Bag of Marbles"},{"floor":34.0,"key":"Mercury Hourglass"},{"floor":34.0,"key":"Old Coin"},{"floor":41.0,"key":"Kunai"},{"floor":41.0,"key":"FossilizedHelix"},{"floor":43.0,"key":"Toxic Egg 2"}],"event_choices":[{"damage_healed":0.0,"max_hp_gain":0.0,"max_hp_loss":0.0,"gold_gain":0.0,"event_name":"Shining Light","player_choice":"Entered Light","floor":2.0,"gold_loss":0.0,"damage_taken":15.0,"cards_upgraded":["Strike_B","Strike_B"]},{"cards_removed":["Strike_B"],"damage_healed":0.0,"max_hp_gain":0.0,"max_hp_loss":0.0,"gold_gain":0.0,"event_name":"Golden Wing","player_choice":"Card Removal","floor":3.0,"gold_loss":0.0,"damage_taken":7.0},{"damage_healed":0.0,"max_hp_gain":0.0,"max_hp_loss":0.0,"gold_gain":0.0,"event_name":"Golden Idol","player_choice":"Take Damage","floor":5.0,"gold_loss":0.0,"damage_taken":18.0,"relics_obtained":["Golden Idol"]},{"damage_healed":0.0,"max_hp_gain":0.0,"max_hp_loss":0.0,"gold_gain":0.0,"event_name":"The Woman in Blue","player_choice":"Bought 2 Potions","floor":19.0,"gold_loss":0.0,"damage_taken":0.0},{"damage_healed":0.0,"max_hp_gain":0.0,"max_hp_loss":0.0,"gold_gain":0.0,"event_name":"Ghosts","player_choice":"Ignored","floor":24.0,"gold_loss":0.0,"damage_taken":0.0},{"damage_healed":0.0,"max_hp_gain":0.0,"max_hp_loss":0.0,"gold_gain":0.0,"event_name":"Upgrade Shrine","player_choice":"Upgraded","floor":27.0,"gold_loss":0.0,"damage_taken":0.0,"cards_upgraded":["Echo Form"]},{"damage_healed":0.0,"max_hp_gain":0.0,"max_hp_loss":0.0,"gold_gain":275.0,"event_name":"Golden Shrine","player_choice":"Desecrate","floor":37.0,"gold_loss":0.0,"damage_taken":0.0,"cards_obtained":["Regret"]}],"is_beta":false,"boss_relics":[{"not_picked":["Busted Crown","Snecko Eye"],"picked":"Black Star"},{"not_picked":["Philosopher\u0027s Stone","SlaversCollar"],"picked":"Calling Bell"}],"items_purged_floors":[],"is_endless":false,"potions_floor_spawned":[1,8,12,21,29,33,39],"killed_by":"Giant Head","ascension_level":9}}