{"host":"q206iib20se9i6w7","time":1610940742,"event":{"mods":["AchievementEnabler","BaseMod","Bestiary","Block Reminder","Colored Map","Colored Powertips","Curses Come First","Highlight Path","Key Reminder","Minty Spire (QoL Compilation)","Quick Restart","Random Character Button","Relic Stats","StSLib","SuperFastMode","Unceasing Turn Reminder"],"gold_per_floor":[113,3,3,14,14,43,43,57,57,91,91,110,110,110,110,229,229,250,264,14,14,29,29,60,60,87,128,141,141,156,81,81,81,81],"floor_reached":33,"language":"ENG","playtime":972,"items_purged":["Strike_R"],"score":352,"play_id":"5e614615-87b7-48b2-b78c-73dbcbf7d7ca","local_time":"20210117213222","is_ascension_mode":true,"campfire_choices":[{"data":"Bash","floor":7.0,"key":"SMITH"},{"data":"1","floor":11.0,"key":"LIFT"},{"data":"2","floor":13.0,"key":"LIFT"},{"data":"3","floor":15.0,"key":"LIFT"},{"data":"Limit Break","floor":23.0,"key":"SMITH"},{"floor":25.0,"key":"REST"},{"floor":29,"key":"REST"},{"data":"Armaments","floor":32,"key":"SMITH"}],"circlet_count":0,"master_deck":["Strike_R","Strike_R","Defend_R","Defend_R","Defend_R","Defend_R","Bash+1","Power Through","Twin Strike","Dropkick+1","Dark Embrace","Thunderclap+1","Disarm","Armaments+1","Immolate+1","Shrug It Off","Spot Weakness+1","Limit Break+1","Cleave","Whirlwind+1","Sever Soul","Pommel Strike","Wild Strike"],"relics":["Burning Blood","Charon\u0027s Ashes","Girya","Anchor","Golden Idol","Philosopher\u0027s Stone","Gremlin Horn","Kunai","keyreminder:keyreminder","Whetstone","Paper Frog"],"acts_visited":["Exordium","TheCity"],"potions_floor_usage":[33],"damage_taken":[{"damage":0.0,"enemies":"Cultist","floor":1.0,"turns":5.0},{"damage":0.0,"enemies":"Small Slimes","floor":4.0,"turns":3.0},{"damage":32.0,"enemies":"Gremlin Nob","floor":6.0,"turns":4.0},{"damage":0.0,"enemies":"2 Louse","floor":8.0,"turns":3.0},{"damage":25.0,"enemies":"Lagavulin","floor":10.0,"turns":7.0},{"damage":20.0,"enemies":"Gremlin Gang","floor":12.0,"turns":5.0},{"damage":12.0,"enemies":"Hexaghost","floor":16.0,"turns":9.0},{"damage":0.0,"enemies":"Chosen","floor":18.0,"turns":2.0},{"damage":0.0,"enemies":"3 Byrds","floor":19.0,"turns":1.0},{"damage":24.0,"enemies":"Snake Plant","floor":22.0,"turns":4.0},{"damage":41.0,"enemies":"Book of Stabbing","floor":24.0,"turns":4.0},{"damage":21.0,"enemies":"Gremlin Leader","floor":27.0,"turns":4.0},{"damage":6,"enemies":"Snecko","floor":28,"turns":3},{"damage":2,"enemies":"Centurion and Healer","floor":30,"turns":3},{"damage":88,"enemies":"Collector","floor":33,"turns":6}],"seed_played":"-3991505916205982578","potions_obtained":[{"floor":4.0,"key":"BloodPotion"},{"floor":10.0,"key":"LiquidMemories"},{"floor":12.0,"key":"LiquidMemories"},{"floor":19.0,"key":"SteroidPotion"},{"floor":24.0,"key":"GamblersBrew"}],"is_trial":false,"path_per_floor":["M","$","?","M","$","E","R","M","T","E","R","M","R","?","R","B",null,"M","M","$","?","M","R","E","R","T","E","M","R","M","?","R","B"],"character_chosen":"IRONCLAD","items_purchased":["Dropkick","Gremlin Horn"],"campfire_rested":2,"item_purchase_floors":[2,20],"current_hp_per_floor":[80,80,80,80,80,54,54,60,60,41,41,27,27,27,27,35,74,74,74,74,74,56,56,21,43,43,28,28,50,54,54,54,0,0],"gold":81,"neow_bonus":"TRANSFORM_CARD","is_daily":false,"chose_seed":false,"campfire_upgraded":3,"win_rate":0.0,"timestamp":1610940742,"path_taken":["M","$","?","?","?","E","R","M","T","E","R","M","R","?","R","BOSS","M","M","$","?","M","R","E","R","T","E","M","R","?","?","R","BOSS"],"items_purchased_type":["Card","Relic"],"build_version":"2020-12-22","purchased_purges":1,"victory":false,"max_hp_per_floor":[80,80,80,80,80,80,80,80,80,80,80,80,80,74,74,74,74,74,74,74,74,74,74,74,74,74,74,74,74,74,74,74,74,74],"relic_stats":{"Gremlin Horn":[5,5],"counters":[15,63],"Golden Idol":62,"Charon\u0027s Ashes":[21],"Kunai":[6],"Whetstone":["Immolate","Thunderclap"],"obtain_stats":[{"keyreminder:keyreminder":24,"Girya":9,"Anchor":10,"Gremlin Horn":20,"Golden Idol":14,"Philosopher\u0027s Stone":17,"Charon\u0027s Ashes":6,"Kunai":24,"Whetstone":26,"Burning Blood":0,"Paper Frog":27},{"keyreminder:keyreminder":11,"Girya":4,"Anchor":5,"Gremlin Horn":9,"Golden Idol":6,"Philosopher\u0027s Stone":7,"Charon\u0027s Ashes":3,"Kunai":11,"Whetstone":11,"Burning Blood":0,"Paper Frog":12},{"keyreminder:keyreminder":47,"Girya":15,"Anchor":22,"Gremlin Horn":39,"Golden Idol":27,"Philosopher\u0027s Stone":36,"Charon\u0027s Ashes":12,"Kunai":47,"Whetstone":47,"Burning Blood":0,"Paper Frog":51}],"Burning Blood":60},"card_choices":[{"not_picked":["Havoc","Heavy Blade"],"picked":"Twin Strike","floor":1.0},{"not_picked":["Havoc","Rupture","Anger"],"picked":"SKIP","floor":4.0},{"not_picked":["Exhume","Carnage"],"picked":"Dark Embrace","floor":6.0},{"not_picked":["Pummel","Flex"],"picked":"Thunderclap","floor":8.0},{"not_picked":["Clash","Warcry"],"picked":"Disarm","floor":10.0},{"not_picked":["Perfected Strike","Body Slam"],"picked":"Armaments","floor":12.0},{"not_picked":["Juggernaut","Berserk"],"picked":"Immolate","floor":16.0},{"not_picked":["Ghostly Armor","Power Through"],"picked":"Shrug It Off","floor":18.0},{"not_picked":["True Grit","Twin Strike"],"picked":"Spot Weakness+1","floor":19.0},{"not_picked":["Sentinel+1","Pummel"],"picked":"Cleave","floor":22.0},{"not_picked":["Armaments","Clothesline"],"picked":"Whirlwind+1","floor":24.0},{"not_picked":["Clash","Pommel Strike"],"picked":"Sever Soul","floor":27},{"not_picked":["Havoc","Armaments"],"picked":"Pommel Strike","floor":28},{"not_picked":["Clothesline","Blood for Blood+1"],"picked":"Wild Strike","floor":30}],"player_experience":256385,"relics_obtained":[{"floor":6.0,"key":"Charon\u0027s Ashes"},{"floor":9.0,"key":"Girya"},{"floor":10.0,"key":"Anchor"},{"floor":24.0,"key":"Kunai"},{"floor":26.0,"key":"Whetstone"},{"floor":27,"key":"Paper Frog"}],"event_choices":[{"damage_healed":0.0,"max_hp_gain":0.0,"max_hp_loss":0.0,"gold_gain":0.0,"event_name":"Upgrade Shrine","player_choice":"Upgraded","floor":3.0,"gold_loss":0.0,"damage_taken":0.0,"cards_upgraded":["Dropkick"]},{"damage_healed":0.0,"max_hp_gain":0.0,"max_hp_loss":6.0,"gold_gain":0.0,"event_name":"Golden Idol","player_choice":"Lose Max HP","floor":14.0,"gold_loss":0.0,"damage_taken":0.0,"relics_obtained":["Golden Idol"]},{"damage_healed":0.0,"max_hp_gain":0.0,"max_hp_loss":0.0,"gold_gain":0.0,"event_name":"Match and Keep!","player_choice":"1 cards matched","floor":21.0,"gold_loss":0.0,"damage_taken":0.0,"cards_obtained":["Limit Break"]},{"cards_removed":["Strike_R"],"damage_healed":0,"gold_gain":0,"player_choice":"Gave Gold","damage_taken":0,"max_hp_gain":0,"max_hp_loss":0,"event_name":"Beggar","floor":31,"gold_loss":75}],"is_beta":false,"boss_relics":[{"not_picked":["Snecko Eye","Pandora\u0027s Box"],"picked":"Philosopher\u0027s Stone"}],"items_purged_floors":[2],"is_endless":false,"potions_floor_spawned":[4,10,12,19,24],"killed_by":"Collector","ascension_level":4}}