{"host":"aqym1xxr3lb31d9m","time":1610969920,"event":{"mods":["BaseMod","Block Reminder","Colored Map","Colored Powertips","DeckTracker","Highlight Path","Minty Spire (QoL Compilation)","Quick Restart","Random Character Button","StSLib","SuperFastMode","UnlockEverythingMod"],"gold_per_floor":[113,130,140,215,21,21,51,51,51,378,388,408,435,435,435,530,530,549,549,529,104,117,117,117],"floor_reached":23,"language":"JPN","playtime":2081,"items_purged":[],"score":418,"play_id":"acfe6f9a-5552-49dc-97d4-ee0a727a8329","local_time":"20210118203840","is_ascension_mode":true,"campfire_choices":[{"data":"Apotheosis","floor":6,"key":"SMITH"},{"data":"Hemokinesis","floor":8,"key":"SMITH"},{"floor":15,"key":"REST"}],"circlet_count":0,"master_deck":["AscendersBane","Strike_R","Strike_R","Strike_R","Strike_R","Defend_R","Defend_R","Defend_R","Bash","True Grit","Flame Barrier","Hemokinesis+1","Carnage","Metallicize","Apotheosis+1","Disarm","Immolate","Whirlwind","Uppercut","Fiend Fire","Burning Pact+1","Dark Shackles"],"relics":["Burning Blood","Eternal Feather","Old Coin","Nunchaku","Golden Idol","SlaversCollar","Torii"],"acts_visited":["Exordium","TheCity"],"potions_floor_usage":[11,22,23],"damage_taken":[{"damage":9,"enemies":"2 Louse","floor":1,"turns":3},{"damage":7,"enemies":"Jaw Worm","floor":2,"turns":4},{"damage":1,"enemies":"Cultist","floor":3,"turns":3},{"damage":30,"enemies":"Gremlin Nob","floor":7,"turns":4},{"damage":12,"enemies":"Lagavulin","floor":10,"turns":8},{"damage":0,"enemies":"Large Slime","floor":11,"turns":4},{"damage":5,"enemies":"Blue Slaver","floor":12,"turns":6},{"damage":30,"enemies":"Gremlin Nob","floor":13,"turns":4},{"damage":19,"enemies":"Slime Boss","floor":16,"turns":7},{"damage":0,"enemies":"3 Byrds","floor":18,"turns":4},{"damage":13,"enemies":"2 Thieves","floor":22,"turns":4},{"damage":74,"enemies":"Gremlin Leader","floor":23,"turns":6}],"seed_played":"8705957801259554475","potions_obtained":[{"floor":2,"key":"Energy Potion"},{"floor":3,"key":"GamblersBrew"},{"floor":10,"key":"BloodPotion"},{"floor":13,"key":"SneckoOil"},{"floor":16,"key":"SkillPotion"},{"floor":18,"key":"AttackPotion"}],"is_trial":false,"path_per_floor":["M","M","M","?","$","R","E","R","T","E","M","M","E","?","R","B",null,"M","?","?","$","M","E"],"character_chosen":"IRONCLAD","items_purchased":["Apotheosis","Torii","Dark Shackles"],"campfire_rested":1,"item_purchase_floors":[5,21,21],"current_hp_per_floor":[47,46,51,40,40,40,16,25,25,19,40,41,17,17,46,33,59,65,65,65,65,58,0,0],"gold":117,"neow_bonus":"TRANSFORM_TWO_CARDS","is_daily":false,"chose_seed":false,"campfire_upgraded":2,"win_rate":0.0,"timestamp":1610969920,"path_taken":["M","M","M","?","$","R","E","R","T","E","M","M","E","?","R","BOSS","M","?","?","$","M","E"],"items_purchased_type":["Card","Relic","Card"],"build_version":"2020-12-22","purchased_purges":0,"victory":false,"max_hp_per_floor":[75,75,75,75,75,75,75,75,75,75,75,75,75,68,68,68,68,68,68,68,68,68,68,68],"card_choices":[{"not_picked":["Clothesline","Armaments"],"picked":"Hemokinesis","floor":1},{"not_picked":["Dark Embrace","Wild Strike"],"picked":"Carnage","floor":2},{"not_picked":["Pommel Strike","Rupture"],"picked":"Metallicize","floor":3},{"not_picked":["Heavy Blade","Perfected Strike"],"picked":"Disarm","floor":7},{"not_picked":["Wild Strike","Thunderclap"],"picked":"Immolate","floor":10},{"not_picked":["Body Slam","Entrench"],"picked":"Whirlwind","floor":11},{"not_picked":["Havoc","Warcry"],"picked":"Uppercut","floor":12},{"not_picked":["Warcry","Body Slam","Infernal Blade"],"picked":"SKIP","floor":13},{"not_picked":["Offering","Berserk"],"picked":"Fiend Fire","floor":16},{"not_picked":["Blood for Blood","Heavy Blade+1"],"picked":"Burning Pact+1","floor":18},{"not_picked":["Whirlwind","Pummel","Fire Breathing"],"picked":"SKIP","floor":22}],"player_experience":3948945,"relics_obtained":[{"floor":7,"key":"Eternal Feather"},{"floor":10,"key":"Old Coin"},{"floor":13,"key":"Nunchaku"}],"event_choices":[{"damage_healed":0,"gold_gain":75,"player_choice":"Gather Gold","damage_taken":11,"max_hp_gain":0,"max_hp_loss":0,"event_name":"World of Goop","floor":4,"gold_loss":0},{"damage_healed":0,"gold_gain":0,"player_choice":"Lose Max HP","damage_taken":0,"relics_obtained":["Golden Idol"],"max_hp_gain":0,"max_hp_loss":7,"event_name":"Golden Idol","floor":14,"gold_loss":0},{"damage_healed":0,"gold_gain":0,"player_choice":"Ignored","damage_taken":0,"max_hp_gain":0,"max_hp_loss":0,"event_name":"Ghosts","floor":19,"gold_loss":0},{"damage_healed":0,"gold_gain":0,"player_choice":"Bought 1 Potion","damage_taken":0,"max_hp_gain":0,"max_hp_loss":0,"event_name":"The Woman in Blue","floor":20,"gold_loss":0}],"is_beta":false,"boss_relics":[{"not_picked":["Busted Crown","Runic Dome"],"picked":"SlaversCollar"}],"items_purged_floors":[],"is_endless":false,"potions_floor_spawned":[2,3,10,13,16,18],"killed_by":"Gremlin Leader","ascension_level":20}}