{"host":"g5ztulhog0otympt","time":1610967935,"event":{"mods":["AchievementEnabler","BaseMod","Downfall","Hermit","Minty Spire (QoL Compilation)","StSLib","The Cursed"],"gold_per_floor":[211,64,64,82,93,93,109,109,135,135,150,150,225,237,237,338,338,366,389,412,424,436,436],"floor_reached":22,"language":"ENG","playtime":859,"items_purged":[],"score":178,"play_id":"a4f1a4c1-062a-466f-9858-2ae0517e5b00","local_time":"20210118130535","is_ascension_mode":false,"campfire_choices":[{"data":"White Noise","floor":6.0,"key":"SMITH"},{"floor":8.0,"key":"REST"},{"data":"Zap","floor":10.0,"key":"SMITH"},{"floor":15.0,"key":"REST"}],"circlet_count":0,"master_deck":["Strike_B","Strike_B","Strike_B","Strike_B","Defend_B","Defend_B","Defend_B","Defend_B","Zap+1","Dualcast+1","White Noise+1","Go for the Eyes","Self Repair","Hyperbeam","CurseOfTheBell","RitualDagger"],"relics":["Cracked Core","Sling","Nunchaku","Calling Bell","MawBank","Shuriken","Mango"],"acts_visited":["Exordium","TheCity"],"potions_floor_usage":[],"damage_taken":[{"damage":8.0,"enemies":"Small Slimes","floor":1.0,"turns":3.0},{"damage":1.0,"enemies":"Jaw Worm","floor":4.0,"turns":2.0},{"damage":1.0,"enemies":"2 Louse","floor":5.0,"turns":3.0},{"damage":20.0,"enemies":"Large Slime","floor":7.0,"turns":6.0},{"damage":0.0,"enemies":"2 Fungi Beasts","floor":11.0,"turns":3.0},{"damage":7.0,"enemies":"Looter","floor":14.0,"turns":3.0},{"damage":25.0,"enemies":"The Guardian","floor":16.0,"turns":10.0},{"damage":34.0,"enemies":"Shell Parasite","floor":18.0,"turns":6.0},{"damage":38.0,"enemies":"2 Thieves","floor":19.0,"turns":4.0},{"damage":23,"enemies":"Centurion and Healer","floor":20,"turns":7},{"damage":11,"enemies":"Snake Plant","floor":22,"turns":1}],"seed_played":"6406033917184489613","potions_obtained":[{"floor":4.0,"key":"Weak Potion"},{"floor":5.0,"key":"Ancient Potion"},{"floor":14.0,"key":"ColorlessPotion"},{"floor":20,"key":"Slimebound:ThreeZeroPotion"}],"is_trial":false,"path_per_floor":["M","$","?","M","M","R","M","R","T","R","M","?","?","M","R","B",null,"M","M","M","?","M"],"character_chosen":"DEFECT","items_purchased":["Sling"],"campfire_rested":2,"item_purchase_floors":[2],"current_hp_per_floor":[67,67,67,66,65,65,45,67,67,67,67,67,56,56,75,57,89,62,31,15,9,0,0],"gold":436,"neow_bonus":"HUNDRED_GOLD","is_daily":false,"chose_seed":false,"campfire_upgraded":2,"win_rate":0.0,"timestamp":1610967935,"path_taken":["M","$","?","M","M","R","M","R","T","R","M","?","?","M","R","BOSS","M","M","M","?","M"],"items_purchased_type":["Relic"],"build_version":"2020-12-22","purchased_purges":0,"victory":false,"max_hp_per_floor":[75,75,75,75,75,75,75,75,75,75,75,75,75,75,75,75,89,89,89,89,89,89,89],"card_choices":[{"not_picked":["Go for the Eyes","Cold Snap"],"picked":"White Noise","floor":1.0},{"not_picked":["Force Field","Static Discharge","Turbo"],"picked":"SKIP","floor":4.0},{"not_picked":["Steam","Rebound","Multi-Cast"],"picked":"SKIP","floor":5.0},{"not_picked":["Scrape","Cold Snap"],"picked":"Go for the Eyes","floor":7.0},{"not_picked":["Double Energy","Stack"],"picked":"Self Repair","floor":11.0},{"not_picked":["Sweeping Beam","Ball Lightning","Hologram"],"picked":"SKIP","floor":14.0},{"not_picked":["Echo Form","Buffer"],"picked":"Hyperbeam","floor":16.0},{"not_picked":["Compile Driver","Hologram","Go for the Eyes+1"],"picked":"SKIP","floor":18.0},{"not_picked":["Tempest","Redo","Turbo"],"picked":"SKIP","floor":19.0},{"not_picked":["Steam Power","Darkness","Steam+1"],"picked":"SKIP","floor":20}],"player_experience":90776,"relics_obtained":[{"floor":9.0,"key":"Nunchaku"},{"floor":17.0,"key":"MawBank"},{"floor":17.0,"key":"Shuriken"},{"floor":17.0,"key":"Mango"}],"event_choices":[{"damage_healed":0.0,"max_hp_gain":0.0,"max_hp_loss":0.0,"gold_gain":0.0,"event_name":"Golden Idol","player_choice":"Ignored","floor":3.0,"gold_loss":0.0,"damage_taken":0.0},{"damage_healed":0.0,"max_hp_gain":0.0,"max_hp_loss":0.0,"gold_gain":0.0,"event_name":"Living Wall","player_choice":"Grow","floor":12.0,"gold_loss":0.0,"damage_taken":0.0,"cards_upgraded":["Dualcast"]},{"damage_healed":0.0,"max_hp_gain":0.0,"max_hp_loss":0.0,"gold_gain":75.0,"event_name":"World of Goop","player_choice":"Gather Gold","floor":13.0,"gold_loss":0.0,"damage_taken":11.0},{"damage_healed":0,"gold_gain":0,"player_choice":"Joined the Cult","damage_taken":6,"max_hp_gain":0,"max_hp_loss":0,"event_name":"Nest","floor":21,"gold_loss":0,"cards_obtained":["RitualDagger"]}],"is_beta":false,"boss_relics":[{"not_picked":["Velvet Choker","Inserter"],"picked":"Calling Bell"}],"items_purged_floors":[],"is_endless":false,"potions_floor_spawned":[4,5,14,20],"killed_by":"Snake Plant","ascension_level":0}}