{"host":"e4hse1vg61zltgzv","time":1610970960,"event":{"mods":["AchievementEnabler","BaseMod","Block Reminder","Colored Map","DeckTracker","GifTheSpireLib","Minty Spire (QoL Compilation)","Rare Cards Sparkle","StSLib","SuperFastMode","The Poker Player","everything is the same but u backflip on backflip"],"gold_per_floor":[119,132,146,296,311,337,337,356,356,373,373,408,333,93,93,93,93],"floor_reached":16,"language":"KOR","playtime":366,"items_purged":["Defend_B"],"score":224,"play_id":"a763f191-8c65-4edd-bd16-0d3942130830","local_time":"20210118205600","is_ascension_mode":true,"campfire_choices":[{"floor":11,"key":"REST"},{"data":"Loop","floor":15,"key":"SMITH"}],"circlet_count":0,"master_deck":["AscendersBane","Strike_B","Strike_B","Strike_B","Defend_B","Defend_B","Defend_B","Zap","Dualcast","BootSequence","Compile Driver","Coolheaded","Ball Lightning","Rip and Tear","Chaos","Sunder","Loop+1"],"relics":["Cracked Core","NeowsBlessing","Darkstone Periapt","Question Card","Shuriken","Oddly Smooth Stone"],"acts_visited":["Exordium"],"potions_floor_usage":[6,6,12,16],"damage_taken":[{"damage":0,"enemies":"Jaw Worm","floor":1,"turns":1},{"damage":0,"enemies":"Small Slimes","floor":2,"turns":1},{"damage":0,"enemies":"2 Louse","floor":3,"turns":1},{"damage":12,"enemies":"Blue Slaver","floor":5,"turns":5},{"damage":8,"enemies":"Lagavulin","floor":6,"turns":6},{"damage":4,"enemies":"3 Louse","floor":8,"turns":3},{"damage":7,"enemies":"2 Fungi Beasts","floor":10,"turns":3},{"damage":6,"enemies":"Gremlin Nob","floor":12,"turns":3},{"damage":46,"enemies":"Hexaghost","floor":16,"turns":9}],"seed_played":"8151170889570492480","potions_obtained":[{"floor":1,"key":"Energy Potion"},{"floor":2,"key":"DistilledChaos"},{"floor":8,"key":"FocusPotion"},{"floor":12,"key":"Weak Potion"}],"is_trial":false,"path_per_floor":["M","M","M","?","M","E","?","M","T","M","R","E","?","$","R","B"],"character_chosen":"DEFECT","items_purchased":["Oddly Smooth Stone"],"campfire_rested":1,"item_purchase_floors":[14],"current_hp_per_floor":[64,64,64,64,52,44,37,33,33,26,47,41,41,41,41,0,0],"gold":93,"neow_bonus":"THREE_ENEMY_KILL","is_daily":false,"chose_seed":false,"campfire_upgraded":1,"win_rate":0.0,"timestamp":1610970960,"path_taken":["M","M","M","?","M","E","?","M","T","M","R","E","?","$","R","BOSS"],"items_purchased_type":["Relic"],"build_version":"2020-12-22","purchased_purges":1,"victory":false,"max_hp_per_floor":[71,71,71,71,71,71,71,71,71,71,71,71,71,71,71,71,71],"card_choices":[{"not_picked":["Go for the Eyes","Fusion"],"picked":"BootSequence","floor":1},{"not_picked":["Steam","Gash"],"picked":"Compile Driver","floor":2},{"not_picked":["Force Field","White Noise"],"picked":"Coolheaded","floor":3},{"not_picked":["Compile Driver","Aggregate"],"picked":"Ball Lightning","floor":5},{"not_picked":["Static Discharge","Leap"],"picked":"Rip and Tear","floor":6},{"not_picked":["Redo","Steam"],"picked":"Chaos","floor":8},{"not_picked":["Compile Driver","Hello World","Chaos"],"picked":"Sunder","floor":10},{"not_picked":["FTL","Beam Cell","Force Field"],"picked":"Loop","floor":12}],"player_experience":808960,"relics_obtained":[{"floor":6,"key":"Darkstone Periapt"},{"floor":9,"key":"Question Card"},{"floor":12,"key":"Shuriken"}],"event_choices":[{"damage_healed":0,"gold_gain":150,"player_choice":"AGREE","damage_taken":0,"max_hp_gain":0,"max_hp_loss":0,"event_name":"Liars Game","floor":4,"gold_loss":0,"cards_obtained":["Doubt"]},{"cards_removed":["Doubt"],"damage_healed":0,"gold_gain":0,"player_choice":"Card Removal","damage_taken":7,"max_hp_gain":0,"max_hp_loss":0,"event_name":"Golden Wing","floor":7,"gold_loss":0},{"cards_removed":["Strike_B"],"damage_healed":0,"gold_gain":0,"player_choice":"Card Removal","damage_taken":0,"max_hp_gain":0,"max_hp_loss":0,"event_name":"The Cleric","floor":13,"gold_loss":75}],"is_beta":false,"boss_relics":[],"items_purged_floors":[14],"is_endless":false,"potions_floor_spawned":[1,2,5,8,12],"killed_by":"Hexaghost","ascension_level":20}}