{"host":"ux1e5jwgl66eze79","time":1610937046,"event":{"mods":["2.2 Compatiblity","Act Like it!","Aspiration","BaseMod","Conspire","Downfall","Duelist Mod","GifTheSpireLib","Hermit","Hubris","Minty Spire (QoL Compilation)","StSLib","The Cursed","Wandering Minibosses"],"gold_per_floor":[138,138,138,138,187,187,215,215,215,245,120,137,149,149,149,254,254,271,286,107,107,180,208,208,233,233,262,63,63,88,88,88,183,183,203,222,110,164,14,43,61,61,61,96,0,0,50,62,62,62],"floor_reached":51,"language":"ENG","playtime":3222,"items_purged":["theDuelist:Sparks"],"score":1156,"play_id":"0d80c091-3f84-4cd1-bf7d-2b4fd1f18de1","local_time":"20210118033046","is_ascension_mode":true,"campfire_choices":[{"data":"Apotheosis","floor":6,"key":"SMITH"},{"data":"theDuelist:NaturiaRock","floor":8,"key":"SMITH"},{"floor":15,"key":"REST"},{"floor":24,"key":"REST"},{"floor":29,"key":"REST"},{"data":"theDuelist:NaturiaEggplant","floor":32,"key":"SMITH"},{"floor":46,"key":"REST"},{"data":"theDuelist:GracefulCharity","floor":49,"key":"SMITH"}],"circlet_count":0,"master_deck":["theDuelist:NaturiaSacredTree+1","theDuelist:NaturiaEggplant+1","theDuelist:NaturiaTulip+1","theDuelist:NaturiaRock+1","theDuelist:NaturiaDragonfly","theDuelist:CastleWalls","theDuelist:Fissure","theDuelist:NaturiaBeast","Apotheosis+1","theDuelist:NaturiaCliff","theDuelist:CastleWalls+1","theDuelist:Sparks","theDuelist:NaturiaSacredTree+1","theDuelist:NaturiaForest","theDuelist:NaturiaSacredTree+1","theDuelist:NaturiaBarkion","theDuelist:NaturiaDragonfly+1","theDuelist:NaturiaBambooShoot","theDuelist:NaturiaHorneedle+1","theDuelist:NaturiaSacredTree+1","theDuelist:NaturiaHydrangea","theDuelist:BottomlessTrapHole","CurseOfTheBell","theDuelist:NaturiaBarkion+1","theDuelist:NaturiaCherries+1","theDuelist:NaturiaSacredTree+1","theDuelist:GracefulCharity+1","theDuelist:NaturiaLandoise+1","theDuelist:NaturiaRock+1","theDuelist:NaturiaEggplant+1"],"relics":["theDuelist:MillenniumPuzzle","theDuelist:CardPoolRelic","theDuelist:CardPoolBasicRelic","theDuelist:BoosterPackPoolRelic","theDuelist:CardPoolAddRelic","theDuelist:CardPoolMinusRelic","theDuelist:CardPoolSaveRelic","theDuelist:CardPoolOptionsRelic","NeowsBlessing","Frozen Egg 2","theDuelist:WhiteBowlRelic","hubris:AstralHammer","Unceasing Top","Sundial","theDuelist:MonsterEggRelic","Ancient Tea Set","Bag of Marbles","Busted Crown","InkBottle","theDuelist:DuelistTeaSet","Bag of Preparation","StoneCalendar","Vajra","theDuelist:DuelistOrichalcum","hubris:ToyBattleship","Calling Bell","conspire:TopHat","Mercury Hourglass","theDuelist:BoosterPackMonsterEgg","Bag of Marbles","hubris:BundleOfHerbs","Mango","hubris:64BitClover","Strawberry","hubris:CrystalStatue","War Paint","Red Mask","FossilizedHelix"],"acts_visited":["Exordium","TheCity","TheBeyond"],"potions_floor_usage":[16,18,23,36,40,48,50],"damage_taken":[{"damage":0,"enemies":"Small Slimes","floor":1,"turns":1},{"damage":0,"enemies":"Small Slimes","floor":5,"turns":1},{"damage":0,"enemies":"3 Sentries","floor":7,"turns":1},{"damage":21,"enemies":"Lagavulin","floor":10,"turns":5},{"damage":0,"enemies":"2 Louse","floor":12,"turns":3},{"damage":0,"enemies":"Jaw Worm","floor":13,"turns":2},{"damage":12,"enemies":"Hexaghost","floor":16,"turns":7},{"damage":0,"enemies":"Spheric Guardian","floor":18,"turns":3},{"damage":24,"enemies":"Chosen","floor":19,"turns":5},{"damage":2,"enemies":"Book of Stabbing","floor":23,"turns":4},{"damage":13,"enemies":"Slavers","floor":25,"turns":4},{"damage":0,"enemies":"Gremlin Leader","floor":27,"turns":4},{"damage":0,"enemies":"Slavers","floor":30,"turns":2},{"damage":0,"enemies":"Champ","floor":33,"turns":7},{"damage":10,"enemies":"Orb Walker","floor":35,"turns":4},{"damage":0,"enemies":"3 Darklings","floor":36,"turns":3},{"damage":7,"enemies":"3 Darklings","floor":38,"turns":5},{"damage":22,"enemies":"Nemesis","floor":40,"turns":4},{"damage":0,"enemies":"Transient","floor":41,"turns":5},{"damage":0,"enemies":"Giant Head","floor":44,"turns":5},{"damage":0,"enemies":"Mind Bloom Boss Battle","floor":47,"turns":3},{"damage":0,"enemies":"Maw","floor":48,"turns":5},{"damage":0,"enemies":"hubris:GrandSnecko","floor":50,"turns":6}],"seed_played":"-1113079096578911003","potions_obtained":[{"floor":7,"key":"LiquidMemories"},{"floor":10,"key":"theDuelist:StunPotion"},{"floor":16,"key":"theDuelist:FireBottle"},{"floor":18,"key":"theDuelist:SealedPackC"},{"floor":23,"key":"hexamod:SoulburnPotion"},{"floor":30,"key":"theDuelist:CoolBottle"},{"floor":44,"key":"Dexterity Potion"},{"floor":47,"key":"theDuelist:SummonArmorPotion"}],"is_trial":false,"path_per_floor":["M","?","?","?","?","R","E","R","T","E","$","M","M","?","R","B",null,"M","M","$","?","T","E","R","E","T","E","$","R","E","?","R","B",null,"M","M","?","?","$","E","M","$","T","E","?","R","?","M","R","B",null],"character_chosen":"THE_DUELIST","items_purchased":["theDuelist:NaturiaSacredTree+1","theDuelist:NaturiaEggplant","theDuelist:SealedPackD","theDuelist:DuelistOrichalcum","theDuelist:NaturiaHydrangea","theDuelist:NaturiaSacredTree+1","theDuelist:GracefulCharity"],"campfire_rested":4,"item_purchase_floors":[11,11,20,28,28,39,39],"current_hp_per_floor":[80,80,73,70,70,70,70,70,70,49,49,49,49,49,73,61,80,80,56,56,56,56,54,78,65,65,65,65,80,80,80,80,80,80,70,70,70,77,77,62,62,62,62,62,62,92,92,92,92,92],"gold":62,"neow_bonus":"THREE_ENEMY_KILL","is_daily":false,"chose_seed":false,"campfire_upgraded":4,"win_rate":0.0,"timestamp":1610937046,"path_taken":["M","?","?","?","?","R","E","R","T","E","?","?","M","?","R","BOSS","M","M","?","?","?","E","R","E","T","E","?","R","E","?","R","BOSS","M","?","?","?","$","E","?","?","T","E","?","R","?","M","R","BOSS"],"items_purchased_type":["Card","Card","Potion","Relic","Card","Card","Card"],"build_version":"2020-12-22","purchased_purges":1,"victory":true,"max_hp_per_floor":[80,80,80,80,80,80,80,80,80,80,80,80,80,80,80,80,80,80,80,80,80,80,80,80,80,80,80,80,80,80,80,80,80,80,80,80,80,94,94,101,101,101,101,101,101,101,101,101,101,101],"card_choices":[{"not_picked":["Chrysalis","Thinking Ahead","Transmutation"],"picked":"Apotheosis","floor":1},{"not_picked":["theDuelist:GraniteLoyalist","theDuelist:BigEye","theDuelist:Wiseman","theDuelist:ImperialOrder+1"],"picked":"theDuelist:Fissure","floor":5},{"not_picked":["theDuelist:NaturiaLeodrake+1","theDuelist:LeodrakeMane+1","theDuelist:Anteater+1"],"picked":"theDuelist:NaturiaSacredTree+1","floor":7},{"not_picked":["theDuelist:NaturiaMantis","theDuelist:NaturiaCliff","theDuelist:LonefireBlossom","theDuelist:SeedSacredTree"],"picked":"theDuelist:NaturiaDragonfly","floor":10},{"not_picked":["theDuelist:NaturiaCliff","theDuelist:CrystalRose","theDuelist:NaturiaBrambi","theDuelist:Anteater+1"],"picked":"theDuelist:NaturiaSacredTree+1","floor":12},{"not_picked":["theDuelist:GraniteLoyalist","theDuelist:HeavyStorm","theDuelist:MudragonSwamp","theDuelist:RockSunrise+1","theDuelist:Cloning"],"picked":"SKIP","floor":13},{"not_picked":["theDuelist:DemiseLand","theDuelist:HuntingInstinct","theDuelist:ClosedForest","theDuelist:NaturiaHorneedle"],"picked":"theDuelist:NaturiaBarkion","floor":16},{"not_picked":["theDuelist:DestroyerGolem","theDuelist:Fissure+1","theDuelist:MudragonSwamp","theDuelist:WingedKuriboh","theDuelist:MudGolem"],"picked":"SKIP","floor":18},{"not_picked":["theDuelist:NaturiaEggplant","theDuelist:NaturiaRock","theDuelist:NaturiaRosewhip","theDuelist:SummoningSwarm"],"picked":"theDuelist:NaturiaDragonfly+1","floor":19},{"not_picked":["theDuelist:NaturiaForest+1","theDuelist:DemiseLand","theDuelist:ClosedForest","theDuelist:Canyon+1"],"picked":"theDuelist:NaturiaHorneedle+1","floor":23},{"not_picked":["theDuelist:NaturalDisaster+1","theDuelist:LairWire+1","theDuelist:Anteater+1"],"picked":"theDuelist:NaturiaSacredTree+1","floor":25},{"not_picked":["theDuelist:Sangan+1","theDuelist:MillenniumGolem+1","theDuelist:MudGolem","theDuelist:Fissure+1","theDuelist:Mudora"],"picked":"SKIP","floor":27},{"not_picked":["theDuelist:SurvivalInstinct","theDuelist:NaturalDisaster+1","theDuelist:LairWire+1","theDuelist:AcidTrapHole+1"],"picked":"theDuelist:BottomlessTrapHole","floor":30},{"not_picked":["theDuelist:SeismicShockwave+1","theDuelist:Canyon+1","theDuelist:MultiplicationOfAnts+1","theDuelist:NaturiaHorneedle+1"],"picked":"theDuelist:NaturiaBarkion+1","floor":35},{"not_picked":["theDuelist:SeedSacredTree","theDuelist:NaturiaWhiteOak+1","theDuelist:FossilDig+1","theDuelist:MillenniumScorpion+1"],"picked":"theDuelist:NaturiaCherries+1","floor":36},{"not_picked":["theDuelist:NaturiaHydrangea+1","theDuelist:NaturiaEggplant+1","theDuelist:NaturiaDragonfly+1","theDuelist:NaturiaCliff+1","theDuelist:VenomShot"],"picked":"SKIP","floor":40},{"not_picked":["theDuelist:NaturiaRock+1","theDuelist:NaturiaGaiastrio+1","theDuelist:CrystalRose+1","theDuelist:NaturiaCliff+1"],"picked":"theDuelist:NaturiaLandoise+1","floor":41},{"not_picked":["theDuelist:NaturiaEggplant+1","theDuelist:NaturiaMantis+1","theDuelist:FossilDig+1","theDuelist:LonefireBlossom+1"],"picked":"theDuelist:NaturiaRock+1","floor":44},{"not_picked":["theDuelist:SummoningSwarm+1","theDuelist:Spore+1","theDuelist:NaturiaHydrangea+1","theDuelist:SurvivalInstinct"],"picked":"theDuelist:NaturiaEggplant+1","floor":48}],"player_experience":133707,"relics_obtained":[{"floor":5,"key":"theDuelist:WhiteBowlRelic"},{"floor":5,"key":"hubris:AstralHammer"},{"floor":5,"key":"Unceasing Top"},{"floor":7,"key":"Sundial"},{"floor":9,"key":"theDuelist:MonsterEggRelic"},{"floor":10,"key":"Ancient Tea Set"},{"floor":22,"key":"InkBottle"},{"floor":23,"key":"theDuelist:DuelistTeaSet"},{"floor":25,"key":"Bag of Preparation"},{"floor":26,"key":"StoneCalendar"},{"floor":27,"key":"Vajra"},{"floor":30,"key":"hubris:ToyBattleship"},{"floor":34,"key":"conspire:TopHat"},{"floor":34,"key":"Mercury Hourglass"},{"floor":34,"key":"theDuelist:BoosterPackMonsterEgg"},{"floor":38,"key":"hubris:BundleOfHerbs"},{"floor":38,"key":"Mango"},{"floor":38,"key":"hubris:64BitClover"},{"floor":40,"key":"Strawberry"},{"floor":43,"key":"hubris:CrystalStatue"},{"floor":44,"key":"War Paint"},{"floor":47,"key":"FossilizedHelix"}],"event_choices":[{"damage_healed":0,"gold_gain":0,"cards_transformed":["theDuelist:Sparks"],"player_choice":"Change","damage_taken":0,"max_hp_gain":0,"max_hp_loss":0,"event_name":"Living Wall","floor":2,"gold_loss":0,"cards_obtained":["theDuelist:NaturiaForest"]},{"cards_removed":["theDuelist:CastleWalls"],"damage_healed":0,"gold_gain":0,"player_choice":"Card Removal","damage_taken":7,"max_hp_gain":0,"max_hp_loss":0,"event_name":"Golden Wing","floor":3,"gold_loss":0},{"damage_healed":0,"gold_gain":0,"player_choice":"Success","damage_taken":3,"relics_obtained":["Frozen Egg 2"],"max_hp_gain":0,"max_hp_loss":0,"event_name":"Scrap Ooze","floor":4,"gold_loss":0},{"damage_healed":0,"gold_gain":0,"player_choice":"Fight","duelist":true,"damage_taken":0,"max_hp_gain":0,"max_hp_loss":0,"event_name":"Battle City","floor":5,"gold_loss":0},{"damage_healed":0,"gold_gain":0,"player_choice":"Gave Potion","damage_taken":0,"relics_obtained":["Bag of Marbles"],"max_hp_gain":0,"max_hp_loss":0,"event_name":"WeMeetAgain","floor":14,"gold_loss":0},{"damage_healed":0,"gold_gain":0,"player_choice":"Full Heal","damage_taken":0,"max_hp_gain":0,"max_hp_loss":0,"event_name":"Wheel of Change","floor":31,"gold_loss":0},{"damage_healed":0,"gold_gain":0,"player_choice":"Duplicated Relic - Bag of Marbles","duelist":true,"damage_taken":0,"max_hp_gain":0,"max_hp_loss":0,"event_name":"Relic Duplicator","floor":37,"gold_loss":0},{"damage_healed":0,"gold_gain":0,"player_choice":"Fight","duelist":true,"damage_taken":0,"max_hp_gain":0,"max_hp_loss":0,"event_name":"Battle City","floor":38,"gold_loss":0},{"damage_healed":0,"gold_gain":0,"player_choice":"Paid","damage_taken":0,"relics_obtained":["Red Mask"],"max_hp_gain":0,"max_hp_loss":0,"event_name":"Tomb of Lord Red Mask","floor":45,"gold_loss":96},{"damage_healed":0,"gold_gain":0,"player_choice":"Fight","damage_taken":0,"max_hp_gain":0,"max_hp_loss":0,"event_name":"MindBloom","floor":47,"gold_loss":0}],"is_beta":false,"boss_relics":[{"not_picked":["Snecko Eye","hubris:HollowSoul"],"picked":"Busted Crown"},{"not_picked":["aspiration:DefectSkillbook","Runic Cube"],"picked":"Calling Bell"}],"items_purged_floors":[20],"is_endless":false,"potions_floor_spawned":[7,10,16,18,23,30,35,44,47],"ascension_level":1}}