{"host":"k5ju8d0zk0rk1tfm","time":1610934155,"event":{"mods":["100% Spire Juice","2.2 Compatiblity","Act Like it!","BaseMod","ChefMod","GifTheSpireLib","Hallownest","Hermit","Infinite Spire","Jorbs\u0027s Wanderer Trilogy","Marisa????????","Minty Spire (QoL Compilation)","Potionbrewer","Random Character Button","Replay The Spire","Shade Mod","StSLib","Stuff the Spire","The Alterego","The Bug Knight","The Cursed","The Florist","The Hierophant","The Judge","The Jungle","The Marked","The Necromancer","The Senshi","The Servant 0.9.4","The Spell Scribe","TheSwordswoman","thorton"],"gold_per_floor":[111,111,35,35,51,51,83,83,83,94,109,120,130,145,145,145,145],"floor_reached":16,"language":"ENG","playtime":878,"items_purged":[],"score":104,"play_id":"c4154ed4-7ccb-4cc5-858a-c981aa2c88b7","local_time":"20210117184235","is_ascension_mode":false,"campfire_choices":[{"data":"WordoMod:Penitence","floor":6,"key":"SMITH"},{"floor":8,"key":"REST"},{"floor":15,"key":"REST"}],"circlet_count":0,"master_deck":["WordoMod:StrikeCard","WordoMod:StrikeCard","WordoMod:StrikeCard","WordoMod:StrikeCard","WordoMod:DefendCard","WordoMod:DefendCard","WordoMod:DefendCard","WordoMod:DefendCard","WordoMod:Accursed","WordoMod:IllWill","WordoMod:BurdenOfSin","Decay","WordoMod:Penitence+1","WordoMod:Vulgarity","Parasite","WordoMod:ProfanedFlame","WordoMod:LanternFlame","WordoMod:BreakChains","Languid","WordoMod:LordOfTheFlies","WordoMod:Unchained","WordoMod:LanternFlame"],"relics":["WordoMod:Obsidian","WordoMod:Effigy","Lantern","StuffTheSpire:Barrel"],"acts_visited":["Exordium"],"potions_floor_usage":[],"damage_taken":[{"damage":6,"enemies":"Jaw Worm","floor":1,"turns":5},{"damage":1,"enemies":"Cultist","floor":5,"turns":4},{"damage":48,"enemies":"Gremlin Nob","floor":7,"turns":5},{"damage":8,"enemies":"Small Slimes","floor":10,"turns":2},{"damage":11,"enemies":"Red Slaver","floor":11,"turns":3},{"damage":6,"enemies":"Blue Slaver","floor":12,"turns":4},{"damage":7,"enemies":"Looter","floor":13,"turns":3},{"damage":0,"enemies":"3 Louse","floor":14,"turns":1},{"damage":47,"enemies":"Hexaghost","floor":16,"turns":7}],"seed_played":"6261154462948402417","potions_obtained":[{"floor":1,"key":"SteroidPotion"},{"floor":11,"key":"AttackPotion"},{"floor":12,"key":"Elixir"}],"is_trial":false,"path_per_floor":["M","?","$","?","M","R","E","R","T","M","M","M","M","M","R","B"],"character_chosen":"JUDGE_CLASS","items_purchased":["WordoMod:Penitence"],"campfire_rested":2,"item_purchase_floors":[3],"current_hp_per_floor":[76,76,76,76,75,75,27,51,51,43,32,26,19,19,43,0,0],"gold":145,"neow_bonus":"TEN_PERCENT_HP_BONUS","is_daily":false,"chose_seed":false,"campfire_upgraded":1,"win_rate":0.0,"timestamp":1610934155,"path_taken":["M","?","?","?","M","R","E","R","T","M","?","M","?","M","R","BOSS"],"items_purchased_type":["Card"],"build_version":"2020-12-22","purchased_purges":0,"victory":false,"max_hp_per_floor":[82,82,82,82,82,82,82,82,82,82,82,82,82,82,82,82,82],"card_choices":[{"not_picked":["WordoMod:Reading","WordoMod:WillOWisp"],"picked":"WordoMod:BurdenOfSin","floor":1},{"not_picked":["WordoMod:Plague","WordoMod:ScatterAshes"],"picked":"WordoMod:Vulgarity","floor":5},{"not_picked":["Amnesia","Pain"],"picked":"Parasite","floor":7},{"not_picked":["WordoMod:ScatterAshes","WordoMod:WillOWisp"],"picked":"WordoMod:ProfanedFlame","floor":7},{"not_picked":["WordoMod:GivesYouHell","WordoMod:BurdenOfSin"],"picked":"WordoMod:LanternFlame","floor":10},{"not_picked":["WordoMod:Vulgarity","WordoMod:Retaliate"],"picked":"WordoMod:BreakChains","floor":11},{"not_picked":["Pain","Hallucinations"],"picked":"Languid","floor":12},{"not_picked":["WordoMod:ScatterAshes","WordoMod:InfectiousCulture"],"picked":"WordoMod:LordOfTheFlies","floor":12},{"not_picked":["WordoMod:ICurseThee","WordoMod:ThornedFist"],"picked":"WordoMod:Unchained","floor":13},{"not_picked":["WordoMod:FalseDiagnosis","WordoMod:HighwayToHell"],"picked":"WordoMod:LanternFlame","floor":14}],"player_experience":219395,"relics_obtained":[{"floor":7,"key":"Lantern"},{"floor":9,"key":"StuffTheSpire:Barrel"}],"event_choices":[{"damage_healed":0,"gold_gain":0,"player_choice":"Cursed","damage_taken":0,"max_hp_gain":0,"max_hp_loss":0,"event_name":"Wheel of Change","floor":2,"gold_loss":0,"cards_obtained":["Decay"]},{"damage_healed":0,"gold_gain":0,"player_choice":"Ignored","damage_taken":0,"max_hp_gain":0,"max_hp_loss":0,"event_name":"Fountain of Cleansing","floor":4,"gold_loss":0}],"is_beta":false,"boss_relics":[],"items_purged_floors":[],"is_endless":false,"potions_floor_spawned":[1,11,12,14],"killed_by":"Hexaghost","ascension_level":0}}