{"host":"684z1xpuwaoqmmh1","time":1610969043,"event":{"mods":["Bard","BaseMod","Downfall","Hermit","Jorbs\u0027s Wanderer Trilogy","Marisa????????","Minty Spire (QoL Compilation)","Robot Space Explorer","Shade Mod","StSLib","The Bug Knight","The Cursed","The Hayseed","The Hierophant","The Marked","The Mystic","The Runesmith","The Senshi","The Spell Scribe"],"gold_per_floor":[113,126,142,142,142,168,168,168,168],"floor_reached":8,"language":"ENG","playtime":477,"items_purged":[],"score":59,"play_id":"f44d28cd-7312-4a28-8a80-8d90a19af392","local_time":"20210118132403","is_ascension_mode":true,"campfire_choices":[{"floor":7,"key":"REST"}],"circlet_count":0,"master_deck":["bard:Strike","bard:Strike","bard:Strike","bard:Strike","bard:Defend","bard:Defend","bard:Defend","bard:Defend","bard:Riposte","bard:Inspire","bard:Shout","bard:HideousLaughter","bard:Heroism","bard:QuickSong","bard:SixFourTime"],"relics":["bard:PitchPipe","bard:BagPipes","Pear","Mummified Hand"],"acts_visited":["Exordium"],"potions_floor_usage":[],"damage_taken":[{"damage":0,"enemies":"Cultist","floor":1,"turns":4},{"damage":0,"enemies":"2 Louse","floor":2,"turns":3},{"damage":0,"enemies":"Jaw Worm","floor":3,"turns":3},{"damage":21,"enemies":"Gremlin Nob","floor":6,"turns":5},{"damage":1,"enemies":"3 Sentries","floor":8,"turns":5}],"seed_played":"-750439248624092112","potions_obtained":[{"floor":2,"key":"Ancient Potion"}],"is_trial":false,"path_per_floor":["M","M","M","?","?","E","R","E"],"character_chosen":"BARD","items_purchased":[],"campfire_rested":1,"item_purchase_floors":[],"current_hp_per_floor":[70,70,70,55,55,34,58,57,57],"gold":168,"neow_bonus":"THREE_CARDS","is_daily":false,"chose_seed":false,"campfire_upgraded":0,"win_rate":0.0,"timestamp":1610969043,"path_taken":["M","?","M","?","?","E","R","E"],"items_purchased_type":[],"build_version":"2020-12-22","purchased_purges":0,"victory":false,"max_hp_per_floor":[70,70,70,80,80,80,80,80,80],"card_choices":[{"not_picked":["bard:InspiringSong","bard:QuickSong"],"picked":"bard:Shout","floor":0},{"not_picked":["bard:Parry","bard:TinyHut"],"picked":"bard:HideousLaughter","floor":1},{"not_picked":["bard:Shout","bard:BucklerBash"],"picked":"bard:Heroism","floor":2},{"not_picked":["bard:Gamble","bard:FeastOnFear"],"picked":"bard:QuickSong","floor":3},{"not_picked":["bard:InspiringSong","bard:Parry"],"picked":"bard:SixFourTime","floor":6}],"player_experience":2876010,"relics_obtained":[{"floor":6,"key":"Mummified Hand"}],"event_choices":[{"damage_healed":0,"gold_gain":0,"player_choice":"Success","damage_taken":25,"relics_obtained":["Pear"],"max_hp_gain":0,"max_hp_loss":0,"event_name":"Scrap Ooze","floor":4,"gold_loss":0},{"damage_healed":0,"gold_gain":0,"player_choice":"Ignored","damage_taken":0,"max_hp_gain":0,"max_hp_loss":0,"event_name":"Liars Game","floor":5,"gold_loss":0}],"is_beta":false,"boss_relics":[],"items_purged_floors":[],"is_endless":false,"potions_floor_spawned":[2],"killed_by":"3 Sentries","ascension_level":1}}