{"host":"th1rgt4ohg3ajuw6","time":1610934484,"event":{"mods":["Act Like it!","Bard","BaseMod","Downfall","GifTheSpireLib","GungeonMod","Minty Spire (QoL Compilation)","Shop Mod","StSLib","Stuff the Spire"],"gold_per_floor":[99,112,122,134,134,134,134,3,3,21,121,121,22,41,58,156,156,156,173,188,201,16,16,16,16,1,1,12,42,42,59,76,76,76,76],"floor_reached":33,"language":"ENG","playtime":3602,"items_purged":[],"score":284,"play_id":"69e3c61b-3c9d-47af-935b-4981d5e285d6","local_time":"20210117174804","is_ascension_mode":false,"campfire_choices":[{"data":"champ:Taunt","floor":1.0,"key":"SMITH"},{"data":"champ:IronFortress","floor":6.0,"key":"SMITH"},{"data":"champ:Lariat","floor":9.0,"key":"SMITH"},{"floor":12.0,"key":"REST"},{"data":"champ:EndlessRage","floor":18.0,"key":"SMITH"},{"floor":23.0,"key":"REST"},{"floor":27.0,"key":"REST"}],"circlet_count":0,"master_deck":["champ:Strike","champ:Strike","champ:Defend","champ:Defend+1","champ:Defend+1","champ:Execute+1","champ:Taunt+1","champ:Lariat+1","champ:IronFortress+1","champ:RapidStrikes","champ:BringItOn","champ:HeartStrike","champ:EndlessRage+1","champ:PreciseThrust","champ:GladiatorStyle","champ:CheapShot","expansioncontent:LastStand","champ:FlashCut","champ:Endure","champ:TripleStrike","champ:VampiricStrike+1","champ:GutPunch+1","champ:EnGarde+1","champ:CrownThrow","champ:FocusedBerserking","champ:StrikeOfGenius","champ:BladeFlurry","champ:Circumvent","champ:EnGarde","champ:Haymaker","champ:SkillfulDodge","champ:ArenaPreparation","champ:Backstep+1","champ:SetATrap","champ:TornadoPunch"],"relics":["champ:ChampionCrown","champ:LiftRelic","War Paint","CloakClasp","Astrolabe","MealTicket","DemoMod:LamentConfigurum"],"acts_visited":["Exordium","TheCity"],"potions_floor_usage":[28,29,33],"damage_taken":[{"damage":10.0,"enemies":"2 Louse","floor":2.0,"turns":3.0},{"damage":0.0,"enemies":"Jaw Worm","floor":3.0,"turns":4.0},{"damage":30.0,"enemies":"Cultist","floor":4.0,"turns":4.0},{"damage":25.0,"enemies":"downfall:FleeingMerchant","floor":8.0,"turns":4.0},{"damage":2.0,"enemies":"Blue Slaver","floor":10.0,"turns":3.0},{"damage":55.0,"enemies":"Blue Slaver","floor":11.0,"turns":8.0},{"damage":20.0,"enemies":"downfall:FleeingMerchant","floor":13.0,"turns":4.0},{"damage":0.0,"enemies":"Red Slaver","floor":14.0,"turns":4.0},{"damage":10.0,"enemies":"Large Slime","floor":15.0,"turns":5.0},{"damage":46.0,"enemies":"SI_SHIV_ARCHETYPE","floor":16.0,"turns":9.0},{"damage":10.0,"enemies":"Chosen","floor":19.0,"turns":4.0},{"damage":11.0,"enemies":"Shell Parasite","floor":20.0,"turns":4.0},{"damage":39.0,"enemies":"Shelled Parasite and Fungi","floor":21.0,"turns":8.0},{"damage":44.0,"enemies":"downfall:FleeingMerchant","floor":22.0,"turns":5.0},{"damage":53.0,"enemies":"downfall:FleeingMerchant","floor":26.0,"turns":5.0},{"damage":40,"enemies":"Cultist and Chosen","floor":28,"turns":6},{"damage":64,"enemies":"Slavers","floor":29,"turns":8},{"damage":6,"enemies":"Snecko","floor":31,"turns":8},{"damage":28,"enemies":"Shelled Parasite and Fungi","floor":32,"turns":6},{"damage":117,"enemies":"DF_ARCHETYPE_CLAW","floor":33,"turns":11}],"seed_played":"-6887465320264698891","potions_obtained":[{"floor":2.0,"key":"DistilledChaos"},{"floor":4.0,"key":"ColorlessPotion"},{"floor":14.0,"key":"SpeedPotion"},{"floor":15.0,"key":"Energy Potion"},{"floor":28,"key":"GamblersBrew"},{"floor":29,"key":"champ:OpenerPotion"}],"is_trial":false,"path_per_floor":["R","M","M","M","?","R","T","$","R","M","?","R","$","M","M","B",null,"R","M","M","M","$","R","T","?","$","R","M","E","?","M","M","B"],"character_chosen":"THE_CHAMP","items_purchased":["champ:HeartStrike","champ:EndlessRage","expansioncontent:LastStand","champ:BladeFlurry","champ:Circumvent","champ:EnGarde","champ:Haymaker"],"campfire_rested":3,"item_purchase_floors":[8,8,13,22,22,22,22],"current_hp_per_floor":[90,90,90,85,85,85,85,85,85,83,73,90,90,90,90,74,90,90,90,79,50,41,68,68,68,60,87,72,23,100,99,86,0,0,0],"gold":76,"neow_bonus":"UPGRADE_CARD","is_daily":false,"chose_seed":false,"campfire_upgraded":4,"win_rate":0.0,"timestamp":1610934484,"path_taken":["R","M","M","M","?","R","T","$","R","M","?","R","$","M","M","BOSS","R","M","M","M","$","R","T","?","$","R","M","E","?","M","M","BOSS"],"items_purchased_type":["Card","Card","Card","Card","Card","Card","Card"],"build_version":"2020-12-22","purchased_purges":0,"victory":false,"max_hp_per_floor":[90,90,90,90,90,90,90,90,90,90,90,90,90,90,90,90,90,90,90,90,90,90,90,90,90,90,90,90,90,100,100,100,100,100,100],"card_choices":[{"not_picked":["champ:Shatter","champ:EnragedBash"],"picked":"champ:Lariat","floor":2.0},{"not_picked":["champ:DefensiveShout","champ:BringItOn"],"picked":"champ:IronFortress","floor":3.0},{"not_picked":["champ:Haymaker","champ:Circumvent"],"picked":"champ:RapidStrikes","floor":4.0},{"not_picked":["champ:PreciseThrust","champ:PreemptiveStrike"],"picked":"champ:BringItOn","floor":8.0},{"not_picked":["champ:Backstep","champ:Encircle"],"picked":"champ:PreciseThrust","floor":10.0},{"not_picked":["champ:Endure","champ:GutPunch"],"picked":"champ:GladiatorStyle","floor":11.0},{"not_picked":["champ:EndlessRage","champ:PerfectedStrike"],"picked":"champ:CheapShot","floor":13.0},{"not_picked":["champ:StanceDance","champ:CrownThrow"],"picked":"champ:FlashCut","floor":14.0},{"not_picked":["champ:DeathBlow","champ:Haymaker"],"picked":"champ:Endure","floor":15.0},{"not_picked":["champ:IgnorePain","champ:ShieldThrow"],"picked":"champ:TripleStrike","floor":16.0},{"not_picked":["champ:TripleStrike","champ:Parry"],"picked":"champ:EnGarde+1","floor":19.0},{"not_picked":["champ:FlashCut","champ:EnGarde"],"picked":"champ:CrownThrow","floor":20.0},{"not_picked":["champ:AdrenalArmor","champ:HeartStrike"],"picked":"champ:FocusedBerserking","floor":21.0},{"not_picked":["champ:Haymaker","champ:FalseCounter"],"picked":"champ:StrikeOfGenius","floor":22.0},{"not_picked":["champ:EnragedBash","champ:GutPunch"],"picked":"champ:SkillfulDodge","floor":26.0},{"not_picked":["champ:RisingSlash+1","champ:BringItOn+1"],"picked":"champ:ArenaPreparation","floor":28},{"not_picked":["champ:AdrenalArmor","champ:Encircle"],"picked":"champ:Backstep+1","floor":29},{"not_picked":["champ:CrownThrow+1","champ:FocusedDefense"],"picked":"champ:SetATrap","floor":31},{"not_picked":["champ:CalledShot","champ:Endure"],"picked":"champ:TornadoPunch","floor":32}],"player_experience":240219,"relics_obtained":[{"floor":7.0,"key":"War Paint"},{"floor":11.0,"key":"CloakClasp"},{"floor":24.0,"key":"MealTicket"},{"floor":29,"key":"DemoMod:LamentConfigurum"}],"event_choices":[{"cards_removed":["champ:Devastate"],"damage_healed":67,"gold_gain":0,"player_choice":"Offered Rare","damage_taken":0,"max_hp_gain":10,"max_hp_loss":0,"event_name":"Bonfire Elementals","floor":30,"gold_loss":0}],"is_beta":false,"boss_relics":[{"not_picked":["StuffTheSpire:ModemDavis","Runic Dome"],"picked":"Astrolabe"}],"items_purged_floors":[],"is_endless":false,"potions_floor_spawned":[2,4,14,15,28,29],"killed_by":"DF_ARCHETYPE_CLAW","ascension_level":0}}