{"host":"7kj0ynzap1jglrpi","time":1610950264,"event":{"mods":["100% Spire Juice","ATMod(阿瑾Mod)","Act Like it!","BaseMod","CapriCore","Friendly Minions","Jedi Mod","Minty Spire (QoL Compilation)","RumiaBox-露米娅的神秘盒子","Spicy Shops","StSLib","TestMod","The Blackbeard","[IsaacMod]以撒尖塔","【功能Mod】混沌之环修复补丁","【遗物卡牌】REMEMod"],"gold_per_floor":[419,419,419,435,451,451,471,424,450,460,460,460,147,147,147,162,162],"floor_reached":16,"language":"ZHS","playtime":725,"items_purged":[],"score":175,"play_id":"6915e5a8-9868-487e-bdb0-bfafe71dd657","local_time":"20210118141104","is_ascension_mode":false,"campfire_choices":[{"data":"Moonworks:MiracleWalker","floor":6,"key":"SMITH"},{"data":"AT_EmpoweredMortalDraw","floor":15,"key":"SMITH"}],"circlet_count":0,"master_deck":["Moonworks:Strike","Moonworks:Strike","Moonworks:Strike","Moonworks:Strike","Moonworks:Defend","Moonworks:Defend","Moonworks:Defend","Moonworks:Defend","Moonworks:Ambush","Moonworks:LongDistanceShot","BettingIsNotGood","testmod-LifeRuler","AT_EmpoweredMortalDraw+1","Barricade","Moonworks:BindingChains","Regret","Moonworks:MiracleWalker+1","Moonworks:SweetBattle","Moonworks:CrystalBarrier","Moonworks:FullSpeedAlicianrone+1"],"relics":["Moonworks:BrokenBomb","Moonworks:Homemark","testmod-TestBox","REME_ComplimentaryCards","AT_ATBox","testmod-CrystalShield","Anchor","Baka","Juzu Bracelet","testmod-Hope","Bag of Preparation","Tiny Chest","Moonworks:LittleGull","Question Card","Pear","LastBattle","Molten Egg 2","Bottled Tornado"],"acts_visited":["Exordium"],"potions_floor_usage":[13],"damage_taken":[{"damage":0,"enemies":"Small Slimes","floor":1,"turns":2},{"damage":2,"enemies":"Cultist","floor":4,"turns":4},{"damage":4,"enemies":"2 Louse","floor":5,"turns":2},{"damage":2,"enemies":"Looter","floor":7,"turns":4},{"damage":6,"enemies":"Large Slime","floor":10,"turns":4},{"damage":9,"enemies":"3 Sentries","floor":13,"turns":2},{"damage":3,"enemies":"Slime Boss","floor":16,"turns":4}],"seed_played":"-6981087995775948418","potions_obtained":[{"floor":10,"key":"FearPotion"}],"is_trial":false,"path_per_floor":["M","?","?","M","M","R","M","?","T","M","?","?","E","T","R","B"],"character_chosen":"THE_STARBREAKER","items_purchased":[],"campfire_rested":0,"item_purchase_floors":[],"current_hp_per_floor":[84,84,84,82,78,78,76,76,76,80,80,80,71,71,71,0,0],"gold":162,"neow_bonus":"ONE_RARE_RELIC","is_daily":false,"chose_seed":false,"campfire_upgraded":2,"win_rate":0.0,"timestamp":1610950264,"path_taken":["M","?","?","M","M","R","M","?","T","M","?","?","E","?","R","BOSS"],"items_purchased_type":[],"build_version":"2020-12-22","purchased_purges":0,"victory":false,"max_hp_per_floor":[120,120,120,120,120,120,120,120,120,130,130,130,130,130,130,130,130],"card_choices":[{"not_picked":[],"picked":"BettingIsNotGood","floor":0},{"not_picked":["Moonworks:BigMagnum","Moonworks:Assault"],"picked":"Moonworks:BindingChains","floor":1},{"not_picked":["Moonworks:CloudOfSeagulls","Moonworks:BeyondHell"],"picked":"Moonworks:MiracleWalker","floor":4},{"not_picked":["Moonworks:SakisCookie","Moonworks:JonathanRush"],"picked":"Bomb","floor":5},{"not_picked":["Moonworks:Dash","Moonworks:IntelligenceOfficer"],"picked":"Moonworks:SweetBattle","floor":7},{"not_picked":["Moonworks:EvilSpyWorkPreparation","Bomb"],"picked":"Moonworks:CrystalBarrier","floor":10},{"not_picked":["Moonworks:NicePresent","Moonworks:LulusLuckyEgg","Moonworks:DevilHand+1"],"picked":"Moonworks:FullSpeedAlicianrone+1","floor":13}],"player_experience":89109,"relics_obtained":[{"floor":1,"key":"Anchor"},{"floor":1,"key":"Baka"},{"floor":4,"key":"Bag of Preparation"},{"floor":5,"key":"Tiny Chest"},{"floor":7,"key":"Moonworks:LittleGull"},{"floor":10,"key":"Question Card"},{"floor":10,"key":"Pear"},{"floor":13,"key":"LastBattle"},{"floor":13,"key":"Molten Egg 2"},{"floor":14,"key":"Bottled Tornado"}],"event_choices":[{"damage_healed":0,"gold_gain":0,"player_choice":"Swap Relic","damage_taken":0,"relics_obtained":["Juzu Bracelet"],"max_hp_gain":0,"max_hp_loss":0,"event_name":"给自己的盒子","floor":2,"relics_lost":["HushsDoor"],"gold_loss":0},{"damage_healed":0,"gold_gain":0,"player_choice":"Box","damage_taken":0,"relics_obtained":["testmod-Hope"],"max_hp_gain":0,"max_hp_loss":0,"event_name":"Big Fish","floor":3,"gold_loss":0,"cards_obtained":["Regret"]},{"damage_healed":0,"gold_gain":0,"player_choice":"Left Gold","damage_taken":0,"max_hp_gain":0,"max_hp_loss":0,"event_name":"World of Goop","floor":8,"gold_loss":47},{"damage_healed":0,"gold_gain":0,"player_choice":"Fled","damage_taken":0,"max_hp_gain":0,"max_hp_loss":0,"event_name":"Scrap Ooze","floor":11,"gold_loss":0}],"is_beta":false,"boss_relics":[],"items_purged_floors":[],"is_endless":false,"potions_floor_spawned":[10],"killed_by":"Slime Boss","ascension_level":0}}