{"host":"Zandorum","time":1610944473,"event":{"mods":["100% Spire Juice","2.2 Compatiblity","Act Like it!","Bard","BaseMod","Better Note","Hermit","Hubris","Jorbs\u0027s Wanderer Trilogy","Mimic Mod","Minty Spire (QoL Compilation)","Quick Restart","Rare Cards Sparkle","Reorder Act Four","Somnambulant","StSLib","The Cursed","The Disciple","The Hierophant","The Jungle","The Runesmith","TheVacant"],"gold_per_floor":[117,117,135,15,30,7,7,7,89,89,89],"floor_reached":10,"language":"ENG","playtime":269,"items_purged":[],"score":56,"play_id":"2c28999b-eed1-4b1d-ab0e-a6735d313fb2","local_time":"20210117203433","is_ascension_mode":false,"campfire_choices":[{"data":"Moonworks:RedAndBlue","floor":7,"key":"SMITH"}],"circlet_count":0,"master_deck":["Moonworks:Strike+1","Moonworks:Strike+1","Moonworks:Strike","Moonworks:Strike","Moonworks:Defend","Moonworks:Defend","Moonworks:Defend","Moonworks:Defend","Moonworks:Ambush","Moonworks:LongDistanceShot","Moonworks:ImOnFire","Moonworks:BigMagnum","Flash of Steel","Moonworks:RedAndBlue+1","Moonworks:BigMagnum","Regret"],"relics":["Moonworks:BrokenBomb","Moonworks:Homemark","Bag of Marbles","The Courier"],"acts_visited":["Exordium"],"potions_floor_usage":[10],"damage_taken":[{"damage":5,"enemies":"Small Slimes","floor":1,"turns":6},{"damage":0,"enemies":"Jaw Worm","floor":3,"turns":2},{"damage":5,"enemies":"Cultist","floor":5,"turns":2},{"damage":38,"enemies":"Lagavulin","floor":10,"turns":3}],"seed_played":"-4853980686713395213","potions_obtained":[{"floor":0,"key":"Energy Potion"},{"floor":0,"key":"LiquidBronze"},{"floor":0,"key":"Energy Potion"}],"is_trial":false,"path_per_floor":["M","?","M","?","M","$","R","?","T","E"],"character_chosen":"THE_STARBREAKER","items_purchased":["Moonworks:BigMagnum"],"campfire_rested":0,"item_purchase_floors":[6],"current_hp_per_floor":[55,43,43,43,38,38,38,38,38,0,0],"gold":89,"neow_bonus":"THREE_SMALL_POTIONS","is_daily":false,"chose_seed":false,"campfire_upgraded":1,"win_rate":0.0,"timestamp":1610944473,"path_taken":["M","?","M","?","?","?","R","?","T","E"],"items_purchased_type":["Card"],"build_version":"2020-12-18","purchased_purges":0,"victory":false,"max_hp_per_floor":[60,60,60,60,60,60,60,60,60,60,60],"card_choices":[{"not_picked":["Moonworks:LulusLuckyEgg","Moonworks:EvilSpyWorkPreparation"],"picked":"Moonworks:ImOnFire","floor":1},{"not_picked":["Moonworks:ReflectiveShell","Moonworks:JonathanRush"],"picked":"Moonworks:BigMagnum","floor":3},{"not_picked":["Moonworks:EvilSpyWorkPreparation","Moonworks:TreasureThief","Moonworks:BeyondHell"],"picked":"SKIP","floor":5}],"player_experience":150109,"relics_obtained":[{"floor":9,"key":"The Courier"}],"event_choices":[{"damage_healed":0,"gold_gain":0,"player_choice":"Entered Light","damage_taken":12,"max_hp_gain":0,"max_hp_loss":0,"event_name":"Shining Light","floor":2,"gold_loss":0,"cards_upgraded":["Moonworks:Strike","Moonworks:Strike"]},{"damage_healed":0,"gold_gain":0,"player_choice":"2 cards matched","damage_taken":0,"max_hp_gain":0,"max_hp_loss":0,"event_name":"Match and Keep!","floor":4,"gold_loss":0,"cards_obtained":["Flash of Steel","Moonworks:RedAndBlue"]},{"damage_healed":0,"gold_gain":0,"player_choice":"Box","damage_taken":0,"relics_obtained":["Bag of Marbles"],"max_hp_gain":0,"max_hp_loss":0,"event_name":"Big Fish","floor":8,"gold_loss":0,"cards_obtained":["Regret"]}],"is_beta":true,"boss_relics":[],"items_purged_floors":[],"is_endless":false,"potions_floor_spawned":[3,5],"killed_by":"Lagavulin","ascension_level":0}}