{"host":"tdq5vwehmzjlkkx3","time":1610955776,"event":{"mods":["2.2 Compatiblity","Act Like it!","Aspiration","Astrologer","BaseMod","Beaked The Cultist","Better Altar","Better Match","Better Note","Better Third Choice","BetterRewards","Clockwork Mod","Colored Map","Colorless Booster Pack","Conjunction","Conspire","Defuse TimeMaze Blight","Energized Spire","FetchMod","Friendly Minions","FruityMod","GifTheSpireLib","Glutton Mod","Gremlin Mod","Halation","Hallownest","Highlight Path","Hubris","Infinite Spire","Key Reminder","Lotus Mark","Mimic Mod","Minty Spire (QoL Compilation)","Pale of the Ancients","Random Character Button","Relic Stats","Replay The Spire","Reworked Bosses","SCP261 Mod","Small Relic Pack","StSLib","Stuff the Spire","The Bladedancer","The Clintock","The Construct","The Disciple","The Factory","The Judge","The Jungle","The Marked","The Mystic","The Necromancer","The Servant","TheFirefly","Trackpad","Unceasing Turn Reminder","UnlockEverythingMod","Wandering Minibosses","slay the spire mod where everything is the same but ironclad has a cowboy hat","vexMod"],"gold_per_floor":[115,115,115,115],"floor_reached":3,"language":"ENG","playtime":356,"items_purged":[],"score":17,"play_id":"c24520d1-ba32-4eaf-affe-bd34c1eff199","local_time":"20210117234256","is_ascension_mode":false,"campfire_choices":[],"circlet_count":0,"master_deck":["thefirefly:Strike","thefirefly:Strike","thefirefly:Strike","thefirefly:Strike","thefirefly:Defend","thefirefly:Defend","thefirefly:Defend","thefirefly:Defend","thefirefly:StealthMode","thefirefly:PhotonBlast","thefirefly:FlakCannon"],"relics":["thefirefly:StealthSystem","aspiration:Nostalgia","Iron Core"],"acts_visited":["Hallownest:Greenpath"],"potions_floor_usage":[3],"damage_taken":[{"damage":8,"enemies":"Hallownest:2_Tiktiks_and_1_Crawlid","floor":1,"turns":4},{"damage":44,"enemies":"Hallownest:BossHornet","floor":3,"turns":13}],"seed_played":"-6042658774096086736","potions_obtained":[{"floor":1,"key":"FearPotion"}],"is_trial":false,"path_per_floor":["M","?","B"],"character_chosen":"THE_FIREFLY","items_purchased":[],"campfire_rested":0,"item_purchase_floors":[],"current_hp_per_floor":[47,47,3,3],"gold":115,"neow_bonus":"NOSTALGIA","is_daily":false,"chose_seed":false,"campfire_upgraded":0,"win_rate":0.0,"timestamp":1610955776,"path_taken":["M","?","BOSS"],"items_purchased_type":[],"build_version":"2020-12-22","purchased_purges":0,"victory":false,"max_hp_per_floor":[55,55,55,55],"relic_stats":{"counters":[41,224],"obtain_stats":[{"Darkstone Periapt":10,"Golden Egg":24,"Iron Core":0,"Gremlin Horn":23,"Singing Bowl":6,"SCP261:SadistsTumblerRelic":13,"Vajra":12,"infinitespire:Cubic Diamond":8,"Bag of Preparation":10,"Hallownest:DreamNailRelic":8,"ClockworkSouvenir":0,"relicPack:OneForAll":3,"Blood Vial":2,"trackpad:PocketGalaxy":19,"Nunchaku":9,"hubris:Icosahedron":4,"Mummified Hand":0,"astrologer:SkyMirror":0,"WingedGreaves":26,"trackpad:AdjectivePendant":13,"Replay:Wax Seal":0,"aspiration:Headhunter":6,"Replay:M_StaffOfTheSnake":8,"NeowsBlessing":0,"aspiration:Nostalgia":0,"Blue Candle":9,"StuffTheSpire:ForceGauntlet":0,"infinitespire:Joker Card":7,"energizedSpire:SpiderWeb":17,"energizedSpire:DeadBattery":17,"keyreminder:keyreminder":7,"StuffTheSpire:Mouthbags":9,"hubris:BottledRain":7},{"Darkstone Periapt":38,"Golden Egg":11,"Iron Core":39,"Gremlin Horn":23,"Singing Bowl":31,"SCP261:SadistsTumblerRelic":18,"Vajra":7,"infinitespire:Cubic Diamond":4,"Bag of Preparation":16,"Hallownest:DreamNailRelic":36,"ClockworkSouvenir":12,"relicPack:OneForAll":1,"Blood Vial":33,"trackpad:PocketGalaxy":20,"Nunchaku":37,"hubris:Icosahedron":29,"Mummified Hand":32,"astrologer:SkyMirror":0,"WingedGreaves":25,"trackpad:AdjectivePendant":7,"Replay:Wax Seal":12,"aspiration:Headhunter":3,"Replay:M_StaffOfTheSnake":4,"NeowsBlessing":0,"aspiration:Nostalgia":39,"Blue Candle":31,"StuffTheSpire:ForceGauntlet":32,"infinitespire:Joker Card":36,"energizedSpire:SpiderWeb":19,"energizedSpire:DeadBattery":9,"keyreminder:keyreminder":15,"StuffTheSpire:Mouthbags":5,"hubris:BottledRain":15},{"Darkstone Periapt":198,"Golden Egg":54,"Iron Core":207,"Gremlin Horn":124,"Singing Bowl":176,"SCP261:SadistsTumblerRelic":90,"Vajra":29,"infinitespire:Cubic Diamond":7,"Bag of Preparation":81,"Hallownest:DreamNailRelic":191,"ClockworkSouvenir":59,"relicPack:OneForAll":1,"Blood Vial":183,"trackpad:PocketGalaxy":106,"Nunchaku":194,"hubris:Icosahedron":161,"Mummified Hand":180,"astrologer:SkyMirror":0,"WingedGreaves":140,"trackpad:AdjectivePendant":29,"Replay:Wax Seal":59,"aspiration:Headhunter":3,"Replay:M_StaffOfTheSnake":7,"NeowsBlessing":0,"aspiration:Nostalgia":207,"Blue Candle":176,"StuffTheSpire:ForceGauntlet":180,"infinitespire:Joker Card":191,"energizedSpire:SpiderWeb":99,"energizedSpire:DeadBattery":45,"keyreminder:keyreminder":74,"StuffTheSpire:Mouthbags":14,"hubris:BottledRain":74}]},"card_choices":[{"not_picked":["Anger","thefirefly:Rend"],"picked":"thefirefly:FlakCannon","floor":1}],"player_experience":344448,"relics_obtained":[],"event_choices":[],"is_beta":false,"boss_relics":[],"items_purged_floors":[],"is_endless":false,"potions_floor_spawned":[1],"killed_by":"Hallownest:BossHornet","ascension_level":0}}