{"host":"p7cjtxxrilhp4dw7","time":1610941453,"event":{"mods":["BaseMod","Block Reminder","Colored Map","Highlight Path","Minty Spire (QoL Compilation)","Replay The Spire","StSLib","The Hierophant","The Judge","TheBandit"],"gold_per_floor":[109,109,60,75,144,178,178,207,278,243,243,258,258,2,2,97,97,108,108,124,324,143,143,177,177,177,177,198,198,225,237,237,237,237],"floor_reached":33,"language":"ENG","playtime":3049,"items_purged":[],"score":379,"play_id":"733c0230-ea2f-4847-9a85-d5b0318b90ee","local_time":"20210117204413","is_ascension_mode":true,"campfire_choices":[{"floor":7,"key":"REST"},{"floor":11,"key":"REST"},{"data":"Zap","floor":13,"key":"SMITH"},{"data":"Replay:Sssssssssshield","floor":23,"key":"SMITH"},{"floor":25,"key":"REST"},{"floor":27,"key":"REST"},{"floor":29,"key":"REST"},{"floor":32,"key":"REST"}],"circlet_count":0,"master_deck":["Strike_B+1","Strike_B","Strike_B","Defend_B","Defend_B","Defend_B","Defend_B","Zap+1","Dualcast","Heatsinks","Loop","Conserve Battery","Go for the Eyes+1","White Noise","Genetic Algorithm+1","Core Surge","Leap+1","Ball Lightning+1","Replay:Sssssssssshield+1","Panic Button","Redo","Go for the Eyes+1"],"relics":["Cracked Core","Replay:Bottled Steam","Gremlin Horn","Matryoshka","Unceasing Top","Whetstone","The Courier","Iron Hammer","Inserter","Oddly Smooth Stone","Bronze Scales","CeramicFish","Darkstone Periapt"],"acts_visited":["Exordium","TheCity"],"potions_floor_usage":[6,16,24,33,33],"damage_taken":[{"damage":5,"enemies":"Small Slimes","floor":1,"turns":3},{"damage":2,"enemies":"Jaw Worm","floor":4,"turns":4},{"damage":39,"enemies":"Gremlin Nob","floor":6,"turns":5},{"damage":12,"enemies":"Replay:BlueRogue","floor":8,"turns":8},{"damage":5,"enemies":"2 Louse","floor":12,"turns":3},{"damage":17,"enemies":"The Guardian","floor":16,"turns":13},{"damage":0,"enemies":"Chosen","floor":18,"turns":3},{"damage":7,"enemies":"3 Byrds","floor":20,"turns":5},{"damage":57,"enemies":"Gremlin Leader","floor":24,"turns":8},{"damage":14,"enemies":"Snake Plant","floor":28,"turns":4},{"damage":32,"enemies":"3 Cultists","floor":30,"turns":6},{"damage":10,"enemies":"Snecko","floor":31,"turns":6},{"damage":48,"enemies":"Champ","floor":33,"turns":11}],"seed_played":"5655469227551387264","potions_obtained":[{"floor":1,"key":"BlessingOfTheForge"},{"floor":12,"key":"Strength Potion"},{"floor":18,"key":"GamblersBrew"},{"floor":24,"key":"BlessingOfTheForge"},{"floor":31,"key":"Weak Potion"}],"is_trial":false,"path_per_floor":["M","?","$","M","T","E","R","E","T","?","R","M","R","$","R_BF","B",null,"M","$","M","?","$","R","E","R","T","R","M","R","M","M","R","B"],"character_chosen":"DEFECT","items_purchased":["Conserve Battery","Iron Hammer","Genetic Algorithm","Oddly Smooth Stone","Replay:Sssssssssshield"],"campfire_rested":6,"item_purchase_floors":[3,14,14,22,22],"current_hp_per_floor":[63,56,56,54,54,15,37,25,25,43,65,60,60,60,75,58,71,71,71,64,64,64,64,7,29,29,51,37,59,27,17,39,0,0],"gold":237,"neow_bonus":"TRANSFORM_CARD","is_daily":false,"chose_seed":false,"campfire_upgraded":2,"win_rate":0.0,"timestamp":1610941453,"path_taken":["M","?","$","M","?","E","R","E","T","?","R","M","R","?","R_BF","BOSS","M","?","M","?","$","R","E","R","T","R","M","R","M","?","R","BOSS"],"items_purchased_type":["Card","Relic","Card","Relic","Card"],"build_version":"2020-12-22","purchased_purges":0,"victory":false,"max_hp_per_floor":[75,75,75,75,75,75,75,75,75,75,75,75,75,75,75,75,75,75,75,75,75,75,75,75,75,75,75,75,75,75,75,75,75,75],"card_choices":[{"not_picked":["Self Repair","Cold Snap"],"picked":"Loop","floor":1},{"not_picked":["Time Bomb","Stack","Turbo"],"picked":"SKIP","floor":4},{"not_picked":["Streamline","FIFO Queue","Stack"],"picked":"SKIP","floor":6},{"not_picked":["Sweeping Beam","Hyperbeam"],"picked":"Go for the Eyes","floor":8},{"not_picked":["Blizzard","Steam"],"picked":"White Noise","floor":12},{"not_picked":["Mirror Shield","Echo Form"],"picked":"Core Surge","floor":16},{"not_picked":["Streamline","White Noise"],"picked":"Leap+1","floor":18},{"not_picked":["Stack","Turbo"],"picked":"Ball Lightning+1","floor":20},{"not_picked":["Biased Cognition","Sweeping Beam"],"picked":"Panic Button","floor":24},{"not_picked":["ReplayGash","Heatsinks+1"],"picked":"Redo","floor":28},{"not_picked":["Conserve Battery+1","Fusion"],"picked":"Go for the Eyes+1","floor":30},{"not_picked":["Ball Lightning","Turbo","ReplayTheSpireMod:GoodbyeWorld+1"],"picked":"SKIP","floor":31}],"player_experience":539390,"relics_obtained":[{"floor":5,"key":"Gremlin Horn"},{"floor":6,"key":"Matryoshka"},{"floor":8,"key":"Unceasing Top"},{"floor":9,"key":"Whetstone"},{"floor":9,"key":"The Courier"},{"floor":24,"key":"Bronze Scales"},{"floor":26,"key":"CeramicFish"},{"floor":26,"key":"Darkstone Periapt"}],"event_choices":[{"damage_healed":0,"gold_gain":0,"player_choice":"Success","damage_taken":7,"relics_obtained":["Replay:Bottled Steam"],"max_hp_gain":0,"max_hp_loss":0,"event_name":"Scrap Ooze","floor":2,"gold_loss":0},{"damage_healed":18,"gold_gain":0,"player_choice":"Healed","damage_taken":0,"max_hp_gain":0,"max_hp_loss":0,"event_name":"The Cleric","floor":10,"gold_loss":35},{"damage_healed":0,"gold_gain":250,"player_choice":"Bet on Owner","damage_taken":0,"max_hp_gain":0,"max_hp_loss":0,"event_name":"The Joust","floor":21,"gold_loss":50}],"is_beta":false,"boss_relics":[{"not_picked":["Astrolabe","SacredBark"],"picked":"Inserter"}],"items_purged_floors":[],"is_endless":false,"potions_floor_spawned":[1,12,18,24,31],"killed_by":"Champ","ascension_level":8}}