{"host":"fnk117zi8wf5078t","time":1610975078,"event":{"mods":["AchievementEnabler","BaseMod","Colored Map","Minty Spire (QoL Compilation)","Rare Cards Sparkle","SuperFastMode","everything is the same but u backflip on backflip"],"gold_per_floor":[109,209,225,242,4,4,23,23,96,127,143,143,143,176,176,272,272,292,45,45,58,74,74,74,88,88,88,104,121,121,150,150,252,252,262,110,122,68,68,93,93,108,108,121,21,21,41,52,52,52],"floor_reached":51,"language":"KOR","playtime":1863,"items_purged":["Strike_B","Injury"],"score":1103,"play_id":"5fddc462-b0f2-4cf2-80d2-f677c57190d9","local_time":"20210118220438","is_ascension_mode":true,"campfire_choices":[{"data":"Doom and Gloom","floor":6,"key":"SMITH"},{"data":"Beam Cell","floor":8,"key":"SMITH"},{"floor":13,"key":"REST"},{"data":"Machine Learning","floor":15,"key":"SMITH"},{"floor":23,"key":"REST"},{"floor":30,"key":"REST"},{"floor":32,"key":"REST"},{"floor":41,"key":"REST"},{"floor":46,"key":"REST"},{"floor":49,"key":"REST"}],"circlet_count":0,"master_deck":["Defend_B","Defend_B","Defend_B+1","Defend_B+1","Zap","Dualcast","Go for the Eyes","Doom and Gloom+1","Beam Cell+1","Machine Learning","Gash","Streamline","Machine Learning+1","Hyperbeam","Auto Shields+1","Apotheosis+1","RitualDagger","Go for the Eyes","Sunder+1","Steam","Echo Form","Streamline+1","Skim","Turbo+1","Machine Learning","Skim+1","Conserve Battery+1","Gash+1","Turbo","Gash","Reprogram+1","Skim","Steam+1"],"relics":["Cracked Core","PreservedInsect","Matryoshka","Gremlin Horn","Singing Bowl","War Paint","Nunchaku","Philosopher\u0027s Stone","Bronze Scales","Sundial","Pear","Cursed Key","Orrery","Mummified Hand","Toy Ornithopter"],"acts_visited":["Exordium","TheCity","TheBeyond"],"potions_floor_usage":[16,22,22,33,40,40,50,50],"damage_taken":[{"damage":5,"enemies":"2 Louse","floor":1,"turns":3},{"damage":1,"enemies":"Cultist","floor":3,"turns":3},{"damage":6,"enemies":"Jaw Worm","floor":4,"turns":3},{"damage":1,"enemies":"2 Fungi Beasts","floor":7,"turns":2},{"damage":10,"enemies":"Gremlin Nob","floor":10,"turns":3},{"damage":9,"enemies":"Exordium Wildlife","floor":11,"turns":3},{"damage":2,"enemies":"3 Sentries","floor":14,"turns":3},{"damage":0,"enemies":"Slime Boss","floor":16,"turns":4},{"damage":36,"enemies":"3 Byrds","floor":18,"turns":3},{"damage":0,"enemies":"2 Thieves","floor":21,"turns":3},{"damage":8,"enemies":"Centurion and Healer","floor":22,"turns":3},{"damage":6,"enemies":"3 Cultists","floor":25,"turns":3},{"damage":1,"enemies":"Sentry and Sphere","floor":28,"turns":4},{"damage":11,"enemies":"Centurion and Healer","floor":29,"turns":2},{"damage":0,"enemies":"Slavers","floor":31,"turns":2},{"damage":30,"enemies":"Champ","floor":33,"turns":6},{"damage":4,"enemies":"3 Shapes","floor":35,"turns":2},{"damage":12,"enemies":"Orb Walker","floor":37,"turns":2},{"damage":27,"enemies":"Nemesis","floor":40,"turns":5},{"damage":6,"enemies":"4 Shapes","floor":42,"turns":3},{"damage":40,"enemies":"Maw","floor":44,"turns":6},{"damage":18,"enemies":"Spire Growth","floor":47,"turns":4},{"damage":0,"enemies":"Jaw Worm Horde","floor":48,"turns":2},{"damage":42,"enemies":"Awakened One","floor":50,"turns":8}],"seed_played":"5040960137039565873","potions_obtained":[{"floor":3,"key":"Ancient Potion"},{"floor":7,"key":"Dexterity Potion"},{"floor":10,"key":"Ancient Potion"},{"floor":14,"key":"AttackPotion"},{"floor":18,"key":"Energy Potion"},{"floor":29,"key":"SpeedPotion"},{"floor":33,"key":"Block Potion"},{"floor":37,"key":"Block Potion"},{"floor":44,"key":"Swift Potion"}],"is_trial":false,"path_per_floor":["M","?","M","M","$","R","M","R","T","E","M","?","R","E","R","B",null,"M","$","?","M","M","R","?","M","T","$","M","M","R","E","R","B",null,"M","$","M","$","?","E","R","M","T","M","$","R","M","M","R","B",null],"character_chosen":"DEFECT","items_purchased":["Matryoshka","Apotheosis","Orrery","Gash"],"campfire_rested":7,"item_purchase_floors":[5,19,36,38],"current_hp_per_floor":[63,63,62,56,56,56,55,55,55,45,36,36,58,56,56,56,70,34,34,28,28,20,42,42,38,38,38,37,26,49,59,85,55,79,77,81,69,69,69,44,72,68,68,28,28,57,39,39,68,36],"gold":52,"neow_bonus":"RANDOM_COMMON_RELIC","is_daily":false,"chose_seed":false,"campfire_upgraded":3,"win_rate":0.0,"timestamp":1610975078,"path_taken":["M","?","?","M","$","R","M","R","T","E","?","?","R","E","R","BOSS","M","$","?","M","M","R","?","M","T","?","M","M","R","E","R","BOSS","M","$","M","$","?","E","R","M","T","M","?","R","M","M","R","BOSS"],"items_purchased_type":["Relic","Card","Relic","Card"],"build_version":"2020-12-22","purchased_purges":2,"victory":true,"max_hp_per_floor":[75,75,75,75,75,75,75,75,75,75,75,75,75,75,75,75,75,75,75,75,75,75,75,75,77,77,77,77,77,77,87,87,87,87,89,93,93,93,93,95,95,97,97,97,97,97,97,97,97,97],"card_choices":[{"not_picked":["Cold Snap","Barrage"],"picked":"Go for the Eyes","floor":1},{"not_picked":["Rebound","Cold Snap"],"picked":"Doom and Gloom","floor":3},{"not_picked":["Go for the Eyes","Turbo"],"picked":"Beam Cell","floor":4},{"not_picked":["Ball Lightning","Rebound"],"picked":"Machine Learning","floor":7},{"not_picked":["Cold Snap","Steam"],"picked":"Gash","floor":10},{"not_picked":["Stack","Doom and Gloom"],"picked":"Streamline","floor":11},{"not_picked":["Consume","Steam Power"],"picked":"Machine Learning","floor":14},{"not_picked":["Fission","Core Surge"],"picked":"Hyperbeam","floor":16},{"not_picked":["Sweeping Beam","Leap"],"picked":"Auto Shields+1","floor":18},{"not_picked":["Leap+1","Hologram"],"picked":"Go for the Eyes","floor":21},{"not_picked":["Undo","Conserve Battery"],"picked":"Sunder+1","floor":22},{"not_picked":["Stack","Hologram","Cold Snap"],"picked":"Singing Bowl","floor":25},{"not_picked":["Glacier+1","Electrodynamics"],"picked":"Streamline+1","floor":28},{"not_picked":["Stack","Streamline+1"],"picked":"Skim","floor":29},{"not_picked":["Sweeping Beam","Compile Driver"],"picked":"Turbo+1","floor":31},{"not_picked":["Electrodynamics","Thunder Strike"],"picked":"Machine Learning","floor":33},{"not_picked":["Redo","Recycle","Reinforced Body+1"],"picked":"Singing Bowl","floor":35},{"not_picked":["Stack","Echo Form"],"picked":"Skim+1","floor":36},{"not_picked":["Ball Lightning+1","Biased Cognition"],"picked":"Conserve Battery+1","floor":36},{"not_picked":["Compile Driver+1","Tempest+1","Rebound+1"],"picked":"Singing Bowl","floor":36},{"not_picked":["Chill","Streamline+1"],"picked":"Gash+1","floor":36},{"not_picked":["Rebound+1","Stack","Defragment"],"picked":"Singing Bowl","floor":36},{"not_picked":["Rebound+1","Ball Lightning+1"],"picked":"Turbo","floor":37},{"not_picked":["Go for the Eyes","Heatsinks","Stack"],"picked":"Singing Bowl","floor":40},{"not_picked":["Hello World","Auto Shields+1","Stack+1"],"picked":"Singing Bowl","floor":42},{"not_picked":["Blizzard+1","Rebound"],"picked":"Reprogram+1","floor":44},{"not_picked":["Redo","Cold Snap"],"picked":"Skim","floor":47},{"not_picked":["Lockon+1","Cold Snap"],"picked":"Steam+1","floor":48}],"player_experience":406047,"relics_obtained":[{"floor":9,"key":"Gremlin Horn"},{"floor":9,"key":"Singing Bowl"},{"floor":10,"key":"War Paint"},{"floor":14,"key":"Nunchaku"},{"floor":26,"key":"Bronze Scales"},{"floor":26,"key":"Sundial"},{"floor":31,"key":"Pear"},{"floor":40,"key":"Mummified Hand"},{"floor":43,"key":"Toy Ornithopter"}],"event_choices":[{"damage_healed":0,"gold_gain":100,"player_choice":"Gold","damage_taken":0,"max_hp_gain":0,"max_hp_loss":0,"event_name":"Wheel of Change","floor":2,"gold_loss":0},{"cards_removed":["Strike_B"],"damage_healed":0,"gold_gain":0,"player_choice":"Forget","damage_taken":0,"max_hp_gain":0,"max_hp_loss":0,"event_name":"Living Wall","floor":12,"gold_loss":0},{"damage_healed":0,"gold_gain":0,"player_choice":"Joined the Cult","damage_taken":6,"max_hp_gain":0,"max_hp_loss":0,"event_name":"Nest","floor":20,"gold_loss":0,"cards_obtained":["RitualDagger"]},{"damage_healed":0,"gold_gain":0,"cards_transformed":["Strike_B","Strike_B"],"player_choice":"Became Test Subject","damage_taken":0,"max_hp_gain":0,"max_hp_loss":0,"event_name":"Drug Dealer","floor":24,"gold_loss":0,"cards_obtained":["Steam","Echo Form"]},{"damage_healed":0,"gold_gain":0,"player_choice":"Forge","damage_taken":0,"max_hp_gain":0,"max_hp_loss":0,"event_name":"Accursed Blacksmith","floor":39,"gold_loss":0,"cards_upgraded":["Apotheosis"]}],"is_beta":false,"boss_relics":[{"not_picked":["Runic Dome","Busted Crown"],"picked":"Philosopher\u0027s Stone"},{"not_picked":["Velvet Choker","SacredBark"],"picked":"Cursed Key"}],"items_purged_floors":[19,45],"is_endless":false,"potions_floor_spawned":[3,7,10,14,18,29,33,37,44],"ascension_level":8}}