{"host":"aqym1xxr3lb31d9m","time":1610938135,"event":{"mods":["BaseMod","Block Reminder","Colored Map","Colored Powertips","DeckTracker","Highlight Path","Minty Spire (QoL Compilation)","Quick Restart","Random Character Button","StSLib","SuperFastMode","UnlockEverythingMod"],"gold_per_floor":[111,111,131,131,145,145,176,114,114,149,106,106,135,60,60,137,137,156,206,216,216,289,289,302,302,325,325,325],"floor_reached":27,"language":"JPN","playtime":3739,"items_purged":[],"score":454,"play_id":"58608197-6a75-4fe1-a4d8-a73eb086f103","local_time":"20210118114855","is_ascension_mode":true,"campfire_choices":[{"data":"Blade Dance","floor":6,"key":"SMITH"},{"floor":12,"key":"REST"},{"data":"Skewer","floor":15,"key":"SMITH"},{"data":"Malaise","floor":23,"key":"SMITH"},{"data":"Bouncing Flask","floor":25,"key":"SMITH"}],"circlet_count":0,"master_deck":["AscendersBane","Strike_G","Strike_G","Strike_G","Defend_G","Defend_G","Defend_G","Defend_G","Defend_G","Survivor","Neutralize","Slice","Terror","Blade Dance+1","Skewer+1","Die Die Die","Bouncing Flask+1","Backstab","Well Laid Plans","Malaise+1","Dagger Spray","Dodge and Roll+1","Clumsy","Infinite Blades","Decay"],"relics":["Black Star","WingedGreaves","Oddly Smooth Stone","Pear","Orichalcum","Tiny Chest","White Beast Statue","Ginger","Cursed Key","Bottled Tornado","Lantern"],"acts_visited":["Exordium","TheCity"],"potions_floor_usage":[10,10,10,13,16,20,24],"damage_taken":[{"damage":1,"enemies":"Small Slimes","floor":1,"turns":7},{"damage":3,"enemies":"Jaw Worm","floor":3,"turns":5},{"damage":1,"enemies":"Cultist","floor":5,"turns":3},{"damage":34,"enemies":"Gremlin Nob","floor":7,"turns":4},{"damage":10,"enemies":"3 Sentries","floor":10,"turns":8},{"damage":5,"enemies":"Gremlin Nob","floor":13,"turns":3},{"damage":14,"enemies":"The Guardian","floor":16,"turns":10},{"damage":16,"enemies":"Spheric Guardian","floor":18,"turns":6},{"damage":0,"enemies":"3 Byrds","floor":20,"turns":6},{"damage":25,"enemies":"Sentry and Sphere","floor":24,"turns":8},{"damage":23,"enemies":"Centurion and Healer","floor":27,"turns":4}],"seed_played":"-8643099067425557349","potions_obtained":[{"floor":3,"key":"SpeedPotion"},{"floor":5,"key":"EntropicBrew"},{"floor":10,"key":"ColorlessPotion"},{"floor":13,"key":"PowerPotion"},{"floor":16,"key":"SneckoOil"},{"floor":18,"key":"Energy Potion"},{"floor":20,"key":"Block Potion"},{"floor":24,"key":"SmokeBomb"}],"is_trial":false,"path_per_floor":["M","?","M","?","M","R","E","?","T","E","$","R","E","$","R","B",null,"M","?","M","?","T","R","M","R","T","M"],"character_chosen":"THE_SILENT","items_purchased":["Bouncing Flask","Well Laid Plans"],"campfire_rested":1,"item_purchase_floors":[11,14],"current_hp_per_floor":[58,51,48,48,47,47,13,13,23,13,13,35,30,30,30,16,61,45,45,45,45,45,45,20,20,20,0,0],"gold":325,"neow_bonus":"BOSS_RELIC","is_daily":false,"chose_seed":false,"campfire_upgraded":4,"win_rate":0.0,"timestamp":1610938135,"path_taken":["M","?","M","?","M","R","E","?","T","E","$","R","E","$","R","BOSS","M","?","?","?","?","R","M","R","T","M"],"items_purchased_type":["Card","Card"],"build_version":"2020-12-22","purchased_purges":0,"victory":false,"max_hp_per_floor":[66,66,66,66,66,66,66,66,76,76,76,76,76,76,76,76,76,76,76,76,76,76,76,76,76,76,76,76],"card_choices":[{"not_picked":["Heel Hook","Reflex"],"picked":"Slice","floor":1},{"not_picked":["Blade Dance","Cloak And Dagger"],"picked":"Terror","floor":3},{"not_picked":["Slice","Quick Slash"],"picked":"Blade Dance","floor":5},{"not_picked":["Bouncing Flask","Quick Slash"],"picked":"Skewer","floor":7},{"not_picked":["Underhanded Strike","Unload"],"picked":"Die Die Die","floor":10},{"not_picked":["Reflex","Concentrate"],"picked":"Backstab","floor":13},{"not_picked":["Envenom","Grand Finale"],"picked":"Malaise","floor":16},{"not_picked":["Quick Slash","Backflip"],"picked":"Dagger Spray","floor":18},{"not_picked":["Deflect+1","Underhanded Strike"],"picked":"Dodge and Roll+1","floor":20},{"not_picked":["Choke","Slice"],"picked":"Infinite Blades","floor":24}],"player_experience":3916837,"relics_obtained":[{"floor":7,"key":"WingedGreaves"},{"floor":7,"key":"Oddly Smooth Stone"},{"floor":9,"key":"Pear"},{"floor":10,"key":"Orichalcum"},{"floor":10,"key":"Tiny Chest"},{"floor":13,"key":"White Beast Statue"},{"floor":13,"key":"Ginger"},{"floor":22,"key":"Bottled Tornado"},{"floor":26,"key":"Lantern"}],"event_choices":[{"cards_removed":["Strike_G"],"damage_healed":0,"gold_gain":0,"player_choice":"Card Removal","damage_taken":7,"max_hp_gain":0,"max_hp_loss":0,"event_name":"Golden Wing","floor":2,"gold_loss":0},{"damage_healed":0,"gold_gain":0,"player_choice":"Ignored","damage_taken":0,"max_hp_gain":0,"max_hp_loss":0,"event_name":"Shining Light","floor":4,"gold_loss":0},{"damage_healed":0,"gold_gain":0,"player_choice":"Left Gold","damage_taken":0,"max_hp_gain":0,"max_hp_loss":0,"event_name":"World of Goop","floor":8,"gold_loss":62},{"damage_healed":0,"gold_gain":50,"player_choice":"Pray","damage_taken":0,"max_hp_gain":0,"max_hp_loss":0,"event_name":"Golden Shrine","floor":19,"gold_loss":0},{"cards_removed":["Strike_G"],"damage_healed":0,"gold_gain":0,"player_choice":"Purged","damage_taken":0,"max_hp_gain":0,"max_hp_loss":0,"event_name":"Purifier","floor":21,"gold_loss":0}],"is_beta":false,"boss_relics":[{"not_picked":["Runic Pyramid","Velvet Choker"],"picked":"Cursed Key"}],"items_purged_floors":[],"is_endless":false,"potions_floor_spawned":[3,5,10,13,16,18,20,24],"killed_by":"Centurion and Healer","ascension_level":20}}