{"host":"bf9sa99gaumonoeu","time":1610985058,"event":{"mods":["AchievementEnabler","Act Like it!","Aspiration","BaseMod","Bestiary","Better Note","Block Reminder","Colored Map","Colored Powertips","Fox Events","Friendly Minions","Gensokyo","GifTheSpireLib","Googly Eyes","Hallownest","Hermit","Highlight Path","Hubris","Jorbs\u0027s Wanderer Trilogy","KinomotoSakuraMod(????)","Koishi","Marisa????????","Minty Spire (QoL Compilation)","Rare Cards Sparkle","Reimu??????","Relic Stats","Remilia??????","Replay The Spire","StS++","StSLib","The Administrix","The Animator","The Blue Laboratory","The Bug Knight","The Construct","The Cursed","The Hierophant","The Mystic","The Necromancer","The Poker Player","The Runesmith","The Senshi","The Servant 0.9.4"],"gold_per_floor":[113,132,144,163,32,32,62,62,87,114,39,50,50,50,50,129,129,140,24,24,37,37,37,37,37],"floor_reached":24,"language":"ENG","playtime":1645,"items_purged":["Strike_G"],"score":458,"play_id":"2fdbcc53-eb74-499a-aaf2-d54120bdae79","local_time":"20210118135058","is_ascension_mode":true,"campfire_choices":[{"data":"Apotheosis","floor":6,"key":"SMITH"},{"data":"Terror","floor":13,"key":"SMITH"},{"floor":15,"key":"REST"},{"data":"Calculated Gamble","floor":23,"key":"SMITH"}],"circlet_count":0,"master_deck":["AscendersBane","Strike_G","Defend_G","Defend_G","Defend_G","Defend_G","Defend_G","Survivor","Neutralize","Slice","Masterful Stab","StSpp:PoisonousPunch","Poisoned Stab","Apotheosis+1","Poisoned Strike","Panache","Acrobatics+1","Terror+1","Fluid Movement+1","A Thousand Cuts+1","Tools of the Trade+1","ReplayTheSpireMod:Scrap Shanks+1","Calculated Gamble+1","Footwork+1","StSpp:StrikeFirst"],"relics":["Ring of the Snake","ReplayTheSpireMod:ShopPack","ReplayTheSpireMod:Lightbulb","Bronze Scales","Frozen Egg 2","aspiration:RandomNobGenerator"],"acts_visited":["Exordium","TheCity"],"potions_floor_usage":[7,7,24],"damage_taken":[{"damage":5,"enemies":"Jaw Worm","floor":1,"turns":6},{"damage":0,"enemies":"2 Louse","floor":2,"turns":2},{"damage":0,"enemies":"Cultist","floor":3,"turns":3},{"damage":0,"enemies":"2 Fungi Beasts","floor":4,"turns":2},{"damage":12,"enemies":"3 Sentries","floor":7,"turns":5},{"damage":0,"enemies":"Lagavulin","floor":10,"turns":6},{"damage":3,"enemies":"Looter","floor":12,"turns":3},{"damage":32,"enemies":"Hexaghost","floor":16,"turns":5},{"damage":0,"enemies":"3 Byrds","floor":18,"turns":2},{"damage":0,"enemies":"Spheric Guardian","floor":21,"turns":3},{"damage":71,"enemies":"Slavers","floor":24,"turns":3}],"seed_played":"-5870672736184251287","potions_obtained":[{"floor":1,"key":"blueLaboratory:NinjaPotion"},{"floor":2,"key":"Adrenaline Potion"},{"floor":7,"key":"Reflective Coating"},{"floor":18,"key":"blueLaboratory:BottleOfVodka"}],"is_trial":false,"path_per_floor":["M","M","M","M","$","R","E","?","T","E","$","M","R","?","R","B",null,"M","$","?","M","?","R","E"],"character_chosen":"THE_SILENT","items_purchased":["ReplayTheSpireMod:ShopPack","Calculated Gamble","Footwork+1"],"campfire_rested":1,"item_purchase_floors":[5,19,19],"current_hp_per_floor":[51,51,51,51,51,51,39,39,39,39,39,36,36,36,59,27,65,65,65,65,65,65,65,0,0],"gold":37,"neow_bonus":"TWENTY_PERCENT_HP_BONUS","is_daily":false,"chose_seed":false,"campfire_upgraded":3,"win_rate":0.0,"timestamp":1610985058,"path_taken":["M","M","M","M","$","R","E","?","T","E","?","M","R","?","R","BOSS","M","$","?","M","?","R","E"],"items_purchased_type":["Relic","Card","Card"],"build_version":"2020-12-22","purchased_purges":1,"victory":false,"max_hp_per_floor":[78,78,78,78,78,78,78,78,78,78,78,78,78,78,78,78,78,78,78,78,78,78,78,78,78],"relic_stats":{"counters":[11,40],"Bronze Scales":[105],"obtain_stats":[{"Bronze Scales":9,"aspiration:RandomNobGenerator":17,"Frozen Egg 2":10,"ReplayTheSpireMod:Lightbulb":7,"Ring of the Snake":0,"ReplayTheSpireMod:ShopPack":5},{"Bronze Scales":5,"aspiration:RandomNobGenerator":8,"Frozen Egg 2":6,"ReplayTheSpireMod:Lightbulb":5,"Ring of the Snake":0,"ReplayTheSpireMod:ShopPack":4},{"Bronze Scales":18,"aspiration:RandomNobGenerator":32,"Frozen Egg 2":24,"ReplayTheSpireMod:Lightbulb":18,"Ring of the Snake":0,"ReplayTheSpireMod:ShopPack":13}],"Ring of the Snake":[22]},"card_choices":[{"not_picked":["Poisoned Stab","StSpp:SpareBlade"],"picked":"Slice","floor":1},{"not_picked":["Cloak And Dagger","Sucker Punch"],"picked":"Masterful Stab","floor":2},{"not_picked":["StSpp:PoisonousPunch","Setup","Choke"],"picked":"SKIP","floor":3},{"not_picked":["Setup","Choke"],"picked":"StSpp:PoisonousPunch","floor":3},{"not_picked":["Outmaneuver","PiercingWail"],"picked":"Poisoned Stab","floor":4},{"not_picked":["Panache","Secret Technique"],"picked":"Apotheosis","floor":5},{"not_picked":["Crow Ritual","ReplayUltimateDefense"],"picked":"Poisoned Strike","floor":5},{"not_picked":["Enlightenment","Forethought"],"picked":"Panache","floor":5},{"not_picked":["Cloak And Dagger","Choke"],"picked":"Acrobatics","floor":7},{"not_picked":["Dodge and Roll","StSpp:PoisonousPunch"],"picked":"Terror","floor":10},{"not_picked":["Infinite Blades+1","Acrobatics"],"picked":"Fluid Movement+1","floor":12},{"not_picked":["Adrenaline","Venomology"],"picked":"Tools of the Trade+1","floor":16},{"not_picked":["StSpp:PoisonousPunch","Cloak And Dagger"],"picked":"ReplayTheSpireMod:Scrap Shanks+1","floor":18},{"not_picked":["Slice","Outmaneuver","Bane"],"picked":"SKIP","floor":21}],"player_experience":979560,"relics_obtained":[{"floor":7,"key":"ReplayTheSpireMod:Lightbulb"},{"floor":9,"key":"Bronze Scales"},{"floor":10,"key":"Frozen Egg 2"}],"event_choices":[{"damage_healed":0,"gold_gain":0,"cards_transformed":["Strike_G"],"player_choice":"Change","damage_taken":0,"max_hp_gain":0,"max_hp_loss":0,"event_name":"Living Wall","floor":14,"gold_loss":0,"cards_obtained":["A Thousand Cuts"]},{"cards_removed":["Strike_G"],"damage_healed":0,"gold_gain":0,"player_choice":"Offered Basic","damage_taken":0,"max_hp_gain":0,"max_hp_loss":0,"event_name":"Bonfire Elementals","floor":20,"gold_loss":0},{"damage_healed":0,"gold_gain":0,"cards_transformed":["Strike_G"],"player_choice":"Transformed","damage_taken":0,"max_hp_gain":0,"max_hp_loss":0,"event_name":"Transmorgrifier","floor":22,"gold_loss":0,"cards_obtained":["StSpp:StrikeFirst"]}],"is_beta":false,"boss_relics":[{"not_picked":["aspiration:DefectSkillbook","Snecko Heart"],"picked":"aspiration:RandomNobGenerator"}],"items_purged_floors":[11],"is_endless":false,"potions_floor_spawned":[1,2,7,18],"killed_by":"Slavers","ascension_level":20}}