{"host":"bq4pt811tk9yrmjl","time":1610975876,"event":{"mods":["AchievementEnabler","BaseMod","Colored Map","Colored Powertips","Defuse TimeMaze Blight","Hermit","Minty Spire (QoL Compilation)","StSLib","SuperFastMode"],"gold_per_floor":[119,119,119,194,213,247,247,257,283,283,312,312,330,348,348,445,445,463,463,483,483,483,483,483,36,36,53,72,72,85,0,0,96,96,111,111,111,130,150,0,14,14,40,52,66,66,66,66],"floor_reached":47,"language":"ENG","playtime":1068,"items_purged":[],"score":487,"play_id":"dcc625dd-12f1-4cc9-a4c8-fca36163e4c5","local_time":"20210118111756","is_ascension_mode":true,"campfire_choices":[{"data":"Noxious Fumes","floor":10,"key":"SMITH"},{"data":"Skewer","floor":12,"key":"SMITH"},{"floor":15,"key":"REST"},{"data":"Malaise","floor":23,"key":"SMITH"},{"floor":29,"key":"REST"},{"data":"Bouncing Flask","floor":32,"key":"SMITH"},{"floor":46,"key":"REST"}],"circlet_count":0,"master_deck":["Strike_G","Strike_G","Defend_G","Defend_G","Defend_G","Defend_G","Defend_G","Survivor","Neutralize+1","Skewer+1","Noxious Fumes+1","Blade Dance","Bane","Malaise+1","Poisoned Stab+1","Bouncing Flask+1","Deflect+1","Envenom","A Thousand Cuts+1","Crippling Poison+1","Glass Knife+1","PiercingWail","Sadistic Nature","Slice+1","Writhe"],"relics":["Ring of the Snake","NeowsBlessing","Oddly Smooth Stone","Bag of Preparation","HoveringKite","Lizard Tail","MealTicket","Sundial","Pen Nib","Astrolabe","Red Mask","Ancient Tea Set"],"acts_visited":["Exordium","TheCity","TheBeyond"],"potions_floor_usage":[11,16,16,24,27,27,33,45],"damage_taken":[{"damage":0,"enemies":"2 Louse","floor":1,"turns":1},{"damage":0,"enemies":"Small Slimes","floor":5,"turns":1},{"damage":0,"enemies":"3 Sentries","floor":6,"turns":1},{"damage":0,"enemies":"Jaw Worm","floor":8,"turns":5},{"damage":14,"enemies":"Lagavulin","floor":11,"turns":7},{"damage":0,"enemies":"2 Fungi Beasts","floor":13,"turns":3},{"damage":1,"enemies":"Large Slime","floor":14,"turns":6},{"damage":1,"enemies":"The Guardian","floor":16,"turns":13},{"damage":0,"enemies":"Chosen","floor":18,"turns":6},{"damage":5,"enemies":"3 Byrds","floor":20,"turns":6},{"damage":0,"enemies":"Snake Plant","floor":24,"turns":1},{"damage":1,"enemies":"Centurion and Healer","floor":27,"turns":7},{"damage":22,"enemies":"3 Cultists","floor":28,"turns":5},{"damage":7,"enemies":"Snecko","floor":30,"turns":8},{"damage":62,"enemies":"Automaton","floor":33,"turns":9},{"damage":18,"enemies":"Orb Walker","floor":35,"turns":4},{"damage":14,"enemies":"3 Darklings","floor":38,"turns":4},{"damage":20,"enemies":"Spire Growth","floor":39,"turns":5},{"damage":1,"enemies":"4 Shapes","floor":41,"turns":4},{"damage":16,"enemies":"Maw","floor":44,"turns":7},{"damage":4,"enemies":"Sphere and 2 Shapes","floor":45,"turns":5},{"damage":0,"enemies":"4 Shapes","floor":47,"turns":1}],"seed_played":"-4518388823031848985","potions_obtained":[{"floor":1,"key":"Swift Potion"},{"floor":8,"key":"SmokeBomb"},{"floor":13,"key":"Dexterity Potion"},{"floor":14,"key":"Swift Potion"},{"floor":16,"key":"GamblersBrew"},{"floor":18,"key":"Dexterity Potion"},{"floor":28,"key":"Strength Potion"},{"floor":41,"key":"SneckoOil"},{"floor":44,"key":"Energy Potion"}],"is_trial":false,"path_per_floor":["M","$","?","?","M","E","?","M","T","R","E","R","M","M","R","B",null,"M","?","M","?","?","R","M","$","T","M","M","R","M","?","R","B",null,"M","$","?","M","M","?","M","?","T","M","M","R","M"],"character_chosen":"THE_SILENT","items_purchased":["Lizard Tail","MealTicket"],"campfire_rested":3,"item_purchase_floors":[25,25],"current_hp_per_floor":[70,70,70,59,59,59,64,64,64,64,50,50,50,49,71,70,75,75,75,70,70,56,56,56,56,56,55,33,57,50,50,50,37,80,62,77,77,63,43,43,42,62,62,46,42,66,66,66],"gold":66,"neow_bonus":"THREE_ENEMY_KILL","is_daily":false,"chose_seed":false,"campfire_upgraded":4,"win_rate":0.0,"timestamp":1610975876,"path_taken":["M","$","?","?","M","E","?","M","T","R","E","R","M","M","R","BOSS","M","?","M","?","?","R","M","$","T","M","M","R","M","?","R","BOSS","M","$","?","M","M","?","M","?","T","M","M","R","M"],"items_purchased_type":["Relic","Relic"],"build_version":"2020-12-22","purchased_purges":0,"victory":false,"max_hp_per_floor":[70,70,70,70,70,70,75,75,75,75,75,75,75,75,75,75,75,75,75,75,75,80,80,80,80,80,80,80,80,80,80,80,80,80,80,80,80,80,80,80,80,80,80,80,80,80,80,80],"card_choices":[{"not_picked":["Setup","Catalyst","Distraction"],"picked":"SKIP","floor":1},{"not_picked":["Slice","Dagger Throw"],"picked":"Skewer","floor":5},{"not_picked":["Flechettes","Finisher","Skewer"],"picked":"SKIP","floor":6},{"not_picked":["Quick Slash","Blur"],"picked":"Noxious Fumes","floor":8},{"not_picked":["Concentrate","Deflect"],"picked":"Blade Dance","floor":11},{"not_picked":["Distraction","All Out Attack","Deadly Poison"],"picked":"SKIP","floor":13},{"not_picked":["Sucker Punch","Slice"],"picked":"Bane","floor":14},{"not_picked":["Die Die Die","Bullet Time"],"picked":"Malaise","floor":16},{"not_picked":["Slice","Blur"],"picked":"Poisoned Stab+1","floor":18},{"not_picked":["Well Laid Plans","Flying Knee","Terror"],"picked":"SKIP","floor":20},{"not_picked":["Deadly Poison","Quick Slash","Underhanded Strike+1"],"picked":"SKIP","floor":27},{"not_picked":["Flying Knee+1","Prepared"],"picked":"Deflect+1","floor":28},{"not_picked":["Dagger Spray","Dodge and Roll","Bane"],"picked":"SKIP","floor":30},{"not_picked":["Malaise","Venomology"],"picked":"Envenom","floor":33},{"not_picked":["Cloak And Dagger","Eviscerate+1"],"picked":"PiercingWail","floor":35},{"not_picked":["Flash of Steel","The Bomb"],"picked":"Sadistic Nature","floor":37},{"not_picked":["Sucker Punch","Bane+1","Dagger Throw"],"picked":"SKIP","floor":38},{"not_picked":["Dagger Throw","Leg Sweep+1"],"picked":"Slice+1","floor":39},{"not_picked":["Bouncing Flask","Concentrate+1","Calculated Gamble"],"picked":"SKIP","floor":41},{"not_picked":["Poisoned Stab","Slice+1","Outmaneuver"],"picked":"SKIP","floor":44},{"not_picked":["Deadly Poison+1","Prepared+1","Endless Agony"],"picked":"SKIP","floor":45}],"player_experience":180413,"relics_obtained":[{"floor":6,"key":"Oddly Smooth Stone"},{"floor":11,"key":"Bag of Preparation"},{"floor":26,"key":"Sundial"},{"floor":43,"key":"Ancient Tea Set"}],"event_choices":[{"damage_healed":0,"gold_gain":0,"player_choice":"Grow","damage_taken":0,"max_hp_gain":0,"max_hp_loss":0,"event_name":"Living Wall","floor":3,"gold_loss":0,"cards_upgraded":["Neutralize"]},{"damage_healed":0,"gold_gain":75,"player_choice":"Gather Gold","damage_taken":11,"max_hp_gain":0,"max_hp_loss":0,"event_name":"World of Goop","floor":4,"gold_loss":0},{"damage_healed":0,"gold_gain":0,"player_choice":"Donut","damage_taken":0,"max_hp_gain":5,"max_hp_loss":0,"event_name":"Big Fish","floor":7,"gold_loss":0},{"damage_healed":0,"gold_gain":0,"player_choice":"Read","damage_taken":0,"max_hp_gain":0,"max_hp_loss":0,"event_name":"The Library","floor":19,"gold_loss":0,"cards_obtained":["Bouncing Flask"]},{"damage_healed":0,"gold_gain":0,"player_choice":"Ignored","damage_taken":0,"max_hp_gain":0,"max_hp_loss":0,"event_name":"Vampires","floor":21,"gold_loss":0},{"damage_healed":0,"gold_gain":0,"player_choice":"Shed Blood","damage_taken":19,"max_hp_gain":5,"max_hp_loss":0,"event_name":"Forgotten Altar","floor":22,"gold_loss":0},{"damage_healed":0,"gold_gain":0,"player_choice":"Obtained Relic","damage_taken":0,"relics_obtained":["Pen Nib"],"max_hp_gain":0,"max_hp_loss":0,"event_name":"Addict","floor":31,"gold_loss":85},{"damage_healed":0,"gold_gain":0,"player_choice":"Memory 1","damage_taken":0,"max_hp_gain":0,"max_hp_loss":0,"event_name":"SensoryStone","floor":37,"gold_loss":0},{"damage_healed":0,"gold_gain":0,"player_choice":"Paid","damage_taken":0,"relics_obtained":["Red Mask"],"max_hp_gain":0,"max_hp_loss":0,"event_name":"Tomb of Lord Red Mask","floor":40,"gold_loss":150},{"damage_healed":20,"gold_gain":0,"player_choice":"Writhe","damage_taken":0,"max_hp_gain":0,"max_hp_loss":0,"event_name":"Winding Halls","floor":42,"gold_loss":0,"cards_obtained":["Writhe"]}],"is_beta":false,"boss_relics":[{"not_picked":["Pandora\u0027s Box","SacredBark"],"picked":"HoveringKite"},{"not_picked":["Empty Cage","SlaversCollar"],"picked":"Astrolabe"}],"items_purged_floors":[],"is_endless":false,"potions_floor_spawned":[1,8,13,14,16,18,24,28,41,44],"killed_by":"4 Shapes","ascension_level":1}}