{"host":"vlqejv0notyktumz","time":1610930920,"event":{"mods":["AchievementEnabler","BaseMod","Colored Map","Colored Powertips","Downfall","Googly Eyes","Minty Spire (QoL Compilation)","StSLib"],"gold_per_floor":[209,209,226,82,96,96,114,114,114,130,130,159,159,173,173,274,274,287,287,306,54,70,70,80,112,112,145,145,145,164,164,164,164,164],"floor_reached":33,"language":"ENG","playtime":702,"items_purged":["Strike_B","Defend_B"],"score":437,"play_id":"1f7588ac-632c-4130-b767-2c4e9c47e6f7","local_time":"20210117184840","is_ascension_mode":true,"campfire_choices":[{"data":"Redo","floor":6,"key":"SMITH"},{"data":"Electrodynamics","floor":8,"key":"SMITH"},{"data":"Zap","floor":11,"key":"SMITH"},{"data":"BootSequence","floor":13,"key":"SMITH"},{"data":"Redo","floor":15,"key":"SMITH"},{"data":"Leap","floor":23,"key":"SMITH"},{"data":"Redo","floor":29,"key":"SMITH"},{"floor":32,"key":"REST"}],"circlet_count":0,"master_deck":["Strike_B","Strike_B","Defend_B","Defend_B","Defend_B","Zap+1","Dualcast","Defragment+1","BootSequence+1","Redo+1","Hologram","FTL","Electrodynamics+1","Redo+1","Steam","Redo+1","Reboot","CurseOfTheBell","Ball Lightning+1","Leap+1","Thunder Strike","Conserve Battery+1"],"relics":["Cracked Core","TungstenRod","Pocketwatch","Calling Bell","PreservedInsect","Ornamental Fan","Gambling Chip","Bronze Scales","Centennial Puzzle","InkBottle","Pen Nib"],"acts_visited":["Exordium","TheCity"],"potions_floor_usage":[12,16,16,25,33],"damage_taken":[{"damage":0,"enemies":"2 Louse","floor":1,"turns":3},{"damage":1,"enemies":"Cultist","floor":3,"turns":4},{"damage":2,"enemies":"Jaw Worm","floor":5,"turns":4},{"damage":6,"enemies":"3 Louse","floor":7,"turns":3},{"damage":0,"enemies":"2 Fungi Beasts","floor":10,"turns":1},{"damage":0,"enemies":"3 Sentries","floor":12,"turns":2},{"damage":0,"enemies":"Blue Slaver","floor":14,"turns":2},{"damage":19,"enemies":"The Guardian","floor":16,"turns":9},{"damage":0,"enemies":"3 Byrds","floor":18,"turns":3},{"damage":0,"enemies":"Spheric Guardian","floor":20,"turns":3},{"damage":0,"enemies":"Centurion and Healer","floor":22,"turns":4},{"damage":0,"enemies":"Sentry and Sphere","floor":24,"turns":3},{"damage":17,"enemies":"Gremlin Leader","floor":25,"turns":3},{"damage":16,"enemies":"Slavers","floor":27,"turns":3},{"damage":30,"enemies":"Shelled Parasite and Fungi","floor":30,"turns":3},{"damage":47,"enemies":"Automaton","floor":33,"turns":6}],"seed_played":"6867375943954824932","potions_obtained":[{"floor":1,"key":"PowerPotion"},{"floor":5,"key":"DistilledChaos"},{"floor":10,"key":"Strength Potion"},{"floor":12,"key":"AttackPotion"},{"floor":22,"key":"champ:CounterPotion"},{"floor":30,"key":"SteroidPotion"}],"is_trial":false,"path_per_floor":["M","?","M","$","M","R","M","R","T","M","R","E","R","M","R","B",null,"M","?","M","$","M","R","M","E","T","E","?","R","M","?","R","B"],"character_chosen":"DEFECT","items_purchased":["Redo","Hologram","Bronze Scales"],"campfire_rested":1,"item_purchase_floors":[4,4,21],"current_hp_per_floor":[68,68,67,67,65,65,59,59,59,59,59,59,59,59,59,40,66,66,66,66,66,66,66,66,49,49,33,33,33,3,3,25,0,0],"gold":164,"neow_bonus":"HUNDRED_GOLD","is_daily":false,"chose_seed":false,"campfire_upgraded":7,"win_rate":0.0,"timestamp":1610930920,"path_taken":["M","?","M","$","M","R","M","R","T","M","R","E","R","M","R","BOSS","M","?","M","$","?","R","M","E","T","E","?","R","M","?","R","BOSS"],"items_purchased_type":["Card","Card","Relic"],"build_version":"2020-12-22","purchased_purges":2,"victory":false,"max_hp_per_floor":[75,75,75,75,75,75,75,75,75,75,75,75,75,75,75,75,75,75,75,75,75,75,75,75,75,75,75,75,75,75,75,75,75,75],"card_choices":[{"not_picked":["Ball Lightning","Sweeping Beam"],"picked":"Defragment","floor":1},{"not_picked":["Tempest","White Noise"],"picked":"BootSequence","floor":3},{"not_picked":["Chaos","Rebound"],"picked":"FTL","floor":5},{"not_picked":["Sweeping Beam","Gash"],"picked":"Electrodynamics","floor":7},{"not_picked":["Leap","Sweeping Beam"],"picked":"Redo","floor":10},{"not_picked":["Beam Cell","Go for the Eyes"],"picked":"Steam","floor":12},{"not_picked":["Gash","Coolheaded"],"picked":"Redo","floor":14},{"not_picked":["Rainbow","Hyperbeam"],"picked":"Reboot","floor":16},{"not_picked":["Barrage+1","Storm"],"picked":"Ball Lightning+1","floor":18},{"not_picked":["Stack","Steam+1"],"picked":"Leap","floor":20},{"not_picked":["Coolheaded","Barrage","Heatsinks+1"],"picked":"SKIP","floor":22},{"not_picked":["Self Repair+1","Sweeping Beam","Cold Snap"],"picked":"SKIP","floor":24},{"not_picked":["Scrape","Leap"],"picked":"Thunder Strike","floor":25},{"not_picked":["Streamline","Loop"],"picked":"Conserve Battery+1","floor":27},{"not_picked":["Aggregate","Sweeping Beam","Stack"],"picked":"SKIP","floor":30}],"player_experience":357335,"relics_obtained":[{"floor":9,"key":"TungstenRod"},{"floor":12,"key":"Pocketwatch"},{"floor":17,"key":"PreservedInsect"},{"floor":17,"key":"Ornamental Fan"},{"floor":17,"key":"Gambling Chip"},{"floor":25,"key":"Centennial Puzzle"},{"floor":26,"key":"InkBottle"},{"floor":27,"key":"Pen Nib"}],"event_choices":[{"damage_healed":0,"gold_gain":0,"player_choice":"Grow","damage_taken":0,"max_hp_gain":0,"max_hp_loss":0,"event_name":"Living Wall","floor":2,"gold_loss":0,"cards_upgraded":["Defragment"]},{"damage_healed":0,"gold_gain":0,"player_choice":"Ignored","damage_taken":0,"max_hp_gain":0,"max_hp_loss":0,"event_name":"N\u0027loth","floor":19,"gold_loss":0},{"cards_removed":["Strike_B"],"damage_healed":0,"gold_gain":0,"player_choice":"Elegance","damage_taken":0,"max_hp_gain":0,"max_hp_loss":0,"event_name":"Back to Basics","floor":28,"gold_loss":0},{"damage_healed":0,"gold_gain":0,"player_choice":"Ignored","damage_taken":0,"max_hp_gain":0,"max_hp_loss":0,"event_name":"Vampires","floor":31,"gold_loss":0}],"is_beta":false,"boss_relics":[{"not_picked":["Philosopher\u0027s Stone","bronze:MakeshiftBattery"],"picked":"Calling Bell"}],"items_purged_floors":[4,21],"is_endless":false,"potions_floor_spawned":[1,5,10,12,22,30],"killed_by":"Automaton","ascension_level":8}}