{"host":"i0s8vbixp24k5aul","time":1610984746,"event":{"mods":["2.2 Compatiblity","Act Like it!","Aspiration","BaseMod","Better Note","Better Third Choice","Better Vampires","BetterUpgradePreview","Colorless Booster Pack","Displayed Cursed Tome","Energized Spire","Fox Events","GifTheSpireLib","Halation","Hermit","Hubris","Infinite Spire","Jedi Mod","Minty Spire (QoL Compilation)","Optimize The Spire","Poor People Problems","Random Character Mod","Shade Mod","StSLib","Stuff the Spire","Swap Starting Deck Mod","The Animator","The Bug Knight","The Construct","The Cursed","The Disciple","The Mystic","TheHero","TheWitcher","vexMod","??????REMEMod"],"gold_per_floor":[114,129,104,104,119,149,149,149,149,149,66,66,66,81,81,181,181,196,196,196,4,4,4,4,4,4,4,4,0,0,0,0,0,0,0,0,0,56,71,101,116,116,141,91,91],"floor_reached":44,"language":"RUS","playtime":2047,"items_purged":[],"score":615,"play_id":"07b94873-1ab0-4b9c-a02c-4f711431c817","local_time":"20210118184546","daily_mods":["Draft","Flight","Lethality"],"is_ascension_mode":false,"campfire_choices":[{"data":"hubris:PowerSurge","floor":7,"key":"SMITH"},{"data":"jedi:BurstLightning","floor":8,"key":"SMITH"},{"data":"jedi:BurstLightning","floor":10,"key":"SMITH"},{"data":"White Noise","floor":12,"key":"SMITH"},{"data":"Trip","floor":13,"key":"SMITH"},{"data":"Fusion","floor":15,"key":"SMITH"},{"data":"StuffTheSpire:CuriosityCurse","floor":23,"key":"SMITH"},{"data":"infinitespire:Starlight","floor":25,"key":"SMITH"},{"data":"REME_ForAll","floor":28,"key":"SMITH"},{"data":"SnafuTest:PowerEleganceEmbodiment","floor":32,"key":"SMITH"}],"circlet_count":0,"master_deck":["SnafuTest:PowerEleganceEmbodiment+1","Beam Cell","jedi:BurstLightning+1","Conserve Battery+1","jedi:BurstLightning+1","Conserve Battery","hubris:PowerSurge+1","Gash","Self Repair","Steam","Ball Lightning","White Noise+1","Gash","Self Repair","Go for the Eyes","Stack","Go for the Eyes","Hologram+1","Meteor Strike+1","Trip+1","Fusion+1","REME_ForAll+1","infinitespire:Starlight+1","Loop","Rip and Tear+1","Leap+1","Meteor Strike","Self Repair+1","Seek","hubris:PowerSurge","All For One","Gash"],"relics":["Cracked Core","REME_ComplimentaryCards","hubris:Towel","Lantern","halation:PrussianBluePaint","aspiration:RandomNobGenerator","aspiration:Legacy_Headhunter","StuffTheSpire:Kangaroo","jedi:ominousloannote","hubris:GlazedTorus","StuffTheSpire:MayFlowers","War Paint","HollowMod:PaleOreRelic","Bottled Tornado","hubris:64BitClover","Blood Vial","Orichalcum","vexMod:BarristanHead","Centennial Puzzle"],"acts_visited":["Exordium","TheCity","TheBeyond"],"potions_floor_usage":[6,16,44],"damage_taken":[{"damage":0,"enemies":"Cultist","floor":1,"turns":3},{"damage":1,"enemies":"2 Louse","floor":2,"turns":2},{"damage":3,"enemies":"Small Slimes","floor":5,"turns":2},{"damage":5,"enemies":"Lagavulin","floor":6,"turns":3},{"damage":0,"enemies":"Blue Slaver","floor":14,"turns":1},{"damage":36,"enemies":"Hexaghost","floor":16,"turns":6},{"damage":5,"enemies":"Chosen","floor":18,"turns":2},{"damage":51,"enemies":"Nightmare","floor":27,"turns":4},{"damage":13,"enemies":"2 Thieves","floor":29,"turns":2},{"damage":0,"enemies":"Book of Stabbing","floor":30,"turns":1},{"damage":5,"enemies":"HollowMod:Nosk","floor":31,"turns":3},{"damage":3,"enemies":"Champ","floor":33,"turns":4},{"damage":0,"enemies":"3 Shapes","floor":35,"turns":1},{"damage":0,"enemies":"3 Darklings","floor":37,"turns":1},{"damage":0,"enemies":"Maw","floor":39,"turns":2},{"damage":1,"enemies":"Nightmare","floor":40,"turns":2},{"damage":0,"enemies":"Jaw Worm Horde","floor":41,"turns":1},{"damage":93,"enemies":"hubris:Merchant","floor":44,"turns":3}],"seed_played":"-1283480827410872575","potions_obtained":[{"floor":1,"key":"Weak Potion"},{"floor":5,"key":"Fire Potion"},{"floor":27,"key":"SpeedPotion"},{"floor":41,"key":"PotionOfCapacity"}],"is_trial":false,"path_per_floor":["M","M","?","?","M","E","R","R","T","R","$","R","R","M","R","B",null,"M","?","AVR","$","?","R","?","R","T","NM","R","M","E","E","R","B",null,"M","?","M","?","M","NM","M","AVR","T","$"],"character_chosen":"DEFECT","items_purchased":["Trip","jedi:ominousloannote","hubris:GlazedTorus","StuffTheSpire:MayFlowers","SpeedPotion"],"campfire_rested":0,"item_purchase_floors":[11,21,21,21,44],"current_hp_per_floor":[75,75,75,75,75,75,75,75,75,75,75,75,75,75,75,53,75,75,75,75,75,75,75,75,75,75,54,54,65,65,71,71,75,75,75,75,75,75,75,75,75,75,75,0,0],"gold":91,"neow_bonus":"","is_daily":true,"chose_seed":false,"campfire_upgraded":10,"win_rate":0.0,"timestamp":1610984746,"path_taken":["M","?","?","?","?","E","R","R","T","R","$","R","R","M","R","BOSS","M","?","AVR","$","?","R","?","R","T","NM","R","?","E","E","R","BOSS","M","?","?","?","?","NM","M","AVR","T","$"],"items_purchased_type":["Card","Relic","Relic","Relic","Potion"],"build_version":"2020-12-22","purchased_purges":0,"victory":false,"max_hp_per_floor":[75,75,75,75,75,75,75,75,75,75,75,75,75,75,75,75,75,75,75,75,75,75,75,75,75,75,75,75,75,75,75,75,75,75,75,75,75,75,75,75,75,75,75,75,75],"card_choices":[{"not_picked":["Barrage","Defragment"],"picked":"Beam Cell","floor":0},{"not_picked":["jedi:BurstLightning","Coolheaded"],"picked":"Melter","floor":0},{"not_picked":["Barrage","StuffTheSpire:GlassShard"],"picked":"jedi:BurstLightning","floor":0},{"not_picked":["jedi:BurstFrost","Steam"],"picked":"Conserve Battery","floor":0},{"not_picked":["Redo","Stack"],"picked":"jedi:BurstLightning","floor":0},{"not_picked":["Coolheaded","Turbo"],"picked":"Conserve Battery","floor":0},{"not_picked":["Capacitor","REME_DataAnalysis"],"picked":"hubris:PowerSurge","floor":0},{"not_picked":["StuffTheSpire:LoadUp","jedi:blockon"],"picked":"Gash","floor":0},{"not_picked":["Gash","Cold Snap"],"picked":"Self Repair","floor":0},{"not_picked":["StuffTheSpire:SnapShoot","jedi:markofdeath"],"picked":"Steam","floor":0},{"not_picked":["Hologram","StuffTheSpire:GlassShard"],"picked":"Ball Lightning","floor":0},{"not_picked":["Coolheaded","Turbo"],"picked":"White Noise","floor":0},{"not_picked":["Beam Cell","Go for the Eyes"],"picked":"Gash","floor":0},{"not_picked":["Steam","Stack"],"picked":"Self Repair","floor":0},{"not_picked":["hubris:Ukulele","StuffTheSpire:LoadUp"],"picked":"Go for the Eyes","floor":0},{"not_picked":["jedi:overflow","StuffTheSpire:Rend","Compile Driver"],"picked":"Stack","floor":1},{"not_picked":["Conserve Battery","Creative AI"],"picked":"Go for the Eyes","floor":2},{"not_picked":["Heatsinks","Streamline"],"picked":"Hologram","floor":5},{"not_picked":["Streamline","Rebound"],"picked":"Meteor Strike","floor":6},{"not_picked":["Self Repair","Turbo"],"picked":"Fusion","floor":14},{"not_picked":["Fission","StuffTheSpire:EventHorizon"],"picked":"REME_ForAll","floor":16},{"not_picked":["Blizzard","Skim","Redo"],"picked":"SKIP","floor":18},{"not_picked":["Recycle+1","jedi:BurstLightning"],"picked":"Loop","floor":27},{"not_picked":["jedi:hex","Conserve Battery"],"picked":"Rip and Tear+1","floor":29},{"not_picked":["Melter","Conserve Battery","Steam"],"picked":"SKIP","floor":30},{"not_picked":["Cold Snap+1","REME_Compress+1"],"picked":"Leap+1","floor":31},{"not_picked":["Fission","Rainbow"],"picked":"Meteor Strike","floor":33},{"not_picked":["Ball Lightning","Glacier"],"picked":"Self Repair+1","floor":35},{"not_picked":["Steam+1","StuffTheSpire:Rend"],"picked":"Seek","floor":37},{"not_picked":["jedi:BurstLightning+1","Doom and Gloom"],"picked":"hubris:PowerSurge","floor":39},{"not_picked":["jedi:bruteforce","jedi:markofdeath+1"],"picked":"All For One","floor":40},{"not_picked":["StuffTheSpire:NuclearReactor","StuffTheSpire:Plugnplay+1"],"picked":"Gash","floor":41}],"player_experience":962431,"relics_obtained":[{"floor":6,"key":"Lantern"},{"floor":9,"key":"halation:PrussianBluePaint"},{"floor":26,"key":"HollowMod:PaleOreRelic"},{"floor":27,"key":"Bottled Tornado"},{"floor":30,"key":"hubris:64BitClover"},{"floor":31,"key":"Blood Vial"},{"floor":40,"key":"Orichalcum"},{"floor":43,"key":"Centennial Puzzle"}],"event_choices":[{"damage_healed":0,"gold_gain":0,"player_choice":"Full Heal","damage_taken":0,"max_hp_gain":0,"max_hp_loss":0,"event_name":"Wheel of Change","floor":24,"gold_loss":0},{"cards_removed":["Melter"],"damage_healed":0,"gold_gain":0,"player_choice":"Purged","damage_taken":0,"max_hp_gain":0,"max_hp_loss":0,"event_name":"Purifier","floor":36,"gold_loss":0},{"damage_healed":0,"gold_gain":300,"player_choice":"Gold","damage_taken":0,"max_hp_gain":0,"max_hp_loss":0,"event_name":"Wheel of Change","floor":38,"gold_loss":0}],"is_beta":false,"boss_relics":[{"not_picked":["construct:WeddingRing","StuffTheSpire:ModemDavis"],"picked":"aspiration:RandomNobGenerator"},{"not_picked":["hubris:GrandSneckoEye","energizedSpire:SpiderWeb","energizedSpire:OldTV"]}],"items_purged_floors":[],"is_endless":true,"potions_floor_spawned":[1,5,27,41],"killed_by":"hubris:Merchant","ascension_level":0}}