{"host":"l60rmjjsfi0fipmi","time":1610994293,"event":{"mods":["BaseMod","Colored Map","DeckTracker","Highlight Path","Minty Spire (QoL Compilation)","StSLib","The Cursed","The Servant 0.9.4"],"gold_per_floor":[119,131,30,30,44,44,59,59,108,148,98,119,146,146,146,255,255,268,140,166,41,41,66,66,91,143,143,170,170,170,170,170,277,313,332,382,393,353,382,382,410,410,479,331,81,107,120,139,139,139],"floor_reached":51,"language":"ENG","playtime":3822,"items_purged":["Defend_G","Defend_G","Defend_G"],"score":961,"play_id":"68952bde-0b78-4de8-bfc2-a1fc596f881d","local_time":"20210118132453","is_ascension_mode":true,"campfire_choices":[{"data":"Dodge and Roll","floor":6,"key":"SMITH"},{"data":"Well Laid Plans","floor":8,"key":"SMITH"},{"floor":15,"key":"REST"},{"data":"After Image","floor":24,"key":"SMITH"},{"floor":27,"key":"REST"},{"data":"Setup","floor":30,"key":"SMITH"},{"floor":32,"key":"REST"},{"data":"Envenom","floor":40,"key":"SMITH"},{"floor":42,"key":"REST"},{"floor":49,"key":"REST"}],"circlet_count":0,"master_deck":["Survivor","Neutralize+1","Poisoned Stab","Quick Slash","Well Laid Plans+1","Dodge and Roll+1","Blade Dance","Finisher","After Image+1","Dagger Spray","Cloak And Dagger","Envenom+1","Terror","PiercingWail","Deflect+1","Setup+1","A Thousand Cuts","Slice+1","Escape Plan","Bane","Reflex+1","Accuracy+1","Parasite"],"relics":["Ring of the Snake","CeramicFish","Vajra","Bronze Scales","SlaversCollar","Blue Candle","Matryoshka","InkBottle","Bag of Preparation","Enchiridion","Pandora\u0027s Box","Thread and Needle","Lantern","Snake Skull","Sundial","Pen Nib","Mercury Hourglass"],"acts_visited":["Exordium","TheCity","TheBeyond"],"potions_floor_usage":[10,23,33,50,50],"damage_taken":[{"damage":1,"enemies":"Jaw Worm","floor":1,"turns":3},{"damage":0,"enemies":"Cultist","floor":2,"turns":3},{"damage":8,"enemies":"2 Louse","floor":5,"turns":3},{"damage":6,"enemies":"Looter","floor":7,"turns":4},{"damage":10,"enemies":"Lagavulin","floor":10,"turns":5},{"damage":6,"enemies":"Red Slaver","floor":12,"turns":4},{"damage":4,"enemies":"Blue Slaver","floor":13,"turns":3},{"damage":2,"enemies":"The Guardian","floor":16,"turns":10},{"damage":18,"enemies":"2 Thieves","floor":18,"turns":5},{"damage":2,"enemies":"Chosen","floor":20,"turns":5},{"damage":15,"enemies":"Gremlin Leader","floor":23,"turns":5},{"damage":10,"enemies":"Snake Plant","floor":25,"turns":4},{"damage":5,"enemies":"3 Cultists","floor":28,"turns":5},{"damage":40,"enemies":"Automaton","floor":33,"turns":8},{"damage":5,"enemies":"Orb Walker","floor":35,"turns":4},{"damage":0,"enemies":"Mind Bloom Boss Battle","floor":36,"turns":5},{"damage":12,"enemies":"3 Darklings","floor":37,"turns":5},{"damage":10,"enemies":"Sphere and 2 Shapes","floor":39,"turns":8},{"damage":17,"enemies":"Giant Head","floor":41,"turns":7},{"damage":0,"enemies":"Writhing Mass","floor":46,"turns":5},{"damage":5,"enemies":"Jaw Worm Horde","floor":47,"turns":2},{"damage":11,"enemies":"Sphere and 2 Shapes","floor":48,"turns":5},{"damage":0,"enemies":"Time Eater","floor":50,"turns":3}],"seed_played":"3659186419718866776","potions_obtained":[{"floor":1,"key":"CunningPotion"},{"floor":5,"key":"Ancient Potion"},{"floor":16,"key":"Regen Potion"},{"floor":18,"key":"SteroidPotion"},{"floor":23,"key":"SteroidPotion"},{"floor":25,"key":"SpeedPotion"},{"floor":36,"key":"DuplicationPotion"}],"is_trial":false,"path_per_floor":["M","M","$","?","M","R","M","R","T","E","?","M","M","?","R","B",null,"M","$","M","$","?","E","R","M","T","R","M","?","R","?","R","B",null,"M","?","M","?","M","R","E","R","T","$","$","M","M","M","R","B",null],"character_chosen":"THE_SILENT","items_purchased":["Dodge and Roll","Terror","Pen Nib","Mercury Hourglass"],"campfire_rested":5,"item_purchase_floors":[3,19,44,45],"current_hp_per_floor":[69,69,69,69,61,61,55,55,55,45,45,39,35,35,56,54,70,52,52,50,50,50,47,47,37,37,58,53,53,53,37,58,18,70,65,65,53,53,43,43,26,47,47,47,47,47,42,31,52,52],"gold":139,"neow_bonus":"TRANSFORM_CARD","is_daily":false,"chose_seed":false,"campfire_upgraded":5,"win_rate":0.0,"timestamp":1610994293,"path_taken":["M","M","$","?","?","R","M","R","T","E","?","M","M","?","R","BOSS","M","$","M","$","?","E","R","M","T","R","?","?","R","?","R","BOSS","M","?","M","?","?","R","E","R","T","?","$","M","M","M","R","BOSS"],"items_purchased_type":["Card","Card","Relic","Relic"],"build_version":"2020-12-22","purchased_purges":3,"victory":true,"max_hp_per_floor":[70,70,70,70,70,70,70,70,70,70,70,70,70,70,70,70,70,70,70,70,70,70,70,70,70,70,70,70,70,70,70,70,70,70,70,70,70,70,70,70,70,70,70,70,70,70,70,70,70,70],"card_choices":[{"not_picked":["Finisher","Backflip"],"picked":"Quick Slash","floor":1},{"not_picked":["Dagger Throw","Backflip"],"picked":"Well Laid Plans","floor":2},{"not_picked":["Underhanded Strike","Dagger Throw"],"picked":"Blade Dance","floor":5},{"not_picked":["Flying Knee","Catalyst"],"picked":"Finisher","floor":7},{"not_picked":["Escape Plan","Blade Dance"],"picked":"After Image","floor":10},{"not_picked":["Dagger Throw","Underhanded Strike"],"picked":"Dagger Spray","floor":12},{"not_picked":["Predator","Dodge and Roll"],"picked":"Cloak And Dagger","floor":13},{"not_picked":["Corpse Explosion","Unload"],"picked":"Envenom","floor":16},{"not_picked":["Flying Knee+1","Calculated Gamble","Reflex"],"picked":"SKIP","floor":18},{"not_picked":["Slice+1","Eviscerate"],"picked":"PiercingWail","floor":20},{"not_picked":["Flechettes","Phantasmal Killer","Dagger Spray"],"picked":"SKIP","floor":23},{"not_picked":["Outmaneuver","Sucker Punch+1"],"picked":"Deflect+1","floor":25},{"not_picked":["Acrobatics","Slice"],"picked":"Setup","floor":28},{"not_picked":["Tools of the Trade","Unload"],"picked":"A Thousand Cuts","floor":33},{"not_picked":["Flying Knee","Crippling Poison+1","Slice+1"],"picked":"SKIP","floor":35},{"not_picked":["Deadly Poison+1","Dodge and Roll","Malaise"],"picked":"SKIP","floor":37},{"not_picked":["Slice","Backstab"],"picked":"Accuracy+1","floor":39},{"not_picked":["Poisoned Stab+1","Backstab","Sucker Punch+1"],"picked":"SKIP","floor":41},{"not_picked":["Eviscerate","Dagger Spray","Slice"],"picked":"SKIP","floor":46},{"not_picked":["Dagger Spray","Finisher","Dodge and Roll+1"],"picked":"SKIP","floor":47},{"not_picked":["Infinite Blades","Terror","Catalyst"],"picked":"SKIP","floor":48}],"player_experience":481723,"relics_obtained":[{"floor":9,"key":"CeramicFish"},{"floor":10,"key":"Vajra"},{"floor":23,"key":"Matryoshka"},{"floor":26,"key":"InkBottle"},{"floor":26,"key":"Bag of Preparation"},{"floor":31,"key":"Enchiridion"},{"floor":36,"key":"Thread and Needle"},{"floor":41,"key":"Lantern"},{"floor":43,"key":"Snake Skull"},{"floor":43,"key":"Sundial"}],"event_choices":[{"damage_healed":0,"gold_gain":0,"player_choice":"Upgraded","damage_taken":0,"max_hp_gain":0,"max_hp_loss":0,"event_name":"Upgrade Shrine","floor":4,"gold_loss":0,"cards_upgraded":["Neutralize"]},{"cards_removed":["Strike_G"],"damage_healed":0,"gold_gain":0,"player_choice":"Card Removal","damage_taken":0,"max_hp_gain":0,"max_hp_loss":0,"event_name":"The Cleric","floor":11,"gold_loss":50},{"damage_healed":0,"gold_gain":0,"player_choice":"Searched \u00271\u0027 times","damage_taken":0,"relics_obtained":["Bronze Scales"],"max_hp_gain":0,"max_hp_loss":0,"event_name":"Dead Adventurer","floor":14,"gold_loss":0},{"damage_healed":0,"gold_gain":0,"player_choice":"Gave Potion","damage_taken":0,"relics_obtained":["Blue Candle"],"max_hp_gain":0,"max_hp_loss":0,"event_name":"WeMeetAgain","floor":22,"gold_loss":0},{"cards_removed":["Strike_G"],"damage_healed":0,"gold_gain":0,"player_choice":"Elegance","damage_taken":0,"max_hp_gain":0,"max_hp_loss":0,"event_name":"Back to Basics","floor":29,"gold_loss":0},{"damage_healed":0,"gold_gain":0,"player_choice":"Obtained Book","damage_taken":16,"max_hp_gain":0,"max_hp_loss":0,"event_name":"Cursed Tome","floor":31,"gold_loss":0},{"damage_healed":0,"gold_gain":0,"player_choice":"Fight","damage_taken":0,"max_hp_gain":0,"max_hp_loss":0,"event_name":"MindBloom","floor":36,"gold_loss":0},{"damage_healed":0,"gold_gain":0,"player_choice":"Upgraded Two","damage_taken":0,"max_hp_gain":0,"max_hp_loss":0,"event_name":"Designer","floor":38,"gold_loss":40,"cards_upgraded":["Reflex","Slice"]}],"is_beta":false,"boss_relics":[{"not_picked":["Ectoplasm","Tiny House"],"picked":"SlaversCollar"},{"not_picked":["Coffee Dripper","Black Star"],"picked":"Pandora\u0027s Box"}],"items_purged_floors":[3,19,21],"is_endless":false,"potions_floor_spawned":[1,5,16,18,23,25,36,41,47,48],"ascension_level":4}}