{"host":"wgmqvkrq9e6a43rs","time":1610983761,"event":{"mods":["BaseMod","Minty Spire (QoL Compilation)","StSLib","SuperFastMode"],"gold_per_floor":[117,117,42,42,59,59,90,117,117,152,152,152,152,162,162,263,263,276,293,374,391,391,391,418,418,444,444,472,200,200,100,100,197,197,214,16,16,36,36,36,50,75,75,95,95,107,141,153,153,153,153,153,53,85,85],"floor_reached":56,"language":"JPN","playtime":6404,"items_purged":["Strike_R","Strike_R+1"],"score":1351,"play_id":"a714b280-92e4-4872-92ba-52fc21f14076","local_time":"20210119002921","is_ascension_mode":true,"campfire_choices":[{"data":"Bash","floor":6,"key":"SMITH"},{"data":"Cleave","floor":11,"key":"SMITH"},{"data":"Headbutt","floor":13,"key":"SMITH"},{"data":"Flame Barrier","floor":15,"key":"SMITH"},{"floor":23,"key":"REST"},{"floor":25,"key":"REST"},{"data":"Clothesline","floor":30,"key":"SMITH"},{"data":"Blood for Blood","floor":32,"key":"SMITH"},{"data":"Offering","floor":40,"key":"SMITH"},{"floor":45,"key":"RECALL"},{"data":"Demon Form","floor":49,"key":"SMITH"},{"data":"Shrug It Off","floor":52,"key":"SMITH"}],"circlet_count":0,"master_deck":["Strike_R+1","Strike_R+1","Strike_R+1","Defend_R+1","Defend_R+1","Defend_R+1","Defend_R+1","Bash+1","Headbutt+1","Cleave+1","Flame Barrier+1","Reaper","Panacea","Barricade","Blood for Blood+1","Clothesline+1","Ghostly Armor","Shrug It Off+1","Offering+1","Clothesline+1","Demon Form+1","True Grit+1","Body Slam+1"],"relics":["Burning Blood","NeowsBlessing","Lizard Tail","Odd Mushroom","Potion Belt","Ice Cream","Snecko Eye","InkBottle","Lantern","PreservedInsect","Pen Nib","Orrery","SacredBark","Bag of Preparation","Ginger","Molten Egg 2","Happy Flower","Oddly Smooth Stone"],"acts_visited":["Exordium","TheCity","TheBeyond","TheEnding"],"potions_floor_usage":[10,19,24,24,28,33,55,55,55,55],"damage_taken":[{"damage":0,"enemies":"Cultist","floor":1,"turns":1},{"damage":0,"enemies":"Jaw Worm","floor":5,"turns":1},{"damage":0,"enemies":"Lagavulin","floor":7,"turns":1},{"damage":20,"enemies":"The Mushroom Lair","floor":8,"turns":4},{"damage":17,"enemies":"3 Sentries","floor":10,"turns":7},{"damage":5,"enemies":"Small Slimes","floor":14,"turns":2},{"damage":24,"enemies":"The Guardian","floor":16,"turns":13},{"damage":0,"enemies":"Spheric Guardian","floor":18,"turns":8},{"damage":30,"enemies":"2 Thieves","floor":19,"turns":3},{"damage":26,"enemies":"Snake Plant","floor":21,"turns":6},{"damage":33,"enemies":"Slavers","floor":24,"turns":5},{"damage":3,"enemies":"Gremlin Leader","floor":28,"turns":4},{"damage":1,"enemies":"Champ","floor":33,"turns":17},{"damage":0,"enemies":"3 Shapes","floor":35,"turns":11},{"damage":6,"enemies":"Orb Walker","floor":38,"turns":1},{"damage":7,"enemies":"Writhing Mass","floor":41,"turns":8},{"damage":6,"enemies":"Reptomancer","floor":42,"turns":6},{"damage":18,"enemies":"Maw","floor":44,"turns":5},{"damage":8,"enemies":"4 Shapes","floor":46,"turns":9},{"damage":7,"enemies":"Giant Head","floor":47,"turns":7},{"damage":6,"enemies":"Spire Growth","floor":48,"turns":5},{"damage":23,"enemies":"Time Eater","floor":50,"turns":12},{"damage":27,"enemies":"Shield and Spear","floor":54,"turns":7},{"damage":6,"enemies":"The Heart","floor":55,"turns":9}],"seed_played":"6805817206289644851","potions_obtained":[{"floor":5,"key":"Ancient Potion"},{"floor":8,"key":"SteroidPotion"},{"floor":16,"key":"BlessingOfTheForge"},{"floor":18,"key":"LiquidMemories"},{"floor":21,"key":"DistilledChaos"},{"floor":24,"key":"Explosive Potion"},{"floor":35,"key":"AttackPotion"},{"floor":42,"key":"FairyPotion"},{"floor":54,"key":"GamblersBrew"}],"is_trial":false,"path_per_floor":["M","?","$","?","M","R","E","?","T","E","R","?","R","M","R","B",null,"M","M","T","M","?","R","E","R","T","?","E","$","R","$","R","B",null,"M","$","$","M","T","R","M","E","T","M","R","M","E","M","R","B",null,"R","$","E","B",null],"character_chosen":"IRONCLAD","items_purchased":["EssenceOfSteel","BloodPotion","Orrery","PowerPotion","Shrug It Off","SpeedPotion","Bag of Preparation"],"campfire_rested":2,"item_purchase_floors":[29,29,29,31,31,36,36],"current_hp_per_floor":[80,80,80,80,80,80,80,66,66,55,55,55,55,60,60,48,80,80,64,64,44,29,54,37,62,62,62,75,75,75,75,75,85,85,85,85,85,85,85,85,84,85,85,79,79,85,85,85,85,85,85,85,85,85,85],"gold":85,"neow_bonus":"THREE_ENEMY_KILL","is_daily":false,"chose_seed":false,"campfire_upgraded":9,"win_rate":0.0,"timestamp":1610983761,"path_taken":["M","?","$","?","M","R","E","?","T","E","R","?","R","M","R","BOSS","M","M","?","M","?","R","E","R","T","?","E","?","R","$","R","BOSS","M","?","$","M","?","R","M","E","T","M","R","?","E","M","R","BOSS","R","$","E","BOSS"],"items_purchased_type":["Potion","Potion","Relic","Potion","Card","Potion","Relic"],"build_version":"2020-12-22","purchased_purges":2,"victory":true,"max_hp_per_floor":[80,80,80,80,80,80,80,80,80,80,80,80,80,80,80,80,80,80,80,80,80,85,85,85,85,85,85,85,85,85,85,85,85,85,85,85,85,85,85,85,85,85,85,85,85,85,85,85,85,85,85,85,85,85,85],"card_choices":[{"not_picked":["Perfected Strike","Heavy Blade","Clash"],"picked":"SKIP","floor":1},{"not_picked":["Rupture","Armaments"],"picked":"Headbutt","floor":5},{"not_picked":["Flex","Thunderclap"],"picked":"Cleave","floor":7},{"not_picked":["Battle Trance","Burning Pact"],"picked":"Flame Barrier","floor":8},{"not_picked":["Pommel Strike","Blood for Blood"],"picked":"Reaper","floor":10},{"not_picked":["Body Slam","Rupture","Power Through"],"picked":"SKIP","floor":14},{"not_picked":["Exhume","Corruption"],"picked":"Barricade","floor":16},{"not_picked":["Rupture+1","Warcry","Iron Wave"],"picked":"SKIP","floor":18},{"not_picked":["Infernal Blade","Body Slam","Wild Strike"],"picked":"SKIP","floor":19},{"not_picked":["True Grit","Sever Soul+1"],"picked":"Blood for Blood","floor":21},{"not_picked":["Feed","True Grit","Twin Strike"],"picked":"SKIP","floor":24},{"not_picked":["Thunderclap","Armaments"],"picked":"Clothesline","floor":28},{"not_picked":["Burning Pact","Evolve"],"picked":"Ghostly Armor","floor":29},{"not_picked":["Limit Break","Fiend Fire"],"picked":"Offering","floor":33},{"not_picked":["Infernal Blade+1","Heavy Blade+1"],"picked":"Clothesline+1","floor":35},{"not_picked":["Seeing Red","Flex","Headbutt+1"],"picked":"SKIP","floor":38},{"not_picked":["Power Through+1","Clash+1","Twin Strike"],"picked":"SKIP","floor":41},{"not_picked":["Shrug It Off","Battle Trance+1","Wild Strike+1"],"picked":"SKIP","floor":42},{"not_picked":["Heavy Blade+1","True Grit"],"picked":"Demon Form","floor":44},{"not_picked":["Twin Strike+1","Havoc","Rage"],"picked":"SKIP","floor":46},{"not_picked":["Pummel+1","Metallicize+1","Inflame+1"],"picked":"SKIP","floor":47},{"not_picked":["Twin Strike+1","Clash+1"],"picked":"True Grit+1","floor":48},{"not_picked":["Havoc","Searing Blow+1"],"picked":"Body Slam+1","floor":54}],"player_experience":1022363,"relics_obtained":[{"floor":7,"key":"Lizard Tail"},{"floor":8,"key":"Odd Mushroom"},{"floor":9,"key":"Potion Belt"},{"floor":10,"key":"Ice Cream"},{"floor":20,"key":"InkBottle"},{"floor":24,"key":"Lantern"},{"floor":26,"key":"PreservedInsect"},{"floor":28,"key":"Pen Nib"},{"floor":42,"key":"Ginger"},{"floor":43,"key":"Molten Egg 2"},{"floor":47,"key":"Happy Flower"},{"floor":54,"key":"Oddly Smooth Stone"}],"event_choices":[{"damage_healed":0,"gold_gain":0,"player_choice":"Ignored","damage_taken":0,"max_hp_gain":0,"max_hp_loss":0,"event_name":"WeMeetAgain","floor":2,"gold_loss":0},{"damage_healed":0,"gold_gain":0,"player_choice":"Leave","damage_taken":0,"max_hp_gain":0,"max_hp_loss":0,"event_name":"The Cleric","floor":4,"gold_loss":0},{"damage_healed":0,"gold_gain":0,"player_choice":"Fought Mushrooms","damage_taken":0,"max_hp_gain":0,"max_hp_loss":0,"event_name":"Mushrooms","floor":8,"gold_loss":0},{"damage_healed":0,"gold_gain":0,"player_choice":"1 cards matched","damage_taken":0,"max_hp_gain":0,"max_hp_loss":0,"event_name":"Match and Keep!","floor":12,"gold_loss":0,"cards_obtained":["Panacea"]},{"damage_healed":0,"gold_gain":0,"player_choice":"Shed Blood","damage_taken":20,"max_hp_gain":5,"max_hp_loss":0,"event_name":"Forgotten Altar","floor":22,"gold_loss":0},{"damage_healed":0,"gold_gain":0,"player_choice":"Simplicity","damage_taken":0,"max_hp_gain":0,"max_hp_loss":0,"event_name":"Back to Basics","floor":27,"gold_loss":0,"cards_upgraded":["Strike_R","Strike_R","Strike_R","Strike_R","Defend_R","Defend_R","Defend_R","Defend_R"]}],"is_beta":false,"boss_relics":[{"not_picked":["Philosopher\u0027s Stone","Empty Cage"],"picked":"Snecko Eye"},{"not_picked":["Runic Dome","Velvet Choker"],"picked":"SacredBark"}],"items_purged_floors":[3,53],"is_endless":false,"potions_floor_spawned":[5,8,16,18,21,24,35,42,44,48,54],"ascension_level":1}}