{"host":"cfluht5kr2kfk9p9","time":1610961421,"event":{"mods":["ATMod(阿瑾Mod)","Arknights The Spire","BaseMod","Downfall","GungeonMod","Highlight Path","Minty Spire (QoL Compilation)","Quick Restart","Rare Cards Sparkle","Relic Stats","RumiaBox-露米娅的神秘盒子","Spicy Shops","StSLib","TestMod","【功能Mod】混沌之环修复补丁"],"gold_per_floor":[99,116,134,134,144,44,44,56,66,54,161,194,194,256,271,383,383,383,408,458,358,374,413,413,429,451,480,526,553,594,656,694,826,838,750,778,285,335,363,363,433,333,383,433,461,488,488,542,591,613,613,673,50,50,95,128],"floor_reached":57,"language":"ZHS","playtime":3296,"items_purged":["Doubt","Slimebound:SlimeSlap","Slimebound:Defend_Slimebound"],"score":1603,"play_id":"e6594d27-4948-4a4a-a30c-3219941b5f07","local_time":"20210118171701","is_ascension_mode":false,"campfire_choices":[{"floor":1,"key":"RECALL"},{"data":"AT_OneInchPunch","floor":6,"key":"SMITH"},{"data":"Slimebound:DuplicatedForm","floor":13,"key":"SMITH"},{"data":"Slimebound:GoopSpray","floor":18,"key":"SMITH"},{"data":"Slimebound:PrepareCrush","floor":35,"key":"SMITH"},{"data":"Slimebound:RejuvenatingLick","floor":40,"key":"SMITH"},{"data":"Slimebound:CorrosiveSpit","floor":42,"key":"SMITH"},{"data":"Slimebound:GrowthPunch","floor":47,"key":"SMITH"},{"data":"expansioncontent:PolyBeam","floor":54,"key":"SMITH"}],"circlet_count":0,"master_deck":["Slimebound:Strike_Slimebound","Slimebound:Tackle","Slimebound:Defend_Slimebound","Slimebound:Defend_Slimebound","Slimebound:Split","Slimebound:CorrosiveSpit+1","AT_OneInchPunch+1","Slimebound:GrowthPunch+1","Slimebound:GoopSpray+1","Slimebound:RejuvenatingLick+1","Slimebound:Schlurp","Slimebound:Prepare","Slimebound:DuplicatedForm+1","Slimebound:PrepareCrush+1","Ghostly","Slimebound:SlimeTap+1","Slimebound:Gluttony","Slimebound:SpikyOuterGoop+1","Slimebound:Dissolve","Slimebound:FormOfPuddle+1","Slimebound:OozeBath","Slimebound:RejuvenatingLick+1","downfall:Malfunctioning","expansioncontent:PolyBeam+1"],"relics":["Slimebound:AbsorbEndCombat","testmod-TestBox","AT_ATBox","testmod-DeterminationOfClimber","downfall:HeartBlessingRed","HornCleat","downfall:CloakOfManyFaces","CultistMask","FaceOfCleric","NlothsMask","GremlinMask","SsserpentHead","Strawberry","Black Star","White Beast Statue","AT_SeraphEmbrace","testmod-Hope","DemoMod:GlassGuonStoneRelic","MawBank","DemoMod:BigBoy","downfall:RedIOU","testmod-CardMagician","downfall:HeartBlessingGreen","DemoMod:MeatBun","Calipers","AT_BladeRuinedKing","testmod-TurbochargingSystem","downfall:HeartBlessingBlue","AT_SunfireAegis","SSSystem","testmod-BouquetWithThorns","Ccalipers","Blue Candle","Oddly Smooth Stone","AT_ForceNature"],"acts_visited":["Exordium","TheCity","TheBeyond","TheEnding"],"potions_floor_usage":[4,25,27,28,28,33,33,37,44,53,55,55,55,55],"damage_taken":[{"damage":3,"enemies":"2 Louse","floor":2,"turns":1},{"damage":3,"enemies":"Cultist","floor":3,"turns":3},{"damage":0,"enemies":"Small Slimes","floor":5,"turns":2},{"damage":6,"enemies":"Blue Slaver","floor":8,"turns":2},{"damage":3,"enemies":"Red Slaver","floor":9,"turns":2},{"damage":0,"enemies":"downfall:FleeingMerchant","floor":10,"turns":4},{"damage":0,"enemies":"downfall:FaceTrader","floor":11,"turns":5},{"damage":0,"enemies":"Gremlin Nob","floor":12,"turns":3},{"damage":1,"enemies":"Exordium Wildlife","floor":14,"turns":2},{"damage":6,"enemies":"Large Slime","floor":15,"turns":2},{"damage":30,"enemies":"WA_ARCHETYPE_RETAIN","floor":16,"turns":4},{"damage":0,"enemies":"3 Byrds","floor":19,"turns":3},{"damage":23,"enemies":"Shelled Parasite and Fungi","floor":22,"turns":4},{"damage":26,"enemies":"Slavers","floor":23,"turns":4},{"damage":0,"enemies":"Snake Plant","floor":25,"turns":3},{"damage":6,"enemies":"Chosen and Byrds","floor":26,"turns":4},{"damage":1,"enemies":"Snecko","floor":27,"turns":2},{"damage":5,"enemies":"Book of Stabbing","floor":28,"turns":2},{"damage":0,"enemies":"Snake Plant","floor":29,"turns":1},{"damage":1,"enemies":"Gremlin Leader","floor":30,"turns":3},{"damage":0,"enemies":"Centurion and Healer","floor":32,"turns":3},{"damage":4,"enemies":"SI_MIRROR_ARCHETYPE","floor":33,"turns":3},{"damage":3,"enemies":"Orb Walker","floor":36,"turns":3},{"damage":15,"enemies":"downfall:FleeingMerchant","floor":37,"turns":4},{"damage":1,"enemies":"3 Shapes","floor":39,"turns":1},{"damage":1,"enemies":"Reptomancer","floor":44,"turns":1},{"damage":0,"enemies":"3 Darklings","floor":45,"turns":1},{"damage":15,"enemies":"Sphere and 2 Shapes","floor":46,"turns":1},{"damage":1,"enemies":"Nemesis","floor":48,"turns":1},{"damage":15,"enemies":"Transient","floor":49,"turns":1},{"damage":1,"enemies":"DF_ARCHETYPE_ORBS","floor":50,"turns":2},{"damage":1,"enemies":"downfall:CharBossMerchant","floor":52,"turns":1},{"damage":0,"enemies":"downfall:NeowBoss","floor":55,"turns":3},{"damage":0,"enemies":"downfall:NeowBossFinal","floor":56,"turns":3}],"seed_played":"4563849875589170698","potions_obtained":[{"floor":3,"key":"Block Potion"},{"floor":4,"key":"bronze:BurnAndBuffPotion"},{"floor":4,"key":"testmod-SpacePotion"},{"floor":4,"key":"LiquidBronze"},{"floor":8,"key":"Guardian:BlockOnCardUsePotion"},{"floor":9,"key":"Weak Potion"},{"floor":12,"key":"Fire Potion"},{"floor":15,"key":"FearPotion"},{"floor":25,"key":"Swift Potion"},{"floor":26,"key":"champ:CounterPotion"},{"floor":27,"key":"testmod-SpacePotion"},{"floor":28,"key":"Ancient Potion"},{"floor":29,"key":"Energy Potion"},{"floor":30,"key":"SteroidPotion"},{"floor":32,"key":"Fire Potion"},{"floor":33,"key":"Ancient Potion"},{"floor":36,"key":"Fire Potion"},{"floor":37,"key":"Energy Potion"},{"floor":44,"key":"testmod-SpacePotion"},{"floor":45,"key":"Fire Potion"},{"floor":46,"key":"DemoMod:LeadSkinPotion"},{"floor":48,"key":"CultistPotion"},{"floor":49,"key":"Block Potion"}],"is_trial":false,"path_per_floor":["R","M","M","?","M","R","T","M","M","$","?","E","R","M","M","B",null,"R","M","?","?","M","E","T","M","M","M","E","M","E","?","M","B",null,"R","M","$","?","M","R","T","R","?","E","M","M","R","E","M","B",null,"E","$","R","B","B",null],"character_chosen":"SLIMEBOUND","items_purchased":["DemoMod:MeatBun","Calipers","AT_BladeRuinedKing","testmod-TurbochargingSystem","AT_ForceNature","testmod-SpacePotion","testmod-TestPotion","expansioncontent:PolyBeam"],"campfire_rested":0,"item_purchase_floors":[37,37,37,37,53,53,53,53],"current_hp_per_floor":[71,68,66,66,66,66,66,62,60,68,71,79,79,80,77,78,82,82,83,83,83,84,80,80,86,87,88,89,90,91,91,92,93,93,93,92,95,95,96,96,96,106,106,107,108,109,109,110,111,112,112,113,113,113,114,115],"gold":128,"neow_bonus":"TEN_PERCENT_HP_BONUS","is_daily":false,"chose_seed":false,"campfire_upgraded":8,"win_rate":0.0,"timestamp":1610961421,"path_taken":["R","M","M","?","M","R","T","?","M","$","?","E","R","?","M","BOSS","R","M","?","?","M","E","T","M","M","M","E","M","E","?","M","BOSS","R","M","$","?","M","R","T","R","?","E","M","M","R","E","M","BOSS","E","$","R","BOSS","BOSS"],"items_purchased_type":["Relic","Relic","Relic","Relic","Relic","Potion","Potion","Card"],"build_version":"2020-12-22","purchased_purges":3,"victory":true,"max_hp_per_floor":[71,71,71,71,71,71,71,71,71,71,71,79,79,80,81,82,82,82,83,83,83,84,85,85,86,87,88,89,90,91,91,92,93,93,93,94,95,95,96,96,96,106,106,107,108,109,109,110,111,112,112,113,113,113,114,115],"relic_stats":{"SsserpentHead":300,"FaceOfCleric":27,"counters":[34,84],"Blue Candle":[9],"Black Star":6,"MawBank":84,"obtain_stats":[{"AT_SeraphEmbrace":48,"AT_ATBox":0,"Calipers":37,"DemoMod:BigBoy":30,"SSSystem":44,"GremlinMask":11,"downfall:HeartBlessingGreen":35,"DemoMod:GlassGuonStoneRelic":3,"AT_ArchangelStaff":28,"testmod-BouquetWithThorns":48,"SsserpentHead":11,"HornCleat":7,"FaceOfCleric":11,"downfall:HeartBlessingBlue":42,"Ccalipers":48,"Strawberry":12,"downfall:RedIOU":31,"testmod-DeterminationOfClimber":0,"downfall:CloakOfManyFaces":11,"AT_ForceNature":53,"testmod-TestBox":0,"downfall:HeartBlessingRed":6,"Blue Candle":52,"Oddly Smooth Stone":52,"testmod-CardMagician":34,"AT_BladeRuinedKing":37,"testmod-TurbochargingSystem":37,"MawBank":30,"White Beast Statue":23,"DemoMod:MeatBun":37,"testmod-Hope":28,"CultistMask":11,"Slimebound:AbsorbEndCombat":0,"Black Star":17,"Bag of Marbles":23,"AT_SunfireAegis":44,"NlothsMask":11},{"AT_SeraphEmbrace":29,"AT_ATBox":0,"Calipers":24,"DemoMod:BigBoy":20,"SSSystem":26,"GremlinMask":7,"downfall:HeartBlessingGreen":22,"DemoMod:GlassGuonStoneRelic":2,"AT_ArchangelStaff":18,"testmod-BouquetWithThorns":29,"SsserpentHead":7,"HornCleat":3,"FaceOfCleric":7,"downfall:HeartBlessingBlue":25,"Ccalipers":29,"Strawberry":8,"downfall:RedIOU":20,"testmod-DeterminationOfClimber":0,"downfall:CloakOfManyFaces":7,"AT_ForceNature":32,"testmod-TestBox":0,"downfall:HeartBlessingRed":3,"Blue Candle":32,"Oddly Smooth Stone":32,"testmod-CardMagician":22,"AT_BladeRuinedKing":24,"testmod-TurbochargingSystem":24,"MawBank":20,"White Beast Statue":14,"DemoMod:MeatBun":24,"testmod-Hope":18,"CultistMask":7,"Slimebound:AbsorbEndCombat":0,"Black Star":11,"Bag of Marbles":14,"AT_SunfireAegis":26,"NlothsMask":7},{"AT_SeraphEmbrace":74,"AT_ATBox":0,"Calipers":69,"DemoMod:BigBoy":56,"SSSystem":71,"GremlinMask":19,"downfall:HeartBlessingGreen":62,"DemoMod:GlassGuonStoneRelic":4,"AT_ArchangelStaff":52,"testmod-BouquetWithThorns":74,"SsserpentHead":19,"HornCleat":6,"FaceOfCleric":19,"downfall:HeartBlessingBlue":70,"Ccalipers":74,"Strawberry":22,"downfall:RedIOU":56,"testmod-DeterminationOfClimber":0,"downfall:CloakOfManyFaces":19,"AT_ForceNature":78,"testmod-TestBox":0,"downfall:HeartBlessingRed":6,"Blue Candle":78,"Oddly Smooth Stone":78,"testmod-CardMagician":62,"AT_BladeRuinedKing":69,"testmod-TurbochargingSystem":69,"MawBank":56,"White Beast Statue":41,"DemoMod:MeatBun":69,"testmod-Hope":52,"CultistMask":19,"Slimebound:AbsorbEndCombat":0,"Black Star":30,"Bag of Marbles":41,"AT_SunfireAegis":71,"NlothsMask":19}]},"card_choices":[{"not_picked":["Slimebound:SplitAcid","Slimebound:FormOfPuddle"],"picked":"Slimebound:GrowthPunch","floor":2},{"not_picked":["Slimebound:SlimeSpikes","Slimebound:SplitLeeching"],"picked":"Slimebound:GoopSpray","floor":3},{"not_picked":["Slimebound:PressTheAttack","Slimebound:Replication"],"picked":"Slimebound:ViciousTackle","floor":5},{"not_picked":["Slimebound:LeadByExample","Slimebound:PressTheAttack"],"picked":"Slimebound:SlimeSlap","floor":8},{"not_picked":["Slimebound:LeechingTouch","Slimebound:MegaLick"],"picked":"Slimebound:RejuvenatingLick","floor":9},{"not_picked":["Slimebound:PressTheAttack","Slimebound:LevelUp"],"picked":"Slimebound:Schlurp","floor":10},{"not_picked":["Slimebound:SelfFormingGoo","Slimebound:PressTheAttack"],"picked":"Slimebound:Prepare","floor":11},{"not_picked":["Slimebound:GrowthPunch","Slimebound:ForwardTackle"],"picked":"Slimebound:DuplicatedForm","floor":12},{"not_picked":["Slimebound:SamplingLick","Slimebound:LivingWall","Slimebound:ItLooksTasty"],"picked":"SKIP","floor":14},{"not_picked":["Slimebound:GoopSpray","Slimebound:Chomp","Slimebound:MegaLick"],"picked":"SKIP","floor":15},{"not_picked":["Slimebound:OneTwoCombo","Slimebound:DuplicatedForm"],"picked":"Slimebound:PrepareCrush","floor":16},{"not_picked":["Slimebound:Schlurp","Slimebound:PressTheAttack","Slimebound:SplitAcid"],"picked":"SKIP","floor":19},{"not_picked":["Slimebound:GoopTackle","Slimebound:SamplingLick"],"picked":"Slimebound:SlimeTap+1","floor":22},{"not_picked":["Slimebound:SlimeBrawl+1","Slimebound:SlimeBarrage"],"picked":"Slimebound:Gluttony","floor":23},{"not_picked":["Slimebound:SamplingLick","Slimebound:MegaLick","Slimebound:LevelUp+1"],"picked":"SKIP","floor":25},{"not_picked":["Slimebound:LevelUp+1","Slimebound:SplitAcid"],"picked":"Slimebound:SpikyOuterGoop+1","floor":26},{"not_picked":["Slimebound:SplitAcid","Slimebound:Prepare+1"],"picked":"Slimebound:Dissolve","floor":27},{"not_picked":["Slimebound:Dissolve+1","Slimebound:GrowthPunch+1","Slimebound:SlimeTap"],"picked":"SKIP","floor":28},{"not_picked":["Slimebound:DisruptingSlam","Slimebound:LeechEnergy+1"],"picked":"Slimebound:FormOfPuddle+1","floor":29},{"not_picked":["Slimebound:Replication","Slimebound:SlimeSlap","Slimebound:Schlurp"],"picked":"SKIP","floor":30},{"not_picked":["Slimebound:ItLooksTasty","Slimebound:Nibble","Slimebound:RollThrough"],"picked":"SKIP","floor":32},{"not_picked":["Slimebound:OneTwoCombo","Slimebound:RallyTheTroops"],"picked":"Slimebound:OozeBath","floor":33},{"not_picked":["Slimebound:Grow+1","Slimebound:PressTheAttack+1","Slimebound:Prepare+1"],"picked":"SKIP","floor":36},{"not_picked":["Slimebound:ItLooksTasty","Slimebound:GoopSpray+1","Slimebound:Schlurp"],"picked":"SKIP","floor":37},{"not_picked":["Slimebound:RallyTheTroops","Slimebound:FinishingTackle"],"picked":"Slimebound:RejuvenatingLick+1","floor":39},{"not_picked":["Slimebound:ComboTackle+1","Slimebound:PressTheAttack","Slimebound:GoopTackle"],"picked":"SKIP","floor":44},{"not_picked":["Slimebound:LivingWall","Slimebound:TongueLash+1","Slimebound:HauntingLick"],"picked":"SKIP","floor":45},{"not_picked":["Slimebound:SamplingLick","Slimebound:SlimeTap+1","Slimebound:SplitLeeching"],"picked":"SKIP","floor":46},{"not_picked":["Slimebound:AcidTongue","Slimebound:TongueLash","Slimebound:Equalize"],"picked":"SKIP","floor":48},{"not_picked":["Slimebound:SplitAcid","Slimebound:GrowthPunch","Slimebound:Prepare"],"picked":"SKIP","floor":49},{"not_picked":["Slimebound:TongueLash","Slimebound:LevelUp","Slimebound:ProtectTheBoss"],"picked":"SKIP","floor":52}],"player_experience":61217,"relics_obtained":[{"floor":7,"key":"HornCleat"},{"floor":11,"key":"downfall:CloakOfManyFaces"},{"floor":12,"key":"Strawberry"},{"floor":23,"key":"White Beast Statue"},{"floor":23,"key":"Bag of Marbles"},{"floor":28,"key":"AT_ArchangelStaff"},{"floor":28,"key":"testmod-Hope"},{"floor":30,"key":"MawBank"},{"floor":30,"key":"DemoMod:BigBoy"},{"floor":44,"key":"AT_SunfireAegis"},{"floor":44,"key":"SSSystem"},{"floor":48,"key":"testmod-BouquetWithThorns"},{"floor":48,"key":"Ccalipers"},{"floor":52,"key":"Blue Candle"},{"floor":52,"key":"Oddly Smooth Stone"}],"event_choices":[{"damage_healed":0,"gold_gain":0,"player_choice":"Got Potions","damage_taken":0,"max_hp_gain":0,"max_hp_loss":0,"event_name":"Lab","floor":4,"gold_loss":0},{"cards_removed":["Slimebound:ViciousTackle"],"damage_healed":0,"gold_gain":0,"player_choice":"Removed Attack","damage_taken":0,"max_hp_gain":0,"max_hp_loss":0,"event_name":"Falling","floor":38,"gold_loss":0}],"is_beta":false,"boss_relics":[{"not_picked":["testmod-Temperance","Tiny House"],"picked":"Black Star"},{"not_picked":["testmod-Recursion","AddBug"],"picked":"testmod-CardMagician"}],"items_purged_floors":[37,37,53],"is_endless":false,"potions_floor_spawned":[3,8,9,12,15,16,19,23,25,26,27,28,29,30,32,33,36,37,39,44,45,46,48,49,52],"ascension_level":0}}