{"host":"jlz4is0nf6zo9oab","time":1610999729,"event":{"mods":["AchievementEnabler","BaseMod","Colored Map","Colored Powertips","Highlight Path","Minty Spire (QoL Compilation)","StSLib"],"gold_per_floor":[210,226,226,226,80,80,97,117,117,117,127,137,137,162,162,262,312,325,375,29,45,61,61,76,76,76,76,92,92,121,48,48,48,48],"floor_reached":33,"language":"SPA","playtime":1037,"items_purged":["Strike_G"],"score":427,"play_id":"3499121f-b110-41d2-9717-6d4a666a98fa","local_time":"20210118205529","is_ascension_mode":true,"campfire_choices":[{"data":"Quick Slash","floor":6,"key":"SMITH"},{"data":"Dagger Spray","floor":13,"key":"SMITH"},{"floor":15,"key":"REST"},{"floor":23,"key":"REST"},{"data":"A Thousand Cuts","floor":25,"key":"SMITH"},{"floor":27,"key":"REST"},{"floor":32,"key":"REST"}],"circlet_count":0,"master_deck":["AscendersBane","Strike_G","Strike_G","Strike_G+1","Strike_G","Defend_G","Defend_G","Defend_G","Defend_G","Defend_G","Survivor","Neutralize","Quick Slash+1","Dagger Spray+1","A Thousand Cuts+1","Infinite Blades"],"relics":["Ring of the Snake","CultistMask","ClockworkSouvenir","Smiling Mask","Mercury Hourglass","Tiny House","Lee\u0027s Waffle","Happy Flower","HornCleat","FossilizedHelix","Bag of Marbles"],"acts_visited":["Exordium","TheCity"],"potions_floor_usage":[8,12,14,16,22,24,30],"damage_taken":[{"damage":0,"enemies":"Small Slimes","floor":1,"turns":5},{"damage":2,"enemies":"Jaw Worm","floor":2,"turns":4},{"damage":10,"enemies":"Cultist","floor":7,"turns":5},{"damage":3,"enemies":"Large Slime","floor":8,"turns":5},{"damage":9,"enemies":"Exordium Thugs","floor":11,"turns":5},{"damage":0,"enemies":"Gremlin Gang","floor":12,"turns":2},{"damage":42,"enemies":"Lagavulin","floor":14,"turns":10},{"damage":24,"enemies":"The Guardian","floor":16,"turns":10},{"damage":23,"enemies":"3 Byrds","floor":18,"turns":4},{"damage":33,"enemies":"Shell Parasite","floor":21,"turns":6},{"damage":16,"enemies":"Snecko","floor":22,"turns":6},{"damage":14,"enemies":"Cultist and Chosen","floor":24,"turns":6},{"damage":42,"enemies":"Snake Plant","floor":28,"turns":6},{"damage":12,"enemies":"Gremlin Leader","floor":30,"turns":7},{"damage":41,"enemies":"Champ","floor":33,"turns":10}],"seed_played":"7564565657091464248","potions_obtained":[{"floor":2,"key":"CunningPotion"},{"floor":7,"key":"Energy Potion"},{"floor":11,"key":"LiquidBronze"},{"floor":14,"key":"SteroidPotion"},{"floor":18,"key":"BlessingOfTheForge"},{"floor":21,"key":"CultistPotion"},{"floor":22,"key":"BlessingOfTheForge"}],"is_trial":false,"path_per_floor":["M","M","?","?","$","R","M","M","T","?","M","M","R","E","R","B",null,"M","?","$","M","M","R","M","R","T","R","M","?","E","$","R","B"],"character_chosen":"THE_SILENT","items_purchased":["ClockworkSouvenir","Lee\u0027s Waffle","Happy Flower","Infinite Blades"],"campfire_rested":4,"item_purchase_floors":[5,20,20,31],"current_hp_per_floor":[63,61,61,61,61,61,51,48,48,70,61,61,61,19,40,16,62,39,39,82,49,33,57,43,43,43,67,25,25,13,13,37,0,0],"gold":48,"neow_bonus":"HUNDRED_GOLD","is_daily":false,"chose_seed":false,"campfire_upgraded":3,"win_rate":0.0,"timestamp":1610999729,"path_taken":["M","M","?","?","$","R","M","?","T","?","M","M","R","E","R","BOSS","M","?","$","?","M","R","M","R","T","R","M","?","E","$","R","BOSS"],"items_purchased_type":["Relic","Relic","Relic","Card"],"build_version":"2020-12-22","purchased_purges":1,"victory":false,"max_hp_per_floor":[70,70,70,70,70,70,70,70,70,70,70,70,70,70,70,70,75,75,75,82,82,82,82,82,82,82,82,82,82,82,82,82,82,82],"card_choices":[{"not_picked":["Deadly Poison","Quick Slash","Dodge and Roll"],"picked":"SKIP","floor":1},{"not_picked":["Deadly Poison","Dodge and Roll"],"picked":"Quick Slash","floor":1},{"not_picked":["Dodge and Roll","Deflect","Prepared"],"picked":"SKIP","floor":2},{"not_picked":["PiercingWail","Deflect","Quick Slash"],"picked":"SKIP","floor":7},{"not_picked":["Noxious Fumes","Prepared"],"picked":"Dagger Spray","floor":8},{"not_picked":["Flying Knee","Calculated Gamble","Doppelganger"],"picked":"SKIP","floor":11},{"not_picked":["Underhanded Strike","Bane","Quick Slash"],"picked":"SKIP","floor":12},{"not_picked":["Backflip","Deadly Poison","Leg Sweep"],"picked":"SKIP","floor":14},{"not_picked":["Corpse Explosion","Adrenaline"],"picked":"A Thousand Cuts","floor":16},{"not_picked":["Acrobatics","Prepared","Terror"],"picked":"SKIP","floor":18},{"not_picked":["Backflip","Deflect","Prepared"],"picked":"SKIP","floor":21},{"not_picked":["Sucker Punch","Underhanded Strike","Slice"],"picked":"SKIP","floor":22},{"not_picked":["Deadly Poison","All Out Attack","Dodge and Roll"],"picked":"SKIP","floor":24},{"not_picked":["Backstab","Tactician","Setup"],"picked":"SKIP","floor":28},{"not_picked":["Escape Plan+1","Dagger Spray","Night Terror"],"picked":"SKIP","floor":30}],"player_experience":946666,"relics_obtained":[{"floor":9,"key":"Smiling Mask"},{"floor":14,"key":"Mercury Hourglass"},{"floor":26,"key":"HornCleat"},{"floor":30,"key":"Bag of Marbles"}],"event_choices":[{"damage_healed":0,"gold_gain":0,"player_choice":"Ignored","damage_taken":0,"max_hp_gain":0,"max_hp_loss":0,"event_name":"Liars Game","floor":3,"gold_loss":0},{"damage_healed":0,"gold_gain":0,"player_choice":"Trade","damage_taken":0,"relics_obtained":["CultistMask"],"max_hp_gain":0,"max_hp_loss":0,"event_name":"FaceTrader","floor":4,"gold_loss":0},{"damage_healed":23,"gold_gain":0,"player_choice":"Banana","damage_taken":0,"max_hp_gain":0,"max_hp_loss":0,"event_name":"Big Fish","floor":10,"gold_loss":0},{"damage_healed":0,"gold_gain":100,"player_choice":"Bet on Murderer","damage_taken":0,"max_hp_gain":0,"max_hp_loss":0,"event_name":"The Joust","floor":19,"gold_loss":50},{"damage_healed":0,"gold_gain":0,"player_choice":"Opened","damage_taken":0,"relics_obtained":["FossilizedHelix"],"max_hp_gain":0,"max_hp_loss":0,"event_name":"The Mausoleum","floor":29,"gold_loss":0}],"is_beta":false,"boss_relics":[{"not_picked":["Pandora\u0027s Box","Ectoplasm"],"picked":"Tiny House"}],"items_purged_floors":[20],"is_endless":false,"potions_floor_spawned":[2,7,11,14,18,21,22],"killed_by":"Champ","ascension_level":12}}