{"host":"f9ntswufr8mq3t4y","time":1610983930,"event":{"mods":["AchievementEnabler","BaseMod","Best Route Mod","Block Reminder","Colored Map","Colored Powertips","DeckTracker","Highlight Path","Minty Spire (QoL Compilation)","Permanent Neow","Quick Restart"],"gold_per_floor":[110,60,60,60,80,80,153,181,253,253,272,272,283,301,301,401,401,420,345,295,305,321,354,354,354,354],"floor_reached":25,"language":"ENG","playtime":902,"items_purged":[],"score":265,"play_id":"05b49931-0740-40d7-9dcf-725c9046f670","local_time":"20210118183210","is_ascension_mode":true,"campfire_choices":[{"data":"LikeWater","floor":6,"key":"SMITH"},{"data":"Conclude","floor":10,"key":"SMITH"},{"data":"Vigilance","floor":12,"key":"SMITH"},{"data":"FlurryOfBlows","floor":15,"key":"SMITH"},{"floor":24,"key":"REST"}],"circlet_count":0,"master_deck":["Strike_P","Strike_P","Strike_P","Strike_P","Defend_P","Defend_P","Eruption+1","Vigilance+1","Conclude+1","LikeWater+1","FlurryOfBlows+1","DeceiveReality","Alpha","Adaptation","FlurryOfBlows+1"],"relics":["HolyWater","Unceasing Top","Eternal Feather","Kunai","Bag of Marbles"],"acts_visited":["Exordium","TheCity"],"potions_floor_usage":[8,18,18],"damage_taken":[{"damage":2,"enemies":"Jaw Worm","floor":1,"turns":4},{"damage":0,"enemies":"Small Slimes","floor":5,"turns":2},{"damage":5,"enemies":"Lagavulin","floor":8,"turns":4},{"damage":0,"enemies":"2 Louse","floor":11,"turns":1},{"damage":0,"enemies":"Lots of Slimes","floor":13,"turns":1},{"damage":0,"enemies":"2 Fungi Beasts","floor":14,"turns":2},{"damage":11,"enemies":"The Guardian","floor":16,"turns":10},{"damage":0,"enemies":"3 Byrds","floor":18,"turns":5},{"damage":3,"enemies":"Spheric Guardian","floor":21,"turns":5},{"damage":6,"enemies":"3 Cultists","floor":22,"turns":3},{"damage":74,"enemies":"Book of Stabbing","floor":23,"turns":8},{"damage":60,"enemies":"Gremlin Leader","floor":25,"turns":2}],"seed_played":"3650848374634380515","potions_obtained":[{"floor":5,"key":"Fire Potion"},{"floor":13,"key":"FairyPotion"},{"floor":14,"key":"GamblersBrew"},{"floor":16,"key":"StancePotion"},{"floor":23,"key":"LiquidMemories"}],"is_trial":false,"path_per_floor":["M","?","?","?","M","R","?","E","T","R","M","R","M","M","R","B",null,"M","?","?","M","M","E","R","E"],"character_chosen":"WATCHER","items_purchased":[],"campfire_rested":1,"item_purchase_floors":[],"current_hp_per_floor":[70,70,70,70,70,70,70,65,65,71,71,72,72,72,72,61,72,72,72,72,69,63,14,44,0,0],"gold":354,"neow_bonus":"ONE_RARE_RELIC","is_daily":false,"chose_seed":false,"campfire_upgraded":4,"win_rate":0.0,"timestamp":1610983930,"path_taken":["M","?","?","?","?","R","?","E","T","R","M","R","M","M","R","BOSS","M","?","?","?","M","E","R","E"],"items_purchased_type":[],"build_version":"2020-12-22","purchased_purges":0,"victory":false,"max_hp_per_floor":[72,72,72,72,72,72,72,72,72,72,72,72,72,72,72,72,72,72,72,72,72,72,72,72,72,72],"card_choices":[{"not_picked":["Halt","EmptyBody"],"picked":"Conclude","floor":1},{"not_picked":["Prostrate","Perseverance","EmptyMind"],"picked":"SKIP","floor":5},{"not_picked":["PathToVictory","Prostrate","Wallop"],"picked":"SKIP","floor":8},{"not_picked":["Evaluate","WheelKick","Prostrate"],"picked":"SKIP","floor":11},{"not_picked":["Crescendo","EmptyFist"],"picked":"FlurryOfBlows","floor":13},{"not_picked":["ThirdEye","FlyingSleeves"],"picked":"DeceiveReality","floor":14},{"not_picked":["LessonLearned","ConjureBlade"],"picked":"Alpha","floor":16},{"not_picked":["Protect","WaveOfTheHand","Nirvana"],"picked":"SKIP","floor":18},{"not_picked":["Prostrate","MentalFortress"],"picked":"Adaptation","floor":21},{"not_picked":["Wireheading","EmptyFist"],"picked":"FlurryOfBlows+1","floor":22},{"not_picked":["EmptyFist","ThirdEye","CutThroughFate"],"picked":"SKIP","floor":23}],"player_experience":354421,"relics_obtained":[{"floor":8,"key":"Eternal Feather"},{"floor":9,"key":"Kunai"},{"floor":23,"key":"Bag of Marbles"}],"event_choices":[{"cards_removed":["Writhe"],"damage_healed":0,"gold_gain":0,"player_choice":"Card Removal","damage_taken":0,"max_hp_gain":0,"max_hp_loss":0,"event_name":"The Cleric","floor":2,"gold_loss":50},{"damage_healed":0,"gold_gain":0,"cards_transformed":["Defend_P"],"player_choice":"Change","damage_taken":0,"max_hp_gain":0,"max_hp_loss":0,"event_name":"Living Wall","floor":3,"gold_loss":0,"cards_obtained":["LikeWater"]},{"damage_healed":0,"gold_gain":0,"player_choice":"Upgraded","damage_taken":0,"max_hp_gain":0,"max_hp_loss":0,"event_name":"Upgrade Shrine","floor":4,"gold_loss":0,"cards_upgraded":["Eruption"]},{"damage_healed":0,"gold_gain":73,"player_choice":"Gained Gold","damage_taken":0,"max_hp_gain":0,"max_hp_loss":0,"event_name":"Golden Wing","floor":7,"gold_loss":0},{"cards_removed":["Defend_P"],"damage_healed":0,"gold_gain":0,"player_choice":"Gave Gold","damage_taken":0,"max_hp_gain":0,"max_hp_loss":0,"event_name":"Beggar","floor":19,"gold_loss":75},{"damage_healed":0,"gold_gain":0,"player_choice":"Bet on Murderer","damage_taken":0,"max_hp_gain":0,"max_hp_loss":0,"event_name":"The Joust","floor":20,"gold_loss":50}],"is_beta":false,"boss_relics":[{"not_picked":["Coffee Dripper","Velvet Choker"],"picked":"HolyWater"}],"items_purged_floors":[],"is_endless":false,"potions_floor_spawned":[5,13,14,16,23],"killed_by":"Gremlin Leader","ascension_level":4}}