{"host":"k4t1rqzyfa1bjnq8","time":1610966615,"event":{"mods":["BaseMod","Colored Powertips","Downfall","Minty Spire (QoL Compilation)","StSLib","The Cursed","The Jungle","The Servant 0.9.4"],"gold_per_floor":[109,122,16,36,55,87,87,120,146,177,252,290,290,290,290,290,290],"floor_reached":16,"language":"ENG","playtime":1744,"items_purged":[],"score":126,"play_id":"03ed12a0-8eb8-4706-bc91-d144f6e88fe8","local_time":"20210118124335","is_ascension_mode":true,"campfire_choices":[{"floor":13,"key":"REST"},{"floor":15,"key":"REST"}],"circlet_count":0,"master_deck":["TheCursedMod:Strike_TheCursed","TheCursedMod:Strike_TheCursed","TheCursedMod:Strike_TheCursed","TheCursedMod:Strike_TheCursed","TheCursedMod:Defend_TheCursed","TheCursedMod:Defend_TheCursed","TheCursedMod:Defend_TheCursed","TheCursedMod:Defend_TheCursed","TheCursedMod:CursedWand","TheCursedMod:CleanUpWorkshop","TheCursedMod:Dregs","TheCursedMod:CursedBoomerang","TheCursedMod:AshesToAshes","TheCursedMod:SpitefulPray","Jack Of All Trades+1","TheCursedMod:FleshFromBone","TheCursedMod:SoulReap","TheCursedMod:CursedShiv+1","TheCursedMod:ManaBullet","TheCursedMod:OutForBlood","TheCursedMod:CursedRelics","TheCursedMod:CircleOfFlame"],"relics":["TheCursedMod:BlackMagic101","White Beast Statue","Centennial Puzzle","Toy Ornithopter","Anchor"],"acts_visited":["Exordium"],"potions_floor_usage":[5,5,8,10,16],"damage_taken":[{"damage":0,"enemies":"Jaw Worm","floor":1,"turns":4},{"damage":0,"enemies":"Small Slimes","floor":2,"turns":3},{"damage":6,"enemies":"2 Louse","floor":4,"turns":3},{"damage":1,"enemies":"2 Fungi Beasts","floor":5,"turns":2},{"damage":22,"enemies":"3 Sentries","floor":6,"turns":11},{"damage":18,"enemies":"Gremlin Nob","floor":8,"turns":4},{"damage":20,"enemies":"Lagavulin","floor":10,"turns":5},{"damage":1,"enemies":"Gremlin Gang","floor":12,"turns":3},{"damage":68,"enemies":"Slime Boss","floor":16,"turns":8}],"seed_played":"930354844997829079","potions_obtained":[{"floor":1,"key":"SneckoOil"},{"floor":2,"key":"Fruit Juice"},{"floor":6,"key":"champ:CounterPotion"},{"floor":8,"key":"Fire Potion"},{"floor":10,"key":"champ:CounterPotion"},{"floor":12,"key":"hexamod:SoulburnPotion"}],"is_trial":false,"path_per_floor":["M","M","$","M","M","E","?","E","T","E","?","M","R","?","R","B"],"character_chosen":"THE_CURSED","items_purchased":["Jack Of All Trades","TheCursedMod:FleshFromBone"],"campfire_rested":2,"item_purchase_floors":[3,3],"current_hp_per_floor":[75,75,75,69,78,61,45,27,27,19,8,10,34,34,58,0,0],"gold":290,"neow_bonus":"THREE_CARDS","is_daily":false,"chose_seed":false,"campfire_upgraded":0,"win_rate":0.0,"timestamp":1610966615,"path_taken":["M","M","$","M","M","E","?","E","T","E","?","M","R","?","R","BOSS"],"items_purchased_type":["Card","Card"],"build_version":"2020-12-22","purchased_purges":0,"victory":false,"max_hp_per_floor":[75,75,75,75,80,80,80,80,80,80,80,80,80,80,80,80,80],"card_choices":[{"not_picked":["TheCursedMod:WearCloak","TheCursedMod:SpitefulStrike"],"picked":"TheCursedMod:CursedBoomerang","floor":0},{"not_picked":["TheCursedMod:RavingStaff","TheCursedMod:CircleOfAmplification"],"picked":"TheCursedMod:AshesToAshes","floor":1},{"not_picked":["TheCursedMod:SpitefulStrike","TheCursedMod:SurpriseAttack"],"picked":"TheCursedMod:SpitefulPray","floor":2},{"not_picked":["TheCursedMod:VitalStrike","TheCursedMod:ReleasedKnowledge"],"picked":"TheCursedMod:SoulReap","floor":4},{"not_picked":["TheCursedMod:Stigma","TheCursedMod:CursedMace"],"picked":"TheCursedMod:CursedShiv","floor":5},{"not_picked":["TheCursedMod:CursedShiv","TheCursedMod:SmokeScreen"],"picked":"TheCursedMod:ManaBullet","floor":6},{"not_picked":["TheCursedMod:NeowsMight","TheCursedMod:CircleOfAmplification"],"picked":"TheCursedMod:OutForBlood","floor":8},{"not_picked":["TheCursedMod:Hemoplague","TheCursedMod:Obscuration"],"picked":"TheCursedMod:CursedRelics","floor":10},{"not_picked":["TheCursedMod:Evocation","TheCursedMod:SpitefulPray"],"picked":"TheCursedMod:CircleOfFlame","floor":12}],"player_experience":1093187,"relics_obtained":[{"floor":6,"key":"White Beast Statue"},{"floor":8,"key":"Centennial Puzzle"},{"floor":9,"key":"Toy Ornithopter"},{"floor":10,"key":"Anchor"}],"event_choices":[{"damage_healed":0,"gold_gain":0,"player_choice":"Entered Light","damage_taken":16,"max_hp_gain":0,"max_hp_loss":0,"event_name":"Shining Light","floor":7,"gold_loss":0,"cards_upgraded":["Jack Of All Trades","TheCursedMod:CursedShiv"]},{"damage_healed":0,"gold_gain":75,"player_choice":"Gather Gold","damage_taken":11,"max_hp_gain":0,"max_hp_loss":0,"event_name":"World of Goop","floor":11,"gold_loss":0},{"damage_healed":0,"gold_gain":0,"player_choice":"Ignored","damage_taken":0,"max_hp_gain":0,"max_hp_loss":0,"event_name":"Golden Wing","floor":14,"gold_loss":0}],"is_beta":false,"boss_relics":[],"items_purged_floors":[],"is_endless":false,"potions_floor_spawned":[1,2,6,8,10,12],"killed_by":"Slime Boss","ascension_level":1}}