{"host":"dn6kke80v5f7isus","time":1610945066,"event":{"mods":["AchievementEnabler","Act Like it!","BaseMod","Colored Powertips","Custom Start","Defuse TimeMaze Blight","Duelist Mod","Gremlin Skip","Highlight Path","Hubris","Infinite Spire","Minty Spire (QoL Compilation)","Rare Cards Sparkle","Replay The Spire","StSLib","Uncapped"],"gold_per_floor":[10,10,41,71,83,95,140,152,214,226,238,250,250],"floor_reached":12,"language":"ENG","playtime":269,"items_purged":[],"score":80,"play_id":"c0ec9cd3-bb73-4607-a515-db26cdb3be1f","local_time":"20210117234426","is_ascension_mode":true,"campfire_choices":[{"data":"Neutralize","floor":6,"key":"SMITH"},{"floor":11,"key":"REST"}],"circlet_count":0,"master_deck":["Strike_G","Strike_G","Strike_G","Strike_G","Strike_G","Defend_G","Defend_G","Defend_G","Defend_G","Defend_G","Survivor","Neutralize+1"],"relics":["Ring of the Snake","CaptainsWheel","MawBank","Golden Idol","Singing Bowl","Dream Catcher"],"acts_visited":["Exordium"],"potions_floor_usage":[],"damage_taken":[{"damage":0,"enemies":"Jaw Worm","floor":1,"turns":5},{"damage":0,"enemies":"2 Louse","floor":3,"turns":2},{"damage":0,"enemies":"Small Slimes","floor":4,"turns":4},{"damage":32,"enemies":"3 Sentries","floor":7,"turns":12},{"damage":0,"enemies":"Lagavulin","floor":12,"turns":1}],"seed_played":"-2099808067856684856","potions_obtained":[],"is_trial":false,"path_per_floor":["M","?","M","M","?","R","E","$","T","$","R","E"],"character_chosen":"THE_SILENT","items_purchased":[],"campfire_rested":1,"item_purchase_floors":[],"current_hp_per_floor":[70,63,63,63,46,46,16,16,16,16,39,39,39],"gold":250,"neow_bonus":"ONE_RARE_RELIC","is_daily":false,"chose_seed":false,"campfire_upgraded":1,"win_rate":0.0,"timestamp":1610945066,"path_taken":["M","?","M","M","?","R","E","?","T","$","R","E"],"items_purchased_type":[],"build_version":"2020-12-22","purchased_purges":0,"victory":false,"max_hp_per_floor":[70,70,70,70,70,70,72,72,72,72,74,74,74],"card_choices":[{"not_picked":["Skewer","Prepared","Cloak And Dagger"],"picked":"SKIP","floor":1},{"not_picked":["Reflex","Deflect","Cloak And Dagger"],"picked":"SKIP","floor":3},{"not_picked":["Dodge and Roll","Calculated Gamble","Outmaneuver"],"picked":"SKIP","floor":4},{"not_picked":["Sucker Punch","A Thousand Cuts","Dagger Throw"],"picked":"Singing Bowl","floor":7},{"not_picked":["Blade Dance","Concentrate","Backflip"],"picked":"Singing Bowl","floor":11}],"player_experience":570128,"relics_obtained":[{"floor":7,"key":"Singing Bowl"},{"floor":9,"key":"Dream Catcher"}],"event_choices":[{"damage_healed":0,"gold_gain":0,"player_choice":"Success","damage_taken":7,"relics_obtained":["MawBank"],"max_hp_gain":0,"max_hp_loss":0,"event_name":"Scrap Ooze","floor":2,"gold_loss":0},{"damage_healed":0,"gold_gain":0,"player_choice":"Take Damage","damage_taken":17,"relics_obtained":["Golden Idol"],"max_hp_gain":0,"max_hp_loss":0,"event_name":"Golden Idol","floor":5,"gold_loss":0}],"is_beta":false,"boss_relics":[],"items_purged_floors":[],"is_endless":false,"potions_floor_spawned":[],"killed_by":"Lagavulin","ascension_level":1}}