{"host":"684z1xpuwaoqmmh1","time":1610974071,"event":{"mods":["Bard","BaseMod","Downfall","Hermit","Jorbs\u0027s Wanderer Trilogy","Marisa????????","Minty Spire (QoL Compilation)","Robot Space Explorer","Shade Mod","StSLib","The Bug Knight","The Cursed","The Hayseed","The Hierophant","The Marked","The Mystic","The Runesmith","The Senshi","The Spell Scribe"],"gold_per_floor":[110,110,124,124,134,164,164,177,177,207,218,253,253,282,282,386,386,396,396,416,416,431,431,458,483,483,31,63,91,91,108,108,209,209,229,240,240,290,302,302,331,344,391,426,426,436,484,178,178,178,178,178,32,57,57],"floor_reached":56,"language":"ENG","playtime":3963,"items_purged":["TheSimpletonMod:Strike_TheSimpleton+1","TheSimpletonMod:Strike_TheSimpleton+1"],"score":1689,"play_id":"d50cc93c-50f2-4846-b419-3558863d7f7b","local_time":"20210118144751","is_ascension_mode":true,"campfire_choices":[{"data":"TheSimpletonMod:Asparagus","floor":7.0,"key":"SMITH"},{"floor":13,"key":"REST"},{"data":"TheSimpletonMod:Swelter","floor":15,"key":"SMITH"},{"data":"TheSimpletonMod:LandGrant","floor":23,"key":"SMITH"},{"data":"TheSimpletonMod:Biorefinement","floor":32,"key":"SMITH"},{"floor":40,"key":"RECALL"},{"data":"TheSimpletonMod:BirdFeeder","floor":45,"key":"SMITH"},{"data":"TheSimpletonMod:DoubleDigging","floor":49,"key":"SMITH"},{"data":"TheSimpletonMod:ResistantStrain","floor":52,"key":"SMITH"}],"circlet_count":0,"master_deck":["TheSimpletonMod:Strike_TheSimpleton+1","TheSimpletonMod:Strike_TheSimpleton+1","TheSimpletonMod:Defend_TheSimpleton+1","TheSimpletonMod:Defend_TheSimpleton+1","TheSimpletonMod:Defend_TheSimpleton+1","TheSimpletonMod:Defend_TheSimpleton+1","TheSimpletonMod:Haymaker","TheSimpletonMod:ReapAndSow","TheSimpletonMod:RootDown","TheSimpletonMod:Coffee","TheSimpletonMod:SlashAndBurn","TheSimpletonMod:Asparagus+1","TheSimpletonMod:BumperCrop","TheSimpletonMod:SeedCoat","TheSimpletonMod:Onions","TheSimpletonMod:Swelter+1","TheSimpletonMod:BirdFeeder+1","TheSimpletonMod:Sunchoke","TheSimpletonMod:CloseScrape","TheSimpletonMod:LandGrant+1","TheSimpletonMod:Pruning+1","TheSimpletonMod:HitTheSack","TheSimpletonMod:Germinate","TheSimpletonMod:Biorefinement+1","TheSimpletonMod:Photosynthesis","TheSimpletonMod:Pruning+1","TheSimpletonMod:ResistantStrain+1","TheSimpletonMod:GoToMarket+1","TheSimpletonMod:Fertilaser+1","TheSimpletonMod:DoubleDigging+1","TheSimpletonMod:BumperCrop+1","TheSimpletonMod:StockTheCellar"],"relics":["TheSimpletonMod:SpudOfTheInnocent","TheSimpletonMod:NightSoil","TheSimpletonMod:TheHarvester","NeowsBlessing","WarpedTongs","TheSimpletonMod:SpudOfTheMartyr","hexamod:Sixitude","Turnip","WingedGreaves","MealTicket","SlaversCollar","Regal Pillow","Unceasing Top","champ:DuelingGlove","Calipers","Vajra","Omamori","Coffee Dripper","TheSimpletonMod:HornOfPlenty","TheSimpletonMod:PicklingJar","Pear","CatCart","theSenshi:SailorFukuRelic","Medical Kit","Pocketwatch"],"acts_visited":["Exordium","TheCity","TheBeyond","TheEnding"],"potions_floor_usage":[10,12,14,18,25,29,39,41,42,47,55,55],"damage_taken":[{"damage":0.0,"enemies":"Jaw Worm","floor":1.0,"turns":1.0},{"damage":0.0,"enemies":"Cultist","floor":3.0,"turns":1.0},{"damage":0.0,"enemies":"Small Slimes","floor":5.0,"turns":1.0},{"damage":15.0,"enemies":"Gremlin Nob","floor":6.0,"turns":4.0},{"damage":11.0,"enemies":"Blue Slaver","floor":8.0,"turns":3.0},{"damage":6,"enemies":"Lagavulin","floor":10,"turns":5},{"damage":16,"enemies":"Lots of Slimes","floor":11,"turns":3},{"damage":9,"enemies":"3 Sentries","floor":12,"turns":7},{"damage":18,"enemies":"Gremlin Nob","floor":14,"turns":4},{"damage":2,"enemies":"The Guardian","floor":16,"turns":12},{"damage":0,"enemies":"3 Byrds","floor":18,"turns":6},{"damage":9,"enemies":"2 Thieves","floor":20,"turns":4},{"damage":22,"enemies":"Snake Plant","floor":22,"turns":5},{"damage":4,"enemies":"HollowMod:Nosk","floor":24,"turns":8},{"damage":26,"enemies":"Slavers","floor":25,"turns":4},{"damage":17,"enemies":"Book of Stabbing","floor":28,"turns":5},{"damage":3,"enemies":"Gremlin Leader","floor":29,"turns":6},{"damage":16,"enemies":"Shelled Parasite and Fungi","floor":31,"turns":4},{"damage":12,"enemies":"Collector","floor":33,"turns":8},{"damage":19,"enemies":"Orb Walker","floor":35,"turns":4},{"damage":40,"enemies":"3 Darklings","floor":36,"turns":6},{"damage":0,"enemies":"Mind Bloom Boss Battle","floor":38,"turns":3},{"damage":25,"enemies":"Jaw Worm Horde","floor":39,"turns":4},{"damage":2,"enemies":"HollowMod:StalkingDevout","floor":41,"turns":5},{"damage":36,"enemies":"Writhing Mass","floor":42,"turns":6},{"damage":0,"enemies":"Reptomancer","floor":44,"turns":6},{"damage":0,"enemies":"Spire Growth","floor":46,"turns":2},{"damage":46,"enemies":"Orin","floor":47,"turns":6},{"damage":29,"enemies":"Awakened One","floor":50,"turns":8},{"damage":5,"enemies":"Shield and Spear","floor":54,"turns":4},{"damage":65,"enemies":"The Heart","floor":55,"turns":9}],"seed_played":"123403124954464618","potions_obtained":[{"floor":5.0,"key":"Energy Potion"},{"floor":11,"key":"Swift Potion"},{"floor":12,"key":"DuplicationPotion"},{"floor":16,"key":"Slimebound:ThreeZeroPotion"},{"floor":22,"key":"Ancient Potion"},{"floor":24,"key":"Energy Potion"},{"floor":28,"key":"LiquidBronze"},{"floor":29,"key":"Regen Potion"},{"floor":31,"key":"Energy Potion"},{"floor":36,"key":"AttackPotion"},{"floor":44,"key":"ColorlessPotion"},{"floor":46,"key":"Dexterity Potion"}],"is_trial":false,"path_per_floor":["M","?","M","?","M","E","R","M","T","E","M","E","R","E","R","B",null,"M","?","M","?","M","R","E","E","T","$","E","E","$","M","R","B",null,"M","M","?","?","M","R","E","M","T","E","R","M","?","$","R","B",null,"R","$","E","B",null],"character_chosen":"THE_SIMPLETON","items_purchased":["Calipers","TheSimpletonMod:HitTheSack","theSenshi:SailorFukuRelic","AttackPotion","Medical Kit"],"campfire_rested":1,"item_purchase_floors":[27,27,48,48,53],"current_hp_per_floor":[75,75,75,68,72,61,61,54,54,52,42,37,59,45,45,49,75,75,75,66,66,56,56,68,58,58,73,73,75,75,65,65,57,75,68,40,40,52,43,43,41,17,17,43,43,47,25,40,40,35,81,81,81,80,33],"gold":57,"neow_bonus":"THREE_ENEMY_KILL","is_daily":false,"chose_seed":false,"campfire_upgraded":7,"win_rate":0.0,"timestamp":1610974071,"path_taken":["M","?","?","?","M","E","R","M","T","E","M","E","R","E","R","BOSS","M","?","M","?","M","R","E","E","T","$","E","E","$","M","R","BOSS","M","?","?","?","M","R","E","M","T","E","R","M","?","$","R","BOSS","R","$","E","BOSS"],"items_purchased_type":["Relic","Card","Relic","Potion","Relic"],"build_version":"2020-12-22","purchased_purges":2,"victory":true,"max_hp_per_floor":[75,75,75,75,75,75,75,75,75,75,75,75,75,75,75,75,75,75,75,75,75,75,75,75,75,75,75,75,75,75,75,75,75,75,75,75,71,71,71,71,71,71,71,81,81,81,81,81,81,81,81,81,81,81,81],"card_choices":[{"not_picked":["TheSimpletonMod:SaladShooter","TheSimpletonMod:SlashAndBurn"],"picked":"TheSimpletonMod:RootDown","floor":1.0},{"not_picked":["TheSimpletonMod:StockTheCellar","TheSimpletonMod:Rototilling"],"picked":"TheSimpletonMod:Coffee","floor":3.0},{"not_picked":["TheSimpletonMod:PestManagement","TheSimpletonMod:CropRotation"],"picked":"TheSimpletonMod:SlashAndBurn","floor":5.0},{"not_picked":["TheSimpletonMod:Coffee","TheSimpletonMod:Swelter"],"picked":"TheSimpletonMod:Asparagus","floor":6.0},{"not_picked":["TheSimpletonMod:SoilSample","TheSimpletonMod:Ferment"],"picked":"TheSimpletonMod:BumperCrop","floor":8.0},{"not_picked":["TheSimpletonMod:PestManagement","TheSimpletonMod:KeenEdge"],"picked":"TheSimpletonMod:SeedCoat","floor":10},{"not_picked":["TheSimpletonMod:KeenEdge","TheSimpletonMod:SlashAndBurn"],"picked":"TheSimpletonMod:Onions","floor":11},{"not_picked":["TheSimpletonMod:Aerate","TheSimpletonMod:SlashAndBurn","TheSimpletonMod:OnionBloom"],"picked":"SKIP","floor":12},{"not_picked":["TheSimpletonMod:Polyculture","TheSimpletonMod:Coffee"],"picked":"TheSimpletonMod:Swelter","floor":14},{"not_picked":["TheSimpletonMod:ResistantStrain","TheSimpletonMod:Asparagus"],"picked":"TheSimpletonMod:BirdFeeder","floor":16},{"not_picked":["TheSimpletonMod:Fertilaser","TheSimpletonMod:Swelter"],"picked":"TheSimpletonMod:Sunchoke","floor":18},{"not_picked":["TheSimpletonMod:Rake","TheSimpletonMod:DoubleBarrel"],"picked":"TheSimpletonMod:CloseScrape","floor":20},{"not_picked":["TheSimpletonMod:Onions","TheSimpletonMod:SeedCoat"],"picked":"TheSimpletonMod:LandGrant","floor":22},{"not_picked":["TheSimpletonMod:Polyculture","TheSimpletonMod:ToughenUp","TheSimpletonMod:CropRotation+1"],"picked":"SKIP","floor":24},{"not_picked":["TheSimpletonMod:ToughenUp","TheSimpletonMod:Sunchoke"],"picked":"TheSimpletonMod:Pruning+1","floor":25},{"not_picked":["TheSimpletonMod:RootDown","TheSimpletonMod:CloseScrape"],"picked":"TheSimpletonMod:Germinate","floor":28},{"not_picked":["TheSimpletonMod:Aerate","TheSimpletonMod:Germinate","TheSimpletonMod:CullingStrike"],"picked":"SKIP","floor":29},{"not_picked":["TheSimpletonMod:CloseScrape+1","TheSimpletonMod:ControlledBurn"],"picked":"TheSimpletonMod:Biorefinement","floor":31},{"not_picked":["TheSimpletonMod:HitTheSack","TheSimpletonMod:ResearchGrant"],"picked":"TheSimpletonMod:Photosynthesis","floor":33},{"not_picked":["TheSimpletonMod:SeedCoat","TheSimpletonMod:Rake","TheSimpletonMod:SlashAndBurn+1"],"picked":"SKIP","floor":35},{"not_picked":["TheSimpletonMod:CloseScrape","TheSimpletonMod:SlashAndBurn"],"picked":"TheSimpletonMod:Pruning+1","floor":36},{"not_picked":["TheSimpletonMod:Coffee","TheSimpletonMod:Onions+1"],"picked":"TheSimpletonMod:ResistantStrain","floor":38},{"not_picked":["TheSimpletonMod:CloseScrape+1","TheSimpletonMod:Sunchoke"],"picked":"TheSimpletonMod:GoToMarket+1","floor":39},{"not_picked":["TheSimpletonMod:Ferment","TheSimpletonMod:PestManagement"],"picked":"TheSimpletonMod:Fertilaser+1","floor":41},{"not_picked":["TheSimpletonMod:PestManagement","TheSimpletonMod:Rake","TheSimpletonMod:Fertilaser"],"picked":"SKIP","floor":42},{"not_picked":["TheSimpletonMod:CropRotation+1","TheSimpletonMod:Mulch"],"picked":"TheSimpletonMod:DoubleDigging","floor":44},{"not_picked":["TheSimpletonMod:Onions","TheSimpletonMod:Rototilling+1"],"picked":"TheSimpletonMod:BumperCrop+1","floor":46},{"not_picked":["TheSimpletonMod:ControlledBurn","TheSimpletonMod:Aerate"],"picked":"TheSimpletonMod:StockTheCellar","floor":47},{"not_picked":["TheSimpletonMod:CropRotation","TheSimpletonMod:KeenEdge","TheSimpletonMod:CloseScrape"],"picked":"SKIP","floor":54}],"player_experience":2877378,"relics_obtained":[{"floor":6.0,"key":"TheSimpletonMod:SpudOfTheMartyr"},{"floor":9.0,"key":"hexamod:Sixitude"},{"floor":10,"key":"Turnip"},{"floor":12,"key":"WingedGreaves"},{"floor":14,"key":"MealTicket"},{"floor":24,"key":"Regal Pillow"},{"floor":25,"key":"Unceasing Top"},{"floor":26,"key":"champ:DuelingGlove"},{"floor":28,"key":"Vajra"},{"floor":29,"key":"Omamori"},{"floor":38,"key":"TheSimpletonMod:HornOfPlenty"},{"floor":41,"key":"TheSimpletonMod:PicklingJar"},{"floor":44,"key":"Pear"},{"floor":47,"key":"CatCart"},{"floor":54,"key":"Pocketwatch"}],"event_choices":[{"damage_healed":0.0,"max_hp_gain":0.0,"max_hp_loss":0.0,"gold_gain":0.0,"event_name":"Accursed Blacksmith","player_choice":"Rummage","floor":2.0,"gold_loss":0.0,"damage_taken":0.0,"relics_obtained":["WarpedTongs"],"cards_obtained":["Pain"]},{"cards_removed":["Pain"],"damage_healed":0.0,"max_hp_gain":0.0,"max_hp_loss":0.0,"gold_gain":0.0,"event_name":"Golden Wing","player_choice":"Card Removal","floor":4.0,"gold_loss":0.0,"damage_taken":7.0},{"damage_healed":0,"gold_gain":0,"player_choice":"Simplicity","damage_taken":0,"max_hp_gain":0,"max_hp_loss":0,"event_name":"Back to Basics","floor":19,"gold_loss":0,"cards_upgraded":["TheSimpletonMod:Strike_TheSimpleton","TheSimpletonMod:Strike_TheSimpleton","TheSimpletonMod:Strike_TheSimpleton","TheSimpletonMod:Strike_TheSimpleton","TheSimpletonMod:Defend_TheSimpleton","TheSimpletonMod:Defend_TheSimpleton","TheSimpletonMod:Defend_TheSimpleton","TheSimpletonMod:Defend_TheSimpleton"]},{"damage_healed":0,"gold_gain":0,"player_choice":"Ignored","damage_taken":0,"max_hp_gain":0,"max_hp_loss":0,"event_name":"Transmorgrifier","floor":21,"gold_loss":0},{"damage_healed":0,"gold_gain":0,"player_choice":"Max HP","damage_taken":0,"max_hp_gain":0,"max_hp_loss":4,"event_name":"Winding Halls","floor":37,"gold_loss":0},{"damage_healed":0,"gold_gain":0,"player_choice":"Fight","damage_taken":0,"max_hp_gain":0,"max_hp_loss":0,"event_name":"MindBloom","floor":38,"gold_loss":0},{"damage_healed":0,"gold_gain":0,"player_choice":"Fight","damage_taken":0,"max_hp_gain":0,"max_hp_loss":0,"event_name":"OrinTheCat","floor":47,"gold_loss":0}],"is_beta":false,"boss_relics":[{"not_picked":["Black Star","bronze:MakeshiftBattery"],"picked":"SlaversCollar"},{"not_picked":["Runic Dome","theSenshi:MoonKaleidoScopeRelic"],"picked":"Coffee Dripper"}],"items_purged_floors":[27,48],"is_endless":false,"potions_floor_spawned":[5,11,12,16,22,24,28,29,31,35,36,44,46],"ascension_level":2}}