{"host":"SpaceMun","time":1610937270,"event":{"mods":["Act Like it!","Astrologer","Bard","BaseMod","Better Third Choice","Gremlin Mod","Hallownest","Hermit","Jorbs\u0027s Wanderer Trilogy","Minty Spire (QoL Compilation)","Relic Stats","Robot Space Explorer","Shop Mod","StSLib","The Animator","The Bug Knight","The Construct","The Forsaken","The Hierophant","The Runesmith","TheBandit","everything is the same but u backflip on backflip","slay the spire mod where everything is the same but ironclad has a cowboy hat"],"gold_per_floor":[114,129,129,139,151,151,165,240,263,274,274,310,68,89,89,217,217,242,258,258,27,27,27,62,83,136,159,184,184,184],"floor_reached":29,"language":"ENG","playtime":1442,"items_purged":["theForsaken:TheForsaken_Strike"],"score":299,"play_id":"2c258ffd-27ae-4b6e-851b-cefb4b7d0b9f","local_time":"20210118023430","is_ascension_mode":false,"campfire_choices":[{"data":"theForsaken:Smite","floor":6,"key":"SMITH"},{"data":"theForsaken:DarkBargain","floor":15,"key":"SMITH"},{"data":"theForsaken:SacredOath","floor":23,"key":"SMITH"}],"circlet_count":0,"master_deck":["theForsaken:TheForsaken_Strike","theForsaken:TheForsaken_Strike","theForsaken:TheForsaken_Defend","theForsaken:TheForsaken_Defend","theForsaken:TheForsaken_Defend","theForsaken:TheForsaken_Defend","theForsaken:Smite+1","theForsaken:Penitence","theForsaken:NobleSacrifice","theForsaken:DarkBargain+1","theForsaken:DefensiveStance","theForsaken:PreciseStrike","theForsaken:WordsOfMight","theForsaken:Retribution","theForsaken:ScorchingSunlight","theForsaken:Eulogy","theForsaken:SacredOath+1","theForsaken:AncientWords"],"relics":["theForsaken:JudgementScales","Omamori","Golden Idol","Potion Belt","Shuriken","construct:ClawGrip","betterThird:NestCultRelic","Strawberry","Happy Flower"],"acts_visited":["Exordium","TheCity"],"potions_floor_usage":[16,24,24,24,24,24,25,27],"damage_taken":[{"damage":8,"enemies":"2 Louse","floor":1,"turns":5},{"damage":0,"enemies":"Cultist","floor":2,"turns":4},{"damage":17,"enemies":"Small Slimes","floor":4,"turns":5},{"damage":22,"enemies":"Gremlin Gang","floor":5,"turns":7},{"damage":7,"enemies":"3 Louse","floor":7,"turns":6},{"damage":5,"enemies":"Looter","floor":10,"turns":3},{"damage":0,"enemies":"HollowMod:MossKnight","floor":12,"turns":10},{"damage":2,"enemies":"Blue Slaver","floor":14,"turns":4},{"damage":24,"enemies":"Slime Boss","floor":16,"turns":10},{"damage":7,"enemies":"Shell Parasite","floor":18,"turns":5},{"damage":15,"enemies":"Spheric Guardian","floor":19,"turns":5},{"damage":0,"enemies":"Slavers","floor":24,"turns":1},{"damage":26,"enemies":"Centurion and Healer","floor":25,"turns":5},{"damage":32,"enemies":"Snake Plant","floor":27,"turns":4},{"damage":3,"enemies":"Snecko","floor":28,"turns":5},{"damage":16,"enemies":"Centurion and Healer","floor":29,"turns":2}],"seed_played":"4053986512600931999","potions_obtained":[{"floor":2,"key":"Weak Potion"},{"floor":10,"key":"theForsaken:FearPotion"},{"floor":16,"key":"EntropicBrew"},{"floor":19,"key":"GamblersBrew"},{"floor":24,"key":"SneckoOil"},{"floor":25,"key":"Fruit Juice"}],"is_trial":false,"path_per_floor":["M","M","?","M","M","R","M","?","T","M","?","E","$","M","R","B",null,"M","M","?","$","?","R","E","M","T","M","M","M"],"character_chosen":"THE_FORSAKEN","items_purchased":["Shuriken","theForsaken:SacredOath"],"campfire_rested":0,"item_purchase_floors":[13,21],"current_hp_per_floor":[66,69,69,59,47,47,55,48,48,46,46,66,66,66,66,56,66,59,53,53,53,53,53,60,45,45,16,13,0,0],"gold":184,"neow_bonus":"TEN_PERCENT_HP_BONUS","is_daily":false,"chose_seed":false,"campfire_upgraded":3,"win_rate":0.0,"timestamp":1610937270,"path_taken":["M","M","?","?","M","R","M","?","T","?","?","E","$","M","R","BOSS","M","M","?","$","?","R","E","M","T","?","?","M"],"items_purchased_type":["Relic","Card"],"build_version":"2020-12-18","purchased_purges":1,"victory":false,"max_hp_per_floor":[71,71,71,71,71,71,71,71,71,71,66,66,66,66,66,66,66,66,66,66,66,66,66,73,78,78,78,78,78,78],"relic_stats":{"Happy Flower":[3],"counters":[16,81],"Golden Idol":66,"Shuriken":[8],"obtain_stats":[{"Potion Belt":12,"construct:ClawGrip":17,"Happy Flower":26,"Golden Idol":11,"Shuriken":13,"Strawberry":24,"betterThird:NestCultRelic":20,"Omamori":9,"theForsaken:JudgementScales":0},{"Potion Belt":7,"construct:ClawGrip":9,"Happy Flower":13,"Golden Idol":6,"Shuriken":7,"Strawberry":12,"betterThird:NestCultRelic":11,"Omamori":5,"theForsaken:JudgementScales":0},{"Potion Belt":40,"construct:ClawGrip":54,"Happy Flower":70,"Golden Idol":30,"Shuriken":40,"Strawberry":65,"betterThird:NestCultRelic":64,"Omamori":27,"theForsaken:JudgementScales":0}]},"card_choices":[{"not_picked":["theForsaken:Thunderbolt","theForsaken:Parry","theForsaken:NobleSacrifice"],"picked":"SKIP","floor":1},{"not_picked":["theForsaken:ShieldCharge","theForsaken:ChargeAttack","theForsaken:Thunderbolt"],"picked":"SKIP","floor":2},{"not_picked":["theForsaken:Preservation","theForsaken:ChargeAttack"],"picked":"theForsaken:NobleSacrifice","floor":4},{"not_picked":["theForsaken:NobleSacrifice","theForsaken:BottledPlague","theForsaken:WordOfPower"],"picked":"SKIP","floor":5},{"not_picked":["theForsaken:SolarFlare","theForsaken:Backlash"],"picked":"theForsaken:DarkBargain","floor":7},{"not_picked":["theForsaken:SolarFlare","theForsaken:PanicDive"],"picked":"theForsaken:DefensiveStance","floor":10},{"not_picked":["theForsaken:CorruptedForm","theForsaken:RainingSunlight"],"picked":"theForsaken:PreciseStrike","floor":12},{"not_picked":["theForsaken:Eulogy","theForsaken:FuryStrikes"],"picked":"theForsaken:WordsOfMight","floor":14},{"not_picked":["theForsaken:Prudence","theForsaken:SacrificeSoul"],"picked":"theForsaken:Retribution","floor":16},{"not_picked":["theForsaken:HorrifyingStrike","theForsaken:Backlash"],"picked":"theForsaken:ScorchingSunlight","floor":18},{"not_picked":["theForsaken:PanicDive","theForsaken:Backlash"],"picked":"theForsaken:Eulogy","floor":19},{"not_picked":["theForsaken:StoreUp","theForsaken:BottledPlague+1"],"picked":"theForsaken:AncientWords","floor":24},{"not_picked":["theForsaken:StoreUp","theForsaken:HymnOfRest","theForsaken:HymnOfPatience"],"picked":"SKIP","floor":25},{"not_picked":["theForsaken:Horror","theForsaken:Devotion+1","theForsaken:HorrifyingStrike"],"picked":"SKIP","floor":27},{"not_picked":["theForsaken:HorrifyingStrike","theForsaken:PowerUp+1","theForsaken:FatRoll"],"picked":"SKIP","floor":28}],"player_experience":208069,"relics_obtained":[{"floor":9,"key":"Omamori"},{"floor":12,"key":"Potion Belt"},{"floor":24,"key":"Strawberry"},{"floor":26,"key":"Happy Flower"}],"event_choices":[{"damage_healed":0,"gold_gain":0,"player_choice":"0 cards matched","damage_taken":0,"max_hp_gain":0,"max_hp_loss":0,"event_name":"Match and Keep!","floor":3,"gold_loss":0,"cards_obtained":[]},{"damage_healed":0,"gold_gain":75,"player_choice":"Touch","damage_taken":7,"max_hp_gain":0,"max_hp_loss":0,"event_name":"FaceTrader","floor":8,"gold_loss":0},{"damage_healed":0,"gold_gain":0,"player_choice":"Lose Max HP","damage_taken":0,"relics_obtained":["Golden Idol"],"max_hp_gain":0,"max_hp_loss":5,"event_name":"Golden Idol","floor":11,"gold_loss":0},{"damage_healed":0,"gold_gain":0,"player_choice":"Madness","damage_taken":0,"relics_obtained":["betterThird:NestCultRelic"],"max_hp_gain":0,"max_hp_loss":0,"event_name":"betterThird:BetterNest","floor":20,"gold_loss":0},{"cards_removed":["theForsaken:TheForsaken_Strike"],"damage_healed":0,"gold_gain":0,"player_choice":"Offered Basic","damage_taken":0,"max_hp_gain":0,"max_hp_loss":0,"event_name":"Bonfire Elementals","floor":22,"gold_loss":0}],"is_beta":true,"boss_relics":[{"not_picked":["Philosopher\u0027s Stone","Busted Crown"],"picked":"construct:ClawGrip"}],"items_purged_floors":[21],"is_endless":false,"potions_floor_spawned":[2,10,16,19,24,25],"killed_by":"Centurion and Healer","ascension_level":0}}