{"host":"3qkmyeoym75lj4wn","time":1610999664,"event":{"mods":["2.2 Compatiblity","BaseMod","Block Reminder","Colored Powertips","Highlight Path","Minty Spire (QoL Compilation)","Permanent Neow","Potion Indicator Mod","Rare Cards Sparkle","Relic Stats","StSLib","Unceasing Turn Reminder"],"gold_per_floor":[113,123,140,140,140,140,169,181,227,227,227,259,259,272,272,351,351,363,363,8,8,24,24,56,70,70,70,86,100,133,153,153,153,153],"floor_reached":33,"language":"ENG","playtime":1163,"items_purged":["Writhe"],"score":594,"play_id":"913eb747-bf2f-4eb8-b19f-0943eb7f98d3","local_time":"20210118195424","is_ascension_mode":true,"campfire_choices":[{"data":"Zap","floor":6.0,"key":"SMITH"},{"data":"Go for the Eyes","floor":10.0,"key":"SMITH"},{"data":"Rainbow","floor":13.0,"key":"SMITH"},{"data":"Doom and Gloom","floor":15.0,"key":"SMITH"},{"data":"Creative AI","floor":23.0,"key":"SMITH"},{"floor":27,"key":"REST"},{"floor":32,"key":"REST"}],"circlet_count":0,"master_deck":["AscendersBane","Strike_B","Strike_B","Strike_B","Strike_B","Defend_B","Defend_B","Defend_B","Defend_B","Zap+1","Dualcast","Ball Lightning","Doom and Gloom+1","Ball Lightning","Go for the Eyes+1","Rainbow+1","Creative AI+1","Steam","Go for the Eyes+1","Conserve Battery","Cold Snap","Defragment+1","Leap","Defragment","Electrodynamics","Hologram"],"relics":["FrozenCore","Gremlin Horn","Potion Belt","Happy Flower","Mummified Hand","Toolbox","StoneCalendar","Cables","PreservedInsect"],"acts_visited":["Exordium","TheCity"],"potions_floor_usage":[24,24,24,24,24,25,30],"damage_taken":[{"damage":2.0,"enemies":"Jaw Worm","floor":1.0,"turns":3.0},{"damage":13.0,"enemies":"2 Louse","floor":2.0,"turns":2.0},{"damage":0.0,"enemies":"Cultist","floor":3.0,"turns":4.0},{"damage":10.0,"enemies":"Gremlin Nob","floor":7.0,"turns":3.0},{"damage":0.0,"enemies":"3 Louse","floor":8.0,"turns":2.0},{"damage":10.0,"enemies":"3 Sentries","floor":12.0,"turns":3.0},{"damage":0.0,"enemies":"Large Slime","floor":14.0,"turns":2.0},{"damage":40.0,"enemies":"The Guardian","floor":16.0,"turns":9.0},{"damage":2.0,"enemies":"Chosen","floor":18.0,"turns":4.0},{"damage":0.0,"enemies":"3 Byrds","floor":22.0,"turns":3.0},{"damage":18,"enemies":"Slavers","floor":24,"turns":6},{"damage":11,"enemies":"Centurion and Healer","floor":25,"turns":3},{"damage":20,"enemies":"Snake Plant","floor":28,"turns":4},{"damage":17,"enemies":"3 Cultists","floor":29,"turns":4},{"damage":18,"enemies":"Book of Stabbing","floor":30,"turns":5},{"damage":0,"enemies":"Cultist and Chosen","floor":31,"turns":4},{"damage":62,"enemies":"Automaton","floor":33,"turns":6}],"seed_played":"-5609629341802578361","potions_obtained":[{"floor":2.0,"key":"Dexterity Potion"},{"floor":3.0,"key":"BlessingOfTheForge"},{"floor":7.0,"key":"BlessingOfTheForge"},{"floor":16.0,"key":"Swift Potion"},{"floor":24,"key":"Ancient Potion"},{"floor":29,"key":"BlessingOfTheForge"},{"floor":30,"key":"Weak Potion"}],"is_trial":false,"path_per_floor":["M","M","M","?","?","R","E","M","T","R","?","E","R","M","R","B",null,"M","?","$","?","M","R","E","M","T","R","M","M","E","M","R","B"],"character_chosen":"DEFECT","items_purchased":["EntropicBrew","Toolbox"],"campfire_rested":2,"item_purchase_floors":[20,20],"current_hp_per_floor":[62,49,49,49,81,81,71,71,71,71,76,66,66,66,66,26,71,69,69,69,69,69,69,51,40,40,65,45,28,10,10,35,0,0],"gold":153,"neow_bonus":"ONE_RANDOM_RARE_CARD","is_daily":false,"chose_seed":false,"campfire_upgraded":5,"win_rate":0.0,"timestamp":1610999664,"path_taken":["M","M","M","?","?","R","E","?","T","R","?","E","R","M","R","BOSS","M","?","$","?","M","R","E","M","T","R","?","M","E","M","R","BOSS"],"items_purchased_type":["Potion","Relic"],"build_version":"2020-12-22","purchased_purges":1,"victory":false,"max_hp_per_floor":[71,71,71,71,81,81,81,81,81,81,86,86,86,86,86,86,86,86,86,86,86,86,86,86,86,86,86,86,86,86,86,86,86,86],"relic_stats":{"Gremlin Horn":[14,14],"Happy Flower":[16],"counters":[17,67],"Mummified Hand":[32],"StoneCalendar":[0],"PreservedInsect":0,"obtain_stats":[{"Potion Belt":9,"Gremlin Horn":7,"Happy Flower":12,"Mummified Hand":19,"Toolbox":20,"StoneCalendar":24,"PreservedInsect":30,"Cracked Core":0,"FrozenCore":17,"Cables":26},{"Potion Belt":5,"Gremlin Horn":4,"Happy Flower":6,"Mummified Hand":9,"Toolbox":9,"StoneCalendar":11,"PreservedInsect":15,"Cracked Core":0,"FrozenCore":8,"Cables":12},{"Potion Belt":14,"Gremlin Horn":12,"Happy Flower":17,"Mummified Hand":32,"Toolbox":32,"StoneCalendar":41,"PreservedInsect":57,"Cracked Core":0,"FrozenCore":28,"Cables":44}],"FrozenCore":[11],"Cables":[20,13,5,2,0]},"card_choices":[{"not_picked":["Turbo","Aggregate"],"picked":"Ball Lightning","floor":1.0},{"not_picked":["Stack","Steam"],"picked":"Doom and Gloom","floor":2.0},{"not_picked":["Streamline","Reprogram"],"picked":"Ball Lightning","floor":3.0},{"not_picked":["Static Discharge","Scrape","Streamline"],"picked":"SKIP","floor":7.0},{"not_picked":["Steam","Hologram"],"picked":"Go for the Eyes","floor":8.0},{"not_picked":["Buffer","Rebound"],"picked":"Rainbow","floor":12.0},{"not_picked":["Sunder","Doom and Gloom","Undo"],"picked":"SKIP","floor":14.0},{"not_picked":["Rainbow","Machine Learning"],"picked":"Creative AI","floor":16.0},{"not_picked":["Stack","Blizzard"],"picked":"Steam","floor":18.0},{"not_picked":["Recycle","Heatsinks"],"picked":"Conserve Battery","floor":22.0},{"not_picked":["Steam","Rainbow"],"picked":"Cold Snap","floor":24},{"not_picked":["Gash","Beam Cell"],"picked":"Defragment+1","floor":25},{"not_picked":["Beam Cell","Stack"],"picked":"Leap","floor":28},{"not_picked":["Sunder","Reinforced Body"],"picked":"Defragment","floor":29},{"not_picked":["Redo","Go for the Eyes"],"picked":"Electrodynamics","floor":30},{"not_picked":["Consume","Ball Lightning"],"picked":"Hologram","floor":31}],"player_experience":1686989,"relics_obtained":[{"floor":7.0,"key":"Gremlin Horn"},{"floor":9.0,"key":"Potion Belt"},{"floor":12.0,"key":"Happy Flower"},{"floor":24,"key":"StoneCalendar"},{"floor":26,"key":"Cables"},{"floor":30,"key":"PreservedInsect"}],"event_choices":[{"damage_healed":0.0,"max_hp_gain":0.0,"max_hp_loss":0.0,"gold_gain":0.0,"event_name":"Shining Light","player_choice":"Ignored","floor":4.0,"gold_loss":0.0,"damage_taken":0.0},{"cards_removed":["Echo Form"],"damage_healed":22.0,"max_hp_gain":10.0,"max_hp_loss":0.0,"gold_gain":0.0,"event_name":"Bonfire Elementals","player_choice":"Offered Rare","floor":5.0,"gold_loss":0.0,"damage_taken":0.0},{"damage_healed":0.0,"max_hp_gain":5.0,"max_hp_loss":0.0,"gold_gain":0.0,"event_name":"Big Fish","player_choice":"Donut","floor":11.0,"gold_loss":0.0,"damage_taken":0.0},{"damage_healed":0.0,"max_hp_gain":0.0,"max_hp_loss":0.0,"gold_gain":0.0,"event_name":"The Mausoleum","player_choice":"Opened","floor":19.0,"gold_loss":0.0,"damage_taken":0.0,"relics_obtained":["Mummified Hand"],"cards_obtained":["Writhe"]},{"damage_healed":0.0,"max_hp_gain":0.0,"max_hp_loss":0.0,"gold_gain":0.0,"event_name":"Duplicator","player_choice":"Copied","floor":21.0,"gold_loss":0.0,"damage_taken":0.0,"cards_obtained":["Go for the Eyes"]}],"is_beta":false,"boss_relics":[{"not_picked":["Nuclear Battery","Calling Bell"],"picked":"FrozenCore"}],"items_purged_floors":[20],"is_endless":false,"potions_floor_spawned":[2,3,7,16,24,29,30],"killed_by":"Automaton","ascension_level":20}}