{"host":"zxd2l8an9de7z7b9","time":1610992822,"event":{"mods":["100% Spire Juice","2.2 Compatiblity","BaseMod","CapriCore","Colored Map","Colored Powertips","GungeonMod","Minty Spire (QoL Compilation)","Rare Cards Sparkle","Replay The Spire","StSLib","SuperFastMode"],"gold_per_floor":[114,39,66,66,77,77,99,117,117,127,127,141,141,41,41,145,145,170,170,45,60,70,70,100,48,48,48,69,86,86,86,86],"floor_reached":31,"language":"KOR","playtime":1838,"items_purged":["DemoMod:Strike_Huntress","DemoMod:Defend_Huntress","DemoMod:EasyReloadBullets"],"score":229,"play_id":"552c422c-f6a4-434e-a59c-d9c79a33e023","local_time":"20210119030022","is_ascension_mode":false,"campfire_choices":[{"floor":11.0,"key":"REST"},{"data":"DemoMod:HungryBullets","floor":13.0,"key":"SMITH"},{"floor":15.0,"key":"REST"},{"floor":23,"key":"REST"},{"floor":27,"key":"REST"},{"floor":30,"key":"REST"}],"circlet_count":0,"master_deck":["DemoMod:Roll","DemoMod:ManualReload","DemoMod:RustySidearm+1","DemoMod:CrossBow","DemoMod:BalloonGun","DemoMod:HungryBullets+1","DemoMod:ShadowBullets","DemoMod:Rummage+1","DemoMod:ZorGun","DemoMod:SkilledReload+1","DemoMod:PracticeMakesPerfect+1","DemoMod:TeaPot","DemoMod:ThirdPartyController+1","DemoMod:FortunesFavor","DemoMod:StickyCrossBow+1","DemoMod:Elimentaler","DemoMod:FightSabre","DemoMod:HighKaliber+1","DemoMod:FeignSurrender+1","DemoMod:JK47","DemoMod:PracticeMakesPerfect","DemoMod:DoubleSwitch","DemoMod:HuntsMan+1","DemoMod:ShadowBullets"],"relics":["DemoMod:Dog","Gremlin Food","Gremlin Horn","DemoMod:ChaffGrenade","Torii","Pandora\u0027s Box","Pantograph"],"acts_visited":["Exordium","TheCity"],"potions_floor_usage":[18,24,24,31],"damage_taken":[{"damage":0.0,"enemies":"Cultist","floor":1.0,"turns":2.0},{"damage":0.0,"enemies":"Small Slimes","floor":5.0,"turns":3.0},{"damage":13.0,"enemies":"Jaw Worm","floor":7.0,"turns":3.0},{"damage":15.0,"enemies":"Looter","floor":8.0,"turns":4.0},{"damage":28.0,"enemies":"Exordium Thugs","floor":10.0,"turns":7.0},{"damage":0.0,"enemies":"2 Fungi Beasts","floor":12.0,"turns":4.0},{"damage":32.0,"enemies":"Hexaghost","floor":16.0,"turns":11.0},{"damage":6,"enemies":"Shell Parasite","floor":18,"turns":7},{"damage":31,"enemies":"Spheric Guardian","floor":21,"turns":6},{"damage":1,"enemies":"Snecko","floor":22,"turns":6},{"damage":14,"enemies":"3 Cultists","floor":24,"turns":6},{"damage":14,"enemies":"Centurion and Healer","floor":28,"turns":7},{"damage":26,"enemies":"Cultist and Chosen","floor":29,"turns":7},{"damage":16,"enemies":"Colosseum Slavers","floor":31,"turns":3},{"damage":7,"enemies":"Colosseum Nobs","floor":31,"turns":3}],"seed_played":"-2907764745887375165","potions_obtained":[{"floor":8.0,"key":"Swift Potion"},{"floor":10.0,"key":"PowerPotion"},{"floor":16.0,"key":"DemoMod:LeadSkinPotion"},{"floor":22,"key":"SkillPotion"},{"floor":28,"key":"PowerPotion"}],"is_trial":false,"path_per_floor":["M","$","T","?","M","?","M","M","T","M","R","M","R","$","R","B",null,"M","?","$","M","M","R","M","$","T","R","M","M","R","?"],"character_chosen":"HUNTRESS","items_purchased":["DemoMod:DoubleSwitch"],"campfire_rested":5,"item_purchase_floors":[25],"current_hp_per_floor":[70,70,70,70,70,70,57,42,42,14,35,35,35,35,56,24,70,64,64,64,33,32,53,39,39,39,60,46,20,41,18,18],"gold":86,"neow_bonus":"ONE_RANDOM_RARE_CARD","is_daily":false,"chose_seed":false,"campfire_upgraded":1,"win_rate":0.0,"timestamp":1610992822,"path_taken":["M","$","?","?","M","?","M","M","T","M","R","M","R","?","R","BOSS","M","?","$","M","M","R","M","$","T","R","M","M","R","?"],"items_purchased_type":["Card"],"build_version":"2020-12-22","purchased_purges":3,"victory":false,"max_hp_per_floor":[70,70,70,70,70,70,70,70,70,70,70,70,70,70,70,70,70,70,70,70,70,70,70,70,70,70,70,70,70,70,70,70],"card_choices":[{"not_picked":["DemoMod:BoxingGlove","DemoMod:Ejector"],"picked":"DemoMod:HungryBullets","floor":1.0},{"not_picked":["DemoMod:MachoBrace","DemoMod:ConditionalReflex"],"picked":"DemoMod:ShadowBullets","floor":5.0},{"not_picked":["DemoMod:FeignSurrender","DemoMod:BlackHoleGun"],"picked":"DemoMod:Rummage","floor":7.0},{"not_picked":["DemoMod:JK47","DemoMod:GunShield"],"picked":"DemoMod:ZorGun","floor":8.0},{"not_picked":["DemoMod:JK47","DemoMod:PotionOfGunFriendShip"],"picked":"DemoMod:SkilledReload","floor":8.0},{"not_picked":["DemoMod:AC15","DemoMod:Unmoved"],"picked":"DemoMod:PracticeMakesPerfect","floor":10.0},{"not_picked":["DemoMod:ChanceBullets","DemoMod:PracticeMakesPerfect"],"picked":"DemoMod:TeaPot","floor":12.0},{"not_picked":["DemoMod:Eureka","DemoMod:DarkMarker"],"picked":"DemoMod:ThirdPartyController","floor":16.0},{"not_picked":["DemoMod:SAA","DemoMod:HungryBullets"],"picked":"DemoMod:HighKaliber+1","floor":18},{"not_picked":["DemoMod:HuntsMan","DemoMod:AWP"],"picked":"DemoMod:FeignSurrender+1","floor":21},{"not_picked":["DemoMod:BoxingGlove","DemoMod:PotionOfGunFriendShip"],"picked":"DemoMod:JK47","floor":22},{"not_picked":["DemoMod:TeaPot","DemoMod:FortunesFavor"],"picked":"DemoMod:PracticeMakesPerfect","floor":24},{"not_picked":["DemoMod:AWP","DemoMod:DoubleSwitch"],"picked":"DemoMod:HuntsMan+1","floor":28},{"not_picked":["DemoMod:DirectionalPad","DemoMod:Ejector"],"picked":"DemoMod:ShadowBullets","floor":29}],"player_experience":329154,"relics_obtained":[{"floor":3.0,"key":"Gremlin Food"},{"floor":9.0,"key":"DemoMod:ChaffGrenade"},{"floor":12.0,"key":"Torii"},{"floor":26,"key":"Pantograph"}],"event_choices":[{"damage_healed":0,"gold_gain":0,"player_choice":"Fight","damage_taken":0,"max_hp_gain":0,"max_hp_loss":0,"event_name":"Colosseum","floor":31,"gold_loss":0},{"damage_healed":0,"gold_gain":0,"player_choice":"Fought Nobs","damage_taken":0,"max_hp_gain":0,"max_hp_loss":0,"event_name":"Colosseum","floor":31,"gold_loss":0}],"is_beta":false,"boss_relics":[{"not_picked":["Busted Crown","ChewingGum"],"picked":"Pandora\u0027s Box"}],"items_purged_floors":[2,14,20],"is_endless":false,"potions_floor_spawned":[8,10,16,22,28],"killed_by":"Colosseum Nobs","ascension_level":0}}