{"host":"gg","time":1610955051,"event":{"mods":["BaseMod","Colored Map","Googly Eyes","Minty Spire (QoL Compilation)","Permanent Neow","Relic Stats","The IronCluck"],"gold_per_floor":[116,116,127,17,92,127,127,154,154,154,154,189,209,236,236,315,315,326,344,344,363,363,398,398,428,482,494,526,451,451,483,483,559,559,576,1,26,49,62,89,106,141,141,159,200,220,220,220,220,220,220,220,220,6,36,36],"floor_reached":57,"language":"ENG","playtime":4988,"items_purged":["Writhe","Defend_P"],"score":3388,"play_id":"3cbcd0e2-04ba-4370-a3ef-58647ffeb5cf","local_time":"20210117233051","is_ascension_mode":true,"campfire_choices":[{"data":"Ragnarok","floor":7.0,"key":"SMITH"},{"data":"WheelKick","floor":10.0,"key":"SMITH"},{"data":"SashWhip","floor":15.0,"key":"SMITH"},{"data":"Conclude","floor":24.0,"key":"SMITH"},{"data":"TalkToTheHand","floor":32.0,"key":"SMITH"},{"floor":49.0,"key":"RECALL"},{"data":"Ragnarok","floor":53.0,"key":"SMITH"}],"circlet_count":0,"master_deck":["AscendersBane","Eruption","Vigilance","Ragnarok+1","SashWhip+1","WaveOfTheHand+1","WheelKick+1","Indignation+1","Ragnarok+1","Conclude+1","InnerPeace+1","Necronomicurse","Bite","Bite","Bite","Bite","Bite","TalkToTheHand+1","SpiritShield+1","TalkToTheHand+1","FearNoEvil+1","SpiritShield+1","DevaForm"],"relics":["Snecko Eye","Toxic Egg 2","Gremlin Horn","Darkstone Periapt","Strawberry","TeardropLocket","TungstenRod","Coffee Dripper","Necronomicon","Matryoshka","Pantograph","Toy Ornithopter","Potion Belt","Tiny Chest","Molten Egg 2","Bronze Scales","Black Star","DollysMirror","Anchor","Centennial Puzzle","CloakClasp","Mercury Hourglass","Blue Candle","Smiling Mask","Mango","Singing Bowl","Akabeko","Damaru","CeramicFish","Toolbox","Vajra","Oddly Smooth Stone"],"acts_visited":["Exordium","TheCity","TheBeyond","TheEnding"],"potions_floor_usage":[55,55,56],"damage_taken":[{"damage":0.0,"enemies":"Small Slimes","floor":1.0,"turns":2.0},{"damage":2.0,"enemies":"Jaw Worm","floor":3.0,"turns":2.0},{"damage":12.0,"enemies":"Gremlin Nob","floor":6.0,"turns":3.0},{"damage":0.0,"enemies":"Lagavulin","floor":8.0,"turns":3.0},{"damage":0.0,"enemies":"3 Sentries","floor":12.0,"turns":1.0},{"damage":0.0,"enemies":"2 Louse","floor":13.0,"turns":2.0},{"damage":0.0,"enemies":"Lagavulin","floor":14.0,"turns":4.0},{"damage":5.0,"enemies":"Hexaghost","floor":16.0,"turns":5.0},{"damage":0.0,"enemies":"Spheric Guardian","floor":18.0,"turns":1.0},{"damage":0.0,"enemies":"3 Byrds","floor":19.0,"turns":2.0},{"damage":0.0,"enemies":"Sentry and Sphere","floor":21.0,"turns":1.0},{"damage":0.0,"enemies":"Slavers","floor":23.0,"turns":1.0},{"damage":10.0,"enemies":"Book of Stabbing","floor":25.0,"turns":2.0},{"damage":16.0,"enemies":"Snake Plant","floor":27.0,"turns":2.0},{"damage":9.0,"enemies":"Slavers","floor":28.0,"turns":2.0},{"damage":0.0,"enemies":"Book of Stabbing","floor":31.0,"turns":2.0},{"damage":4.0,"enemies":"Champ","floor":33.0,"turns":8.0},{"damage":15.0,"enemies":"Orb Walker","floor":35.0,"turns":2.0},{"damage":0.0,"enemies":"Mind Bloom Boss Battle","floor":37.0,"turns":2.0},{"damage":9.0,"enemies":"3 Shapes","floor":39.0,"turns":2.0},{"damage":0.0,"enemies":"Reptomancer","floor":40.0,"turns":4.0},{"damage":0.0,"enemies":"3 Darklings","floor":41.0,"turns":2.0},{"damage":0.0,"enemies":"Giant Head","floor":42.0,"turns":4.0},{"damage":2.0,"enemies":"4 Shapes","floor":44.0,"turns":1.0},{"damage":0.0,"enemies":"Nemesis","floor":45.0,"turns":3.0},{"damage":0.0,"enemies":"Jaw Worm Horde","floor":46.0,"turns":3.0},{"damage":16.0,"enemies":"Donu and Deca","floor":50.0,"turns":5.0},{"damage":30.0,"enemies":"Awakened One","floor":51.0,"turns":8.0},{"damage":13,"enemies":"Shield and Spear","floor":55,"turns":4},{"damage":27,"enemies":"The Heart","floor":56,"turns":7}],"seed_played":"2355766006314341468","potions_obtained":[{"floor":6.0,"key":"ColorlessPotion"},{"floor":18.0,"key":"SpeedPotion"},{"floor":19.0,"key":"EntropicBrew"},{"floor":31.0,"key":"SkillPotion"},{"floor":35.0,"key":"SkillPotion"},{"floor":39.0,"key":"Block Potion"},{"floor":41.0,"key":"Explosive Potion"},{"floor":42.0,"key":"Fruit Juice"},{"floor":46.0,"key":"SteroidPotion"}],"is_trial":false,"path_per_floor":["M","?","M","$","?","E","R","E","T","R","?","E","M","E","R","B",null,"M","M","?","M","?","E","R","E","T","M","E","?","?","E","R","B",null,"M","$","?","T","M","E","M","E","T","M","E","M","?","?","R","B","B",null,"R","$","E","B",null],"character_chosen":"WATCHER","items_purchased":["SashWhip","Swift Potion","DollysMirror","Anchor","Centennial Puzzle","Toolbox"],"campfire_rested":0,"item_purchase_floors":[4,4,36,36,36,54],"current_hp_per_floor":[61,56,54,54,43,31,31,31,38,38,38,38,38,38,38,33,65,65,65,54,54,54,56,56,52,52,46,46,46,52,58,58,62,62,49,49,62,62,53,62,62,76,76,76,78,85,85,85,85,75,80,84,84,84,87,77],"gold":36,"neow_bonus":"BOSS_RELIC","is_daily":false,"chose_seed":false,"campfire_upgraded":6,"win_rate":0.0,"timestamp":1610955051,"path_taken":["M","?","M","$","?","E","R","E","T","R","?","E","?","E","R","BOSS","M","M","?","M","?","E","R","E","T","M","E","?","?","E","R","BOSS","M","$","?","?","M","E","M","E","T","M","E","?","?","?","R","BOSS","BOSS","R","$","E","BOSS"],"items_purchased_type":["Card","Potion","Relic","Relic","Relic","Relic"],"build_version":"2020-12-18","purchased_purges":2,"victory":true,"max_hp_per_floor":[68,68,68,68,68,68,68,68,75,75,75,75,75,75,75,75,75,75,75,81,81,56,56,56,56,56,56,56,56,62,62,62,62,62,62,62,62,62,62,62,62,76,76,78,78,85,85,85,85,85,85,85,85,85,87,87],"relic_stats":{"Darkstone Periapt":12,"Gremlin Horn":[23,24],"Singing Bowl":6,"counters":[30,89],"Blue Candle":[94],"CeramicFish":9,"CloakClasp":[141],"Smiling Mask":50,"Mercury Hourglass":[176],"Centennial Puzzle":[15],"Pantograph":27,"Bronze Scales":[189],"Snecko Eye":[177,196,165,155],"Tiny Chest":1,"Necronomicon":[55],"Black Star":4,"obtain_stats":[{"Darkstone Periapt":8,"Gremlin Horn":6,"Singing Bowl":42,"CeramicFish":45,"Vajra":55,"Mango":42,"CloakClasp":37,"TeardropLocket":12,"Smiling Mask":40,"Centennial Puzzle":36,"Matryoshka":23,"DollysMirror":36,"Strawberry":9,"Pantograph":25,"Toolbox":54,"Tiny Chest":28,"Necronomicon":20,"Toxic Egg 2":2,"Potion Belt":26,"Blue Candle":40,"Damaru":45,"Oddly Smooth Stone":55,"Akabeko":43,"Mercury Hourglass":38,"Anchor":36,"Bronze Scales":31,"Snecko Eye":0,"Molten Egg 2":30,"Coffee Dripper":17,"Black Star":34,"PureWater":0,"TungstenRod":14,"Toy Ornithopter":26},{"Darkstone Periapt":4,"Gremlin Horn":3,"Singing Bowl":23,"CeramicFish":25,"Vajra":29,"Mango":23,"CloakClasp":19,"TeardropLocket":5,"Smiling Mask":21,"Centennial Puzzle":18,"Matryoshka":12,"DollysMirror":18,"Strawberry":4,"Pantograph":13,"Toolbox":28,"Tiny Chest":15,"Necronomicon":10,"Toxic Egg 2":1,"Potion Belt":13,"Blue Candle":21,"Damaru":25,"Oddly Smooth Stone":29,"Akabeko":23,"Mercury Hourglass":19,"Anchor":18,"Bronze Scales":16,"Snecko Eye":0,"Molten Egg 2":15,"Coffee Dripper":8,"Black Star":17,"PureWater":0,"TungstenRod":7,"Toy Ornithopter":13},{"Darkstone Periapt":10,"Gremlin Horn":7,"Singing Bowl":58,"CeramicFish":62,"Vajra":82,"Mango":58,"CloakClasp":47,"TeardropLocket":11,"Smiling Mask":52,"Centennial Puzzle":45,"Matryoshka":27,"DollysMirror":45,"Strawberry":10,"Pantograph":29,"Toolbox":78,"Tiny Chest":33,"Necronomicon":25,"Toxic Egg 2":2,"Potion Belt":29,"Blue Candle":52,"Damaru":62,"Oddly Smooth Stone":82,"Akabeko":58,"Mercury Hourglass":47,"Anchor":45,"Bronze Scales":35,"Snecko Eye":0,"Molten Egg 2":33,"Coffee Dripper":22,"Black Star":43,"PureWater":0,"TungstenRod":17,"Toy Ornithopter":29}],"TungstenRod":146,"Toy Ornithopter":16},"card_choices":[{"not_picked":["Protect","Fasting2","InnerPeace"],"picked":"SKIP","floor":1.0},{"not_picked":["ClearTheMind+1","PathToVictory+1"],"picked":"Ragnarok","floor":3.0},{"not_picked":["EmptyBody+1","Crescendo+1"],"picked":"WaveOfTheHand+1","floor":6.0},{"not_picked":["Protect+1","Collect+1"],"picked":"WheelKick","floor":8.0},{"not_picked":["ClearTheMind+1","Consecrate","Collect+1"],"picked":"SKIP","floor":12.0},{"not_picked":["BowlingBash","Halt+1","BattleHymn"],"picked":"SKIP","floor":13.0},{"not_picked":["ReachHeaven","EmptyBody+1"],"picked":"Indignation+1","floor":14.0},{"not_picked":["Scrawl+1","ConjureBlade+1"],"picked":"Ragnarok","floor":16.0},{"not_picked":["Study","Pray+1"],"picked":"Conclude","floor":18.0},{"not_picked":["Evaluate+1","Perseverance+1"],"picked":"InnerPeace+1","floor":19.0},{"not_picked":["ThirdEye+1","Perseverance+1","Crescendo+1"],"picked":"SKIP","floor":21.0},{"not_picked":["PathToVictory+1","Establishment","JustLucky"],"picked":"SKIP","floor":23.0},{"not_picked":["Pray+1","FollowUp","Halt+1"],"picked":"SKIP","floor":25.0},{"not_picked":["ReachHeaven","Fasting2+1","SignatureMove"],"picked":"SKIP","floor":27.0},{"not_picked":["EmptyFist","Study"],"picked":"TalkToTheHand","floor":28.0},{"not_picked":["EmptyBody+1","DeusExMachina+1"],"picked":"SpiritShield+1","floor":31.0},{"not_picked":["Scrawl+1","Devotion"],"picked":"DevaForm","floor":33.0},{"not_picked":["ForeignInfluence+1","FollowUp+1","CrushJoints+1"],"picked":"SKIP","floor":35.0},{"not_picked":["Prostrate+1","Collect+1","Consecrate+1"],"picked":"SKIP","floor":39.0},{"not_picked":["SashWhip+1","ClearTheMind+1"],"picked":"FearNoEvil+1","floor":40.0},{"not_picked":["Crescendo+1","ClearTheMind+1","BowlingBash+1"],"picked":"SKIP","floor":41.0},{"not_picked":["WaveOfTheHand+1","ThirdEye+1"],"picked":"SpiritShield+1","floor":42.0},{"not_picked":["Halt+1","ThirdEye+1","SashWhip+1"],"picked":"Singing Bowl","floor":44.0},{"not_picked":["BattleHymn+1","Judgement+1"],"picked":"DevaForm","floor":45.0},{"not_picked":["JustLucky+1","SashWhip+1","FlyingSleeves+1"],"picked":"Singing Bowl","floor":46.0},{"not_picked":["FollowUp+1","ClearTheMind+1","ReachHeaven+1"],"picked":"Singing Bowl","floor":55}],"player_experience":1236375,"relics_obtained":[{"floor":6.0,"key":"Gremlin Horn"},{"floor":8.0,"key":"Darkstone Periapt"},{"floor":9.0,"key":"Strawberry"},{"floor":12.0,"key":"TeardropLocket"},{"floor":14.0,"key":"TungstenRod"},{"floor":20.0,"key":"Necronomicon"},{"floor":23.0,"key":"Matryoshka"},{"floor":25.0,"key":"Pantograph"},{"floor":26.0,"key":"Toy Ornithopter"},{"floor":26.0,"key":"Potion Belt"},{"floor":28.0,"key":"Tiny Chest"},{"floor":31.0,"key":"Bronze Scales"},{"floor":37.0,"key":"CloakClasp"},{"floor":38.0,"key":"Mercury Hourglass"},{"floor":40.0,"key":"Blue Candle"},{"floor":40.0,"key":"Smiling Mask"},{"floor":42.0,"key":"Mango"},{"floor":42.0,"key":"Singing Bowl"},{"floor":43.0,"key":"Akabeko"},{"floor":45.0,"key":"Damaru"},{"floor":45.0,"key":"CeramicFish"},{"floor":55,"key":"Vajra"},{"floor":55,"key":"Oddly Smooth Stone"}],"event_choices":[{"damage_healed":0.0,"max_hp_gain":0.0,"max_hp_loss":0.0,"gold_gain":0.0,"event_name":"Scrap Ooze","player_choice":"Success","floor":2.0,"gold_loss":0.0,"damage_taken":5.0,"relics_obtained":["Toxic Egg 2"]},{"damage_healed":0.0,"max_hp_gain":0.0,"max_hp_loss":0.0,"gold_gain":75.0,"event_name":"World of Goop","player_choice":"Gather Gold","floor":5.0,"gold_loss":0.0,"damage_taken":11.0},{"cards_removed":["Defend_P"],"damage_healed":0.0,"max_hp_gain":0.0,"max_hp_loss":0.0,"gold_gain":0.0,"event_name":"Purifier","player_choice":"Purged","floor":11.0,"gold_loss":0.0,"damage_taken":0.0},{"damage_healed":0.0,"max_hp_gain":0.0,"max_hp_loss":0.0,"gold_gain":0.0,"event_name":"Cursed Tome","player_choice":"Obtained Book","floor":20.0,"gold_loss":0.0,"damage_taken":21.0},{"damage_healed":0.0,"max_hp_gain":0.0,"max_hp_loss":25.0,"gold_gain":0.0,"event_name":"Vampires","player_choice":"Became a vampire","floor":22.0,"gold_loss":0.0,"damage_taken":0.0,"cards_obtained":["Bite","Bite","Bite","Bite","Bite"]},{"cards_removed":["Defend_P"],"damage_healed":0.0,"max_hp_gain":0.0,"max_hp_loss":0.0,"gold_gain":0.0,"event_name":"Beggar","player_choice":"Gave Gold","floor":29.0,"gold_loss":75.0,"damage_taken":0.0},{"damage_healed":0.0,"max_hp_gain":0.0,"max_hp_loss":0.0,"gold_gain":0.0,"event_name":"The Mausoleum","player_choice":"Opened","floor":30.0,"gold_loss":0.0,"damage_taken":0.0,"relics_obtained":["Molten Egg 2"],"cards_obtained":["Writhe"]},{"damage_healed":0.0,"max_hp_gain":0.0,"max_hp_loss":0.0,"gold_gain":0.0,"event_name":"MindBloom","player_choice":"Fight","floor":37.0,"gold_loss":0.0,"damage_taken":0.0},{"cards_removed":["DevaForm"],"damage_healed":0.0,"max_hp_gain":0.0,"max_hp_loss":0.0,"gold_gain":0.0,"event_name":"Falling","player_choice":"Removed Power","floor":47.0,"gold_loss":0.0,"damage_taken":0.0},{"cards_removed":["Defend_P"],"damage_healed":0.0,"max_hp_gain":0.0,"max_hp_loss":0.0,"gold_gain":0.0,"event_name":"Bonfire Elementals","player_choice":"Offered Basic","floor":48.0,"gold_loss":0.0,"damage_taken":0.0}],"is_beta":true,"boss_relics":[{"not_picked":["Astrolabe","SacredBark"],"picked":"Coffee Dripper"},{"not_picked":["Tiny House","Cursed Key"],"picked":"Black Star"}],"items_purged_floors":[36,54],"is_endless":false,"potions_floor_spawned":[6,8,12,18,19,25,31,35,39,41,42,46],"ascension_level":20}}