{"host":"Jinnai","time":1610988851,"event":{"mods":["BaseMod","Bestiary","Block Reminder","Colored Map","Colored Powertips","Highlight Path","Minty Spire (QoL Compilation)","Quick Restart","Relic Stats","StSLib"],"gold_per_floor":[368,293,49,61,61,101,176,176,228,228,268,296,53,53,53,53,53],"floor_reached":16,"language":"ENG","playtime":585,"items_purged":["Strike_G"],"score":201,"play_id":"7754f349-f0f2-4093-81d4-88ff58ee4865","local_time":"20210118115411","is_ascension_mode":true,"campfire_choices":[{"floor":8,"key":"REST"},{"data":"Dash","floor":10,"key":"SMITH"},{"floor":15,"key":"REST"}],"circlet_count":0,"master_deck":["AscendersBane","Strike_G","Strike_G","Strike_G","Strike_G","Defend_G","Defend_G","Defend_G","Defend_G","Survivor","Neutralize","Dash+1","Dagger Spray","Bullet Time","Backflip","Prepared","Infinite Blades+1"],"relics":["Ring of the Snake","TheAbacus","CeramicFish","Bag of Marbles","Frozen Egg 2","Sling"],"acts_visited":["Exordium"],"potions_floor_usage":[6],"damage_taken":[{"damage":1.0,"enemies":"Small Slimes","floor":1.0,"turns":4.0},{"damage":0.0,"enemies":"2 Louse","floor":4.0,"turns":4.0},{"damage":24,"enemies":"Gremlin Nob","floor":6,"turns":6},{"damage":29,"enemies":"Lagavulin","floor":11,"turns":8},{"damage":0,"enemies":"Cultist","floor":12,"turns":1},{"damage":37,"enemies":"Slime Boss","floor":16,"turns":7}],"seed_played":"2771286591789589292","potions_obtained":[{"floor":4.0,"key":"Ancient Potion"},{"floor":11,"key":"Ancient Potion"}],"is_trial":false,"path_per_floor":["M","?","$","M","?","E","?","R","T","R","E","M","$","?","R","B"],"character_chosen":"THE_SILENT","items_purchased":["TheAbacus","Infinite Blades+1","Sling"],"campfire_rested":2,"item_purchase_floors":[3,13,13],"current_hp_per_floor":[58,58,58,58,58,34,23,41,41,41,12,12,12,12,30,0,0],"gold":53,"neow_bonus":"TWO_FIFTY_GOLD","is_daily":false,"chose_seed":false,"campfire_upgraded":1,"win_rate":0.0,"timestamp":1610988851,"path_taken":["M","?","$","M","?","E","?","R","T","R","E","M","$","?","R","BOSS"],"items_purchased_type":["Relic","Card","Relic"],"build_version":"2020-12-18","purchased_purges":1,"victory":false,"max_hp_per_floor":[60,60,60,60,60,60,60,60,60,60,60,60,60,60,60,60,60],"relic_stats":{"TheAbacus":[48],"counters":[6,30],"CeramicFish":36,"obtain_stats":[{"TheAbacus":3,"CeramicFish":6,"Bag of Marbles":9,"Frozen Egg 2":11,"Sling":13,"Ring of the Snake":0},{"TheAbacus":1,"CeramicFish":3,"Bag of Marbles":3,"Frozen Egg 2":4,"Sling":5,"Ring of the Snake":0},{"TheAbacus":4,"CeramicFish":14,"Bag of Marbles":14,"Frozen Egg 2":22,"Sling":23,"Ring of the Snake":0}],"Ring of the Snake":[12]},"card_choices":[{"not_picked":["Deadly Poison","Choke"],"picked":"Dash","floor":1.0},{"not_picked":["Cloak And Dagger","Flechettes"],"picked":"Dagger Spray","floor":4.0},{"not_picked":["Bane","Dagger Spray"],"picked":"Bullet Time","floor":6},{"not_picked":["Eviscerate","Crippling Poison"],"picked":"Backflip","floor":11},{"not_picked":["Dagger Throw","Underhanded Strike"],"picked":"Prepared","floor":12}],"player_experience":1525670,"relics_obtained":[{"floor":6,"key":"CeramicFish"},{"floor":9,"key":"Bag of Marbles"},{"floor":11,"key":"Frozen Egg 2"}],"event_choices":[{"cards_removed":["Defend_G"],"damage_healed":0.0,"max_hp_gain":0.0,"max_hp_loss":0.0,"gold_gain":0.0,"event_name":"The Cleric","player_choice":"Card Removal","floor":2.0,"gold_loss":75.0,"damage_taken":0.0},{"damage_healed":0.0,"max_hp_gain":0.0,"max_hp_loss":0.0,"gold_gain":0.0,"event_name":"Liars Game","player_choice":"Ignored","floor":5.0,"gold_loss":0.0,"damage_taken":0.0},{"damage_healed":0,"gold_gain":75,"player_choice":"Gather Gold","damage_taken":11,"max_hp_gain":0,"max_hp_loss":0,"event_name":"World of Goop","floor":7,"gold_loss":0},{"damage_healed":0,"gold_gain":0,"player_choice":"Fled","damage_taken":0,"max_hp_gain":0,"max_hp_loss":0,"event_name":"Scrap Ooze","floor":14,"gold_loss":0}],"is_beta":true,"boss_relics":[],"items_purged_floors":[3],"is_endless":false,"potions_floor_spawned":[4,11],"killed_by":"Slime Boss","ascension_level":18}}