{"host":"dm4yvegl9um2tlqd","time":1610970245,"event":{"mods":["2.2 Compatiblity","AchievementEnabler","BaseMod","Colored Map","DeckTracker","Highlight Path","KOR Keyword Fix","Keyboard Shortcuts","Minty Spire (QoL Compilation)","Permanent Neow","Quick Restart","Random Character Button","StSLib","SuperFastMode","everything is the same but u backflip on backflip"],"gold_per_floor":[115,115,127,141,151,176,189,189,238,313,17,75,92,92,92,92,92],"floor_reached":16,"language":"KOR","playtime":439,"items_purged":["Strike_G"],"score":143,"play_id":"79bd25d6-99ec-47cd-97d7-7fe1bed52514","local_time":"20210118204405","is_ascension_mode":true,"campfire_choices":[{"floor":15,"key":"REST"}],"circlet_count":0,"master_deck":["Strike_G","Strike_G","Strike_G","Strike_G","Defend_G","Defend_G","Defend_G","Defend_G","Defend_G","Survivor","Neutralize","PiercingWail","Escape Plan","Dagger Spray","Backstab","PiercingWail","Dash","Poisoned Stab","Dash"],"relics":["Ring of the Snake","NeowsBlessing","Letter Opener","Boot","ClockworkSouvenir","Paper Crane","Ninja Scroll"],"acts_visited":["Exordium"],"potions_floor_usage":[6,16,16],"damage_taken":[{"damage":0.0,"enemies":"Cultist","floor":1.0,"turns":1.0},{"damage":0.0,"enemies":"Small Slimes","floor":3.0,"turns":1.0},{"damage":0.0,"enemies":"2 Louse","floor":4.0,"turns":1.0},{"damage":24.0,"enemies":"Exordium Wildlife","floor":5.0,"turns":9.0},{"damage":13,"enemies":"Gremlin Nob","floor":6,"turns":4},{"damage":0,"enemies":"Large Slime","floor":7,"turns":6},{"damage":35,"enemies":"Gremlin Nob","floor":12,"turns":6},{"damage":0,"enemies":"Blue Slaver","floor":13,"turns":3},{"damage":23,"enemies":"Slime Boss","floor":16,"turns":8}],"seed_played":"-6348390805625782641","potions_obtained":[{"floor":4.0,"key":"Strength Potion"},{"floor":6,"key":"SpeedPotion"},{"floor":7,"key":"Dexterity Potion"}],"is_trial":false,"path_per_floor":["M","$","M","M","M","E","M","?","T","?","$","?","M","T","R","B"],"character_chosen":"THE_SILENT","items_purchased":["Dash","ClockworkSouvenir"],"campfire_rested":1,"item_purchase_floors":[11,11],"current_hp_per_floor":[63,63,63,63,39,26,26,49,49,38,38,3,3,3,24,1,1],"gold":92,"neow_bonus":"THREE_ENEMY_KILL","is_daily":false,"chose_seed":false,"campfire_upgraded":0,"win_rate":0.0,"timestamp":1610970245,"path_taken":["M","$","?","M","?","E","M","?","T","?","$","?","M","?","R","BOSS"],"items_purchased_type":["Card","Relic"],"build_version":"2020-12-22","purchased_purges":1,"victory":false,"max_hp_per_floor":[70,70,70,70,70,70,70,70,70,70,70,70,70,70,70,70,70],"card_choices":[{"not_picked":["Outmaneuver","Sucker Punch","Slice"],"picked":"SKIP","floor":1.0},{"not_picked":["PiercingWail","Underhanded Strike","Dash"],"picked":"SKIP","floor":3.0},{"not_picked":["Underhanded Strike","Dash"],"picked":"PiercingWail","floor":3.0},{"not_picked":["Backflip","Deflect"],"picked":"Escape Plan","floor":4.0},{"not_picked":["Setup","Accuracy"],"picked":"Dagger Spray","floor":5.0},{"not_picked":["Leg Sweep","Expertise"],"picked":"Backstab","floor":6},{"not_picked":["Dodge and Roll","Blur"],"picked":"PiercingWail","floor":7},{"not_picked":["Backflip","Flying Knee"],"picked":"Poisoned Stab","floor":12},{"not_picked":["Backflip","Cloak And Dagger"],"picked":"Dash","floor":13}],"player_experience":68501,"relics_obtained":[{"floor":6,"key":"Letter Opener"},{"floor":9,"key":"Boot"},{"floor":12,"key":"Paper Crane"},{"floor":14,"key":"Ninja Scroll"}],"event_choices":[{"damage_healed":23,"gold_gain":0,"player_choice":"Banana","damage_taken":0,"max_hp_gain":0,"max_hp_loss":0,"event_name":"Big Fish","floor":8,"gold_loss":0},{"damage_healed":0,"gold_gain":75,"player_choice":"Gather Gold","damage_taken":11,"max_hp_gain":0,"max_hp_loss":0,"event_name":"World of Goop","floor":10,"gold_loss":0},{"damage_healed":0,"gold_gain":30,"player_choice":"Searched \u00272\u0027 times","damage_taken":0,"max_hp_gain":0,"max_hp_loss":0,"event_name":"Dead Adventurer","floor":12,"gold_loss":0}],"is_beta":false,"boss_relics":[],"items_purged_floors":[11],"is_endless":false,"potions_floor_spawned":[4,6,7],"killed_by":"Slime Boss","ascension_level":8}}