{"host":"a7n5dzefz0hsmd08","time":1610988131,"event":{"mods":["2.2 Compatiblity","AchievementEnabler","BaseMod","Minty Spire (QoL Compilation)","Relic Stats","StSLib"],"gold_per_floor":[11,30,49,49,49,79,79,104,131,131,142,142,152,51,51,152,152,168,168,187,198,235,267,287,287,287],"floor_reached":25,"language":"ENG","playtime":1894,"items_purged":["Regret"],"score":259,"play_id":"54ff3fda-c90f-4055-925c-ede9ed507fcd","local_time":"20210118174211","is_ascension_mode":true,"campfire_choices":[{"data":"Meditate","floor":7.0,"key":"SMITH"},{"data":"Eruption","floor":10.0,"key":"SMITH"},{"data":"Worship","floor":15.0,"key":"SMITH"}],"circlet_count":0,"master_deck":["Strike_P","Strike_P+1","Strike_P","Strike_P+1","Defend_P","Defend_P","Defend_P","Defend_P","Eruption+1","Vigilance","Meditate+1","Consecrate","FlurryOfBlows","Wireheading","EmptyBody","Prostrate","Worship+1","CutThroughFate","Blasphemy+1","Consecrate+1","FlurryOfBlows","ForeignInfluence","Consecrate+1","MentalFortress"],"relics":["PureWater","Akabeko","Whetstone","Nunchaku","Bag of Marbles","SlaversCollar","Centennial Puzzle"],"acts_visited":["Exordium","TheCity"],"potions_floor_usage":[23,23,24],"damage_taken":[{"damage":1.0,"enemies":"Small Slimes","floor":1.0,"turns":3.0},{"damage":2.0,"enemies":"Cultist","floor":2.0,"turns":3.0},{"damage":3.0,"enemies":"2 Louse","floor":3.0,"turns":4.0},{"damage":11.0,"enemies":"3 Sentries","floor":6.0,"turns":6.0},{"damage":21.0,"enemies":"Lagavulin","floor":8.0,"turns":4.0},{"damage":1.0,"enemies":"Blue Slaver","floor":11.0,"turns":2.0},{"damage":0.0,"enemies":"Red Slaver","floor":13.0,"turns":1.0},{"damage":18.0,"enemies":"Hexaghost","floor":16.0,"turns":5.0},{"damage":28.0,"enemies":"Shell Parasite","floor":18.0,"turns":7.0},{"damage":0,"enemies":"Spheric Guardian","floor":20,"turns":2},{"damage":21,"enemies":"Snake Plant","floor":21,"turns":4},{"damage":16,"enemies":"Shelled Parasite and Fungi","floor":22,"turns":3},{"damage":19,"enemies":"Book of Stabbing","floor":23,"turns":3},{"damage":0,"enemies":"Snecko","floor":24,"turns":2},{"damage":5,"enemies":"Gremlin Leader","floor":25,"turns":3}],"seed_played":"-8995287440053401077","potions_obtained":[{"floor":3.0,"key":"BottledMiracle"},{"floor":4.0,"key":"StancePotion"},{"floor":4.0,"key":"GamblersBrew"},{"floor":6.0,"key":"DistilledChaos"},{"floor":8.0,"key":"AttackPotion"},{"floor":11.0,"key":"Dexterity Potion"},{"floor":20,"key":"LiquidBronze"},{"floor":23,"key":"GamblersBrew"},{"floor":24,"key":"Weak Potion"}],"is_trial":false,"path_per_floor":["M","M","M","?","$","E","R","E","T","R","M","?","M","$","R","B",null,"M","?","M","M","M","E","M","E"],"character_chosen":"WATCHER","items_purchased":["CutThroughFate"],"campfire_rested":0,"item_purchase_floors":[14],"current_hp_per_floor":[85,83,80,80,80,69,69,48,48,48,47,47,47,47,47,29,86,58,58,58,37,21,2,2,0,0],"gold":287,"neow_bonus":"TWENTY_PERCENT_HP_BONUS","is_daily":false,"chose_seed":false,"campfire_upgraded":3,"win_rate":0.0,"timestamp":1610988131,"path_taken":["M","M","M","?","?","E","R","E","T","R","M","?","M","$","R","BOSS","M","?","M","M","M","E","?","E"],"items_purchased_type":["Card"],"build_version":"2020-12-22","purchased_purges":1,"victory":false,"max_hp_per_floor":[86,86,86,86,86,86,86,86,86,86,86,86,86,86,86,86,86,86,86,86,86,86,86,86,86,86],"relic_stats":{"Nunchaku":[10],"Centennial Puzzle":[0],"counters":[15,52],"Whetstone":["Strike_P","Strike_P"],"obtain_stats":[{"SlaversCollar":17,"Nunchaku":9,"Centennial Puzzle":23,"Bag of Marbles":12,"Whetstone":8,"PureWater":0,"Akabeko":6},{"SlaversCollar":8,"Nunchaku":5,"Centennial Puzzle":13,"Bag of Marbles":6,"Whetstone":5,"PureWater":0,"Akabeko":4},{"SlaversCollar":28,"Nunchaku":20,"Centennial Puzzle":47,"Bag of Marbles":22,"Whetstone":20,"PureWater":0,"Akabeko":16}]},"card_choices":[{"not_picked":["Crescendo","ThirdEye"],"picked":"Meditate","floor":1.0},{"not_picked":["EmptyBody","FlyingSleeves"],"picked":"Consecrate","floor":2.0},{"not_picked":["Wallop","InnerPeace"],"picked":"FlurryOfBlows","floor":3.0},{"not_picked":["Ragnarok","SashWhip"],"picked":"Wireheading","floor":6.0},{"not_picked":["Wallop","Wireheading"],"picked":"EmptyBody","floor":8.0},{"not_picked":["JustLucky","Meditate"],"picked":"Prostrate","floor":11.0},{"not_picked":["FearNoEvil","Halt"],"picked":"Worship","floor":13.0},{"not_picked":["Brilliance","LessonLearned"],"picked":"Blasphemy","floor":16.0},{"not_picked":["WreathOfFlame","Fasting2"],"picked":"Consecrate+1","floor":18},{"not_picked":["Evaluate+1","DeceiveReality"],"picked":"FlurryOfBlows","floor":20},{"not_picked":["WreathOfFlame","Halt+1"],"picked":"ForeignInfluence","floor":21},{"not_picked":["FlyingSleeves","ClearTheMind"],"picked":"Consecrate+1","floor":22},{"not_picked":["MentalFortress","Halt","Meditate"],"picked":"SKIP","floor":23},{"not_picked":["CutThroughFate","ForeignInfluence"],"picked":"MentalFortress","floor":24}],"player_experience":165653,"relics_obtained":[{"floor":6.0,"key":"Akabeko"},{"floor":8.0,"key":"Whetstone"},{"floor":9.0,"key":"Nunchaku"},{"floor":23,"key":"Centennial Puzzle"}],"event_choices":[{"damage_healed":0.0,"max_hp_gain":0.0,"max_hp_loss":0.0,"gold_gain":0.0,"event_name":"Lab","player_choice":"Got Potions","floor":4.0,"gold_loss":0.0,"damage_taken":0.0},{"damage_healed":0.0,"max_hp_gain":0.0,"max_hp_loss":0.0,"gold_gain":0.0,"event_name":"Big Fish","player_choice":"Box","floor":12.0,"gold_loss":0.0,"damage_taken":0.0,"relics_obtained":["Bag of Marbles"],"cards_obtained":["Regret"]},{"damage_healed":0,"gold_gain":0,"player_choice":"Upgraded","damage_taken":0,"max_hp_gain":0,"max_hp_loss":0,"event_name":"Upgrade Shrine","floor":19,"gold_loss":0,"cards_upgraded":["Blasphemy"]}],"is_beta":false,"boss_relics":[{"not_picked":["Tiny House","Ectoplasm"],"picked":"SlaversCollar"}],"items_purged_floors":[14],"is_endless":false,"potions_floor_spawned":[3,6,8,11,20,23,24],"killed_by":"Gremlin Leader","ascension_level":2}}