{"host":"roe9nkkmmup0vnjm","time":1610937765,"event":{"mods":["BaseMod","Colored Map","Downfall","Minty Spire (QoL Compilation)","StSLib"],"gold_per_floor":[167,180,192,64,64,64,64,64,117,117,144,144,144,164,164,260,260,246,141,158,158,158],"floor_reached":21,"language":"ENG","playtime":1290,"items_purged":[],"score":204,"play_id":"4d8cfca7-96b8-431e-b9ee-4f476b3018b7","local_time":"20210117214245","is_ascension_mode":true,"campfire_choices":[{"data":"Dualcast","floor":6,"key":"SMITH"},{"data":"Turbo","floor":8,"key":"SMITH"},{"data":"Hologram","floor":10,"key":"SMITH"},{"floor":13,"key":"REST"},{"data":"FTL","floor":15,"key":"SMITH"}],"circlet_count":0,"master_deck":["Strike_B","Strike_B","Strike_B","Strike_B","Defend_B","Defend_B","Defend_B","Defend_B","Zap+1","Dualcast+1","FTL+1","Hologram+1","Compile Driver","FTL","Turbo+1","Turbo+1","Capacitor","Rainbow","Redo+1","Defragment","Redo","Glacier"],"relics":["Tiny House","Ancient Tea Set","Blood Vial","Singing Bowl","Sozu"],"acts_visited":["Exordium","TheCity"],"potions_floor_usage":[16,16,16],"damage_taken":[{"damage":0,"enemies":"2 Louse","floor":1,"turns":2},{"damage":0,"enemies":"Jaw Worm","floor":2,"turns":3},{"damage":0,"enemies":"Small Slimes","floor":3,"turns":2},{"damage":20,"enemies":"Lagavulin","floor":11,"turns":5},{"damage":6,"enemies":"Exordium Wildlife","floor":14,"turns":4},{"damage":32,"enemies":"The Guardian","floor":16,"turns":9},{"damage":30,"enemies":"2 Thieves","floor":18,"turns":4},{"damage":26,"enemies":"Chosen","floor":20,"turns":6},{"damage":35,"enemies":"Centurion and Healer","floor":21,"turns":3}],"seed_played":"2714338754846675598","potions_obtained":[{"floor":0,"key":"Strength Potion"},{"floor":1,"key":"Strength Potion"},{"floor":3,"key":"FocusPotion"}],"is_trial":false,"path_per_floor":["M","M","M","$","?","R","?","R","T","R","E","?","R","M","R","B",null,"M","$","M","M"],"character_chosen":"DEFECT","items_purchased":["FTL","Turbo","Defragment","Redo"],"campfire_rested":1,"item_purchase_floors":[4,4,19,19],"current_hp_per_floor":[80,80,80,80,73,73,66,66,66,66,48,48,72,68,68,38,80,50,50,26,0,0],"gold":158,"neow_bonus":"BOSS_RELIC","is_daily":false,"chose_seed":false,"campfire_upgraded":4,"win_rate":0.0,"timestamp":1610937765,"path_taken":["M","M","M","$","?","R","?","R","T","R","E","?","R","?","R","BOSS","M","$","M","M"],"items_purchased_type":["Card","Card","Card","Card"],"build_version":"2020-12-22","purchased_purges":0,"victory":false,"max_hp_per_floor":[80,80,80,80,80,80,80,80,80,80,80,80,80,80,80,80,80,80,80,80,80,80],"card_choices":[{"not_picked":["Blizzard","Skim"],"picked":"FTL","floor":0},{"not_picked":["Tempest","Ball Lightning"],"picked":"Hologram","floor":1},{"not_picked":["Reprogram","Hello World"],"picked":"Compile Driver","floor":2},{"not_picked":["Blizzard","Tempest"],"picked":"Heatsinks","floor":3},{"not_picked":["Heatsinks","Leap"],"picked":"Turbo","floor":11},{"not_picked":["Gash","Steam"],"picked":"Capacitor","floor":14},{"not_picked":["Core Surge","Seek"],"picked":"Rainbow","floor":16},{"not_picked":["Scrape+1","Stack"],"picked":"Redo+1","floor":18},{"not_picked":["Loop","BootSequence"],"picked":"Glacier","floor":20}],"player_experience":275388,"relics_obtained":[{"floor":9,"key":"Blood Vial"},{"floor":11,"key":"Singing Bowl"}],"event_choices":[{"cards_removed":["Heatsinks"],"damage_healed":0,"gold_gain":0,"player_choice":"Card Removal","damage_taken":7,"max_hp_gain":0,"max_hp_loss":0,"event_name":"Golden Wing","floor":5,"gold_loss":0},{"damage_healed":0,"gold_gain":0,"player_choice":"Success","damage_taken":7,"relics_obtained":["Ancient Tea Set"],"max_hp_gain":0,"max_hp_loss":0,"event_name":"Scrap Ooze","floor":7,"gold_loss":0},{"damage_healed":0,"gold_gain":0,"player_choice":"Grow","damage_taken":0,"max_hp_gain":0,"max_hp_loss":0,"event_name":"Living Wall","floor":12,"gold_loss":0,"cards_upgraded":["Turbo"]}],"is_beta":false,"boss_relics":[{"not_picked":["Cursed Key","Velvet Choker"],"picked":"Sozu"}],"items_purged_floors":[],"is_endless":false,"potions_floor_spawned":[1,3,11,20],"killed_by":"Centurion and Healer","ascension_level":3}}