{"host":"x6165drukuu8ns9f","time":1610959250,"event":{"mods":["2.2 Compatiblity","Act Like it!","Arknights The Spire","Aspiration","BaseMod","CapriCore","Colored Map","Colored Powertips","Conspire","Ekko","Elementarium","GifTheSpireLib","Hallownest","Hubris","Luminous","Minty Spire (QoL Compilation)","Pale of the Ancients","Spicy Shops","Spire Birthday Party","StSLib","SuperFastMode","The Blue Laboratory","The Marked","The Runesmith","vexMod","??????REMEMod"],"gold_per_floor":[156,216,9,63,114,114,186,252,276,0,6,6,111,266,266,572,572,623,383,383,461,7,112,34,112,166,199,39,114,207,29,29,329,329,426,471,46,46,85,85,127,0,0,24,90,90,210,75,75,75,117,153,232,22,22,73,73,36,36,36],"floor_reached":61,"language":"ENG","playtime":3344,"items_purged":["ats:Defend","Pride","Injury","ats:Hammer On","ats:Healing Drone"],"score":1556,"play_id":"b1af7e38-a984-447e-9933-3b7b4cc9c441","local_time":"20210118094050","daily_mods":["Vintage","Flight","DeadlyEvents","Midas"],"is_ascension_mode":false,"campfire_choices":[{"floor":6,"key":"REST"},{"floor":15,"key":"REST"},{"floor":32,"key":"REST"},{"floor":49,"key":"REST"},{"floor":55,"key":"REST"},{"floor":57,"key":"REST"}],"circlet_count":0,"master_deck":["ats:Strike C+1","ats:Strike G","ats:Strike S","ats:Strike V+1","ats:Armor Crushing Shot","ats:Defend+1","ats:Defend","ats:Defend","ats:Emotion Absorption","ekkoTheBoyWhoShatteredTime:GrandeFinale","ats:Thorns+1","ats:Powerful Strike","ats:Neurotoxin+1","ats:Flexible Camouflage+1","ats:Echo Reverb","ats:Burning Ground+1","ats:Overload","ats:Sword Rain","ats:Neurotoxin","ats:Mental Burst","ats:Poison Spread","ats:Shell Defense","ats:Song Of Battle","ats:Red Shift","ats:Powerful Strike","ats:Consecutive Shot Auto+1","ats:Very Hot Blade","ats:Sword Rain","ats:Cat Scratch","ats:Wolf Pack","ats:Flexible Camouflage+1","ats:Ignite+1","ats:True Silver Slash+1","ats:Shadow Assault+1","ats:Ignite+1"],"relics":["ats:Sanity","REME_ComplimentaryCards","Bronze Scales","Ornamental Fan","MealTicket","Orichalcum","Shuriken","Du-Vu Doll","REME_PuzzleBoxRelic","Hallownest:BankAccountRelic","ats:Originium","Whetstone","vexMod:MemoryStick","ats:Omniscience","Boot","Membership Card","hubris:MysteriousPyramids","Anchor","vexMod:Spyglass","hubris:TenFootPole","HornCleat","Thread and Needle","PreservedInsect","ats:Berate","White Beast Statue","Potion Belt","Mummified Hand","Strange Spoon","Tiny Chest","CeramicFish","vexMod:HeadHunter","StrikeDummy","HandDrill","SlaversCollar","Happy Flower","Regal Pillow","aspiration:FetidBarrel","Toxic Egg 2","Turnip","hubris:Towel","Bottled Tornado","Hallownest:StagBellRelic1","Molten Egg 2","Vajra","aspiration:VileToxins","Bag of Preparation","paleoftheancients:Timepiece","Oddly Smooth Stone","War Paint","paleoftheancients:SoulOfTheWokeBloke","hubris:Potato","aspiration:StickyExplosives_weak","ats:Military Tradition","hubris:SphereOfDissonance","aspiration:ChemicalBlood","aspiration:Lifesprig"],"acts_visited":["Hallownest:Greenpath","TheCity","Hallownest:KingdomsEdge","paleoftheancients:PaleOfTheAncients"],"potions_floor_usage":[16,27,50,51,51,52,52,52,56,60,60,60,60,60],"damage_taken":[{"damage":20,"enemies":"Hallownest:monsterHuskGuard","floor":1,"turns":5},{"damage":0,"enemies":"Hallownest:monsterHuskWarrior","floor":2,"turns":4},{"damage":9,"enemies":"2_ Uuma","floor":4,"turns":4},{"damage":29,"enemies":"Hallownest:Guard_and_Warrior","floor":5,"turns":5},{"damage":7,"enemies":"Hallownest:1_Baldur_1_Crawlid_1_Warrior","floor":7,"turns":6},{"damage":6,"enemies":"Hallownest:Wandering_and_Horned","floor":8,"turns":5},{"damage":10,"enemies":"Hallownest:eliteMossKnight","floor":13,"turns":7},{"damage":18,"enemies":"Hallownest:1_Ooma_and_2_Uuma","floor":14,"turns":6},{"damage":11,"enemies":"Hallownest:BossFalseKnight","floor":16,"turns":6},{"damage":24,"enemies":"conspire:FuzzyDice","floor":18,"turns":4},{"damage":30,"enemies":"REME_1_Revenger","floor":21,"turns":4},{"damage":0,"enemies":"conspire:SneckoGhost","floor":23,"turns":4},{"damage":0,"enemies":"conspire:Head Lice","floor":25,"turns":5},{"damage":0,"enemies":"2 Thieves","floor":27,"turns":3},{"damage":0,"enemies":"conspire:HollyBat","floor":29,"turns":7},{"damage":0,"enemies":"REME_1_Revenger","floor":30,"turns":2},{"damage":24,"enemies":"Champ","floor":33,"turns":7},{"damage":0,"enemies":"Hallownest:Shield_Heavy","floor":35,"turns":4},{"damage":0,"enemies":"Hallownest:3_Siblings","floor":36,"turns":4},{"damage":0,"enemies":"Hallownest:2_Great","floor":39,"turns":2},{"damage":0,"enemies":"Hallownest:monsterPrimalAspid","floor":41,"turns":3},{"damage":7,"enemies":"Hallownest:2_Wandering_and_1_Horned","floor":45,"turns":4},{"damage":0,"enemies":"Hallownest:eliteCollector","floor":47,"turns":3},{"damage":1,"enemies":"Hallownest:BossGreyPrinceZote","floor":50,"turns":5},{"damage":68,"enemies":"Hallownest:BossGreyPrinceZote","floor":51,"turns":5},{"damage":0,"enemies":"Hallownest:BossGreyPrinceZote","floor":52,"turns":3},{"damage":0,"enemies":"Hallownest:BossGreyPrinceZote","floor":56,"turns":5},{"damage":158,"enemies":"paleoftheancients:N","floor":60,"turns":6}],"seed_played":"-7147254172712325376","potions_obtained":[{"floor":4,"key":"CultistPotion"},{"floor":7,"key":"SkillPotion"},{"floor":14,"key":"BlessingOfTheForge"},{"floor":18,"key":"blueLaboratory:ExaltedPotion"},{"floor":27,"key":"SteroidPotion"},{"floor":29,"key":"CultistPotion"},{"floor":30,"key":"conspire:TimeTravelPotion"},{"floor":33,"key":"EntropicBrew"},{"floor":35,"key":"blueLaboratory:ImpenetrablePotion"},{"floor":36,"key":"Swift Potion"},{"floor":39,"key":"DistilledChaos"},{"floor":51,"key":"blueLaboratory:LouseDecoction"},{"floor":52,"key":"Explosive Potion"},{"floor":60,"key":"blueLaboratory:EnragingPotion"},{"floor":60,"key":"ColorlessPotion"}],"is_trial":true,"path_per_floor":["M","M","$","M","M","R","M","M","T","?","$","?","E","M","R","B",null,"M","$","?","E","$","E","$","E","T","M","$","M","E","$","R","B",null,"M","M","$","?","M","?","M","?","T","$","M","?","E","$","R","B","M","M","T","$","R","M","R","$","?","B",null],"character_chosen":"DOCTOR_CLASS","items_purchased":["ats:Thorns","ats:Powerful Strike","ats:Hammer On","ats:Healing Drone","ats:Neurotoxin","Membership Card","ats:Burning Ground","ats:Overload","ats:Sword Rain","Anchor","vexMod:Spyglass","ats:Mental Burst","ats:Poison Spread","ats:Shell Defense","ats:Song Of Battle","hubris:TenFootPole","HornCleat","PreservedInsect","ats:Berate","ats:Powerful Strike","Strange Spoon","ats:Very Hot Blade","Tiny Chest","ats:Cat Scratch","StrikeDummy","HandDrill","aspiration:FetidBarrel","Toxic Egg 2","Turnip","ats:Flexible Camouflage+1","ats:Ignite+1","Bag of Preparation","ats:Ignite+1","ats:Military Tradition","hubris:SphereOfDissonance","aspiration:Lifesprig"],"campfire_rested":6,"item_purchase_floors":[3,3,3,3,11,19,19,19,19,22,22,22,22,22,22,22,22,24,24,24,28,28,28,31,31,31,37,37,37,37,44,48,48,54,54,58],"current_hp_per_floor":[52,52,52,52,29,50,52,61,61,61,72,72,68,59,72,72,72,48,63,63,33,48,48,63,63,63,63,72,72,72,72,72,48,72,72,72,72,72,72,72,72,72,72,72,68,68,72,72,72,79,45,62,62,77,79,79,79,79,79,79],"gold":36,"neow_bonus":"","is_daily":false,"chose_seed":false,"campfire_upgraded":0,"win_rate":0.0,"timestamp":1610959250,"path_taken":["M","M","$","M","M","R","M","M","T","?","$","?","E","M","R","BOSS","M","$","?","?","$","E","$","E","T","M","?","M","E","?","R","BOSS","M","?","$","?","M","?","M","?","T","$","M","?","E","?","R","BOSS","M","M","?","$","R","M","R","$","?","BOSS"],"items_purchased_type":["Card","Card","Card","Card","Card","Relic","Card","Card","Card","Relic","Relic","Card","Card","Card","Card","Relic","Relic","Relic","Relic","Card","Relic","Card","Relic","Card","Relic","Relic","Relic","Relic","Relic","Card","Card","Relic","Card","Relic","Relic","Relic"],"build_version":"2020-12-22","purchased_purges":5,"victory":true,"max_hp_per_floor":[72,72,72,72,72,72,72,72,72,72,72,72,72,72,72,72,72,72,72,72,72,72,72,72,72,72,72,72,72,72,72,72,72,72,72,72,72,72,72,72,72,72,72,72,72,72,72,72,72,79,79,79,79,79,79,79,79,79,79,79],"card_choices":[{"not_picked":["ats:Shadow Raid","ats:Childhood Dance"],"picked":"ats:Flexible Camouflage","floor":13},{"not_picked":["ats:Ambush","ats:Disruption Kick"],"picked":"ats:Echo Reverb","floor":16},{"not_picked":["ats:Assault Order","ats:Part Time Job"],"picked":"ats:Neurotoxin","floor":21},{"not_picked":["ats:Powerful Strike+1","ats:Blood Oath"],"picked":"ats:Red Shift","floor":23},{"not_picked":["ats:Powerful Strike","ats:Closed Bolt Burst Fire"],"picked":"ats:Consecutive Shot Auto+1","floor":25},{"not_picked":["ats:Revitalization","ats:Disruption Kick"],"picked":"ats:Sword Rain","floor":30},{"not_picked":["ats:Disruption Kick","ats:Durian"],"picked":"ats:Wolf Pack","floor":33},{"not_picked":["ats:Fractured Body","ats:Roar Of Ursus"],"picked":"ats:True Silver Slash","floor":47},{"not_picked":["ats:Nebulous Foxfire+1","ats:Durian+1"],"picked":"ats:Shadow Assault+1","floor":47}],"player_experience":101517,"relics_obtained":[{"floor":1,"key":"Bronze Scales"},{"floor":2,"key":"Ornamental Fan"},{"floor":4,"key":"MealTicket"},{"floor":5,"key":"Orichalcum"},{"floor":7,"key":"Shuriken"},{"floor":8,"key":"Du-Vu Doll"},{"floor":9,"key":"REME_PuzzleBoxRelic"},{"floor":13,"key":"ats:Originium"},{"floor":13,"key":"Whetstone"},{"floor":14,"key":"vexMod:MemoryStick"},{"floor":18,"key":"Boot"},{"floor":21,"key":"ats:Originium"},{"floor":21,"key":"hubris:MysteriousPyramids"},{"floor":23,"key":"ats:Originium"},{"floor":23,"key":"Thread and Needle"},{"floor":25,"key":"White Beast Statue"},{"floor":26,"key":"Potion Belt"},{"floor":27,"key":"Mummified Hand"},{"floor":29,"key":"CeramicFish"},{"floor":30,"key":"vexMod:HeadHunter"},{"floor":35,"key":"Happy Flower"},{"floor":36,"key":"Regal Pillow"},{"floor":39,"key":"Bottled Tornado"},{"floor":43,"key":"Molten Egg 2"},{"floor":45,"key":"Vajra"},{"floor":47,"key":"aspiration:VileToxins"},{"floor":51,"key":"War Paint"},{"floor":51,"key":"paleoftheancients:SoulOfTheWokeBloke"},{"floor":52,"key":"hubris:Potato"},{"floor":53,"key":"aspiration:StickyExplosives_weak"},{"floor":56,"key":"aspiration:ChemicalBlood"}],"event_choices":[{"damage_healed":0,"gold_gain":0,"player_choice":"Upgraded","damage_taken":0,"max_hp_gain":0,"max_hp_loss":0,"event_name":"Upgrade Shrine","floor":20,"gold_loss":0,"cards_upgraded":["ats:Neurotoxin"]}],"is_beta":false,"boss_relics":[{"not_picked":["conspire:RunicOctahedron","vexMod:EndlessSickness"],"picked":"ats:Omniscience"},{"not_picked":["Tiny House","conspire:RoyalGoblet"],"picked":"SlaversCollar"}],"items_purged_floors":[22,28,37,37,48],"is_endless":false,"potions_floor_spawned":[4,7,14,16,18,27,29,30,33,35,36,39,41,45,47,51,52,56],"ascension_level":0}}