{"host":"dn6kke80v5f7isus","time":1610933287,"event":{"mods":["AchievementEnabler","Act Like it!","BaseMod","Colored Powertips","Custom Start","Defuse TimeMaze Blight","Duelist Mod","Gremlin Skip","Highlight Path","Hubris","Infinite Spire","Minty Spire (QoL Compilation)","Rare Cards Sparkle","Replay The Spire","StSLib","Uncapped"],"gold_per_floor":[142,142,142,142,160,190,190,208,208,208,288,305,305,405,405,423,200,200,233,32,32,65,85,85,85,96,111,111,111,111,215,215,228,282,282,282,36,36,67,93,93,128,3,28,28,124,124,223,183,190,194,44,64,64,64],"floor_reached":58,"language":"ENG","playtime":2060,"items_purged":["theDuelist:SummoningCurse","theDuelist:ZombieCorpse","theDuelist:ZombieCorpse","theDuelist:ZombieCorpse","theDuelist:SouleatingOviraptor+1"],"score":882,"play_id":"c55095f8-e975-4932-90fa-8a519ddff260","local_time":"20210117202807","is_ascension_mode":true,"campfire_choices":[{"data":"theDuelist:ShallowGrave","floor":7.0,"key":"SMITH"},{"data":"theDuelist:BoneMouse","floor":15.0,"key":"SMITH"},{"data":"theDuelist:GhostBelle","floor":23.0,"key":"SMITH"},{"data":"theDuelist:SkullServant","floor":27.0,"key":"SMITH"},{"data":"theDuelist:BoneMouse","floor":32.0,"key":"SMITH"},{"floor":40.0,"key":"REST"},{"data":"theDuelist:GlowUpBloom","floor":44.0,"key":"SMITH"},{"floor":49.0,"key":"REST"},{"data":"theDuelist:PatricianDarkness","floor":49.0,"key":"SMITH"},{"data":"theDuelist:ClownZombie","floor":58,"key":"SMITH"}],"circlet_count":0,"master_deck":["theDuelist:ArmoredZombie","theDuelist:ArmoredZombie","theDuelist:ClownZombie+1","theDuelist:PatricianDarkness+1","theDuelist:ShallowGrave+1","theDuelist:SkullConductor","theDuelist:TutanMask","theDuelist:BoneMouse+1","theDuelist:BoneMouse+1","theDuelist:GhostBelle+1","theDuelist:GlowUpBloom+1","theDuelist:AshBlossom+1","theDuelist:Polymerization+1","theDuelist:MonsterReborn+1"],"relics":["theDuelist:MillenniumPuzzle","theDuelist:CardPoolRelic","theDuelist:CardPoolBasicRelic","theDuelist:BoosterPackPoolRelic","theDuelist:CardPoolAddRelic","theDuelist:CardPoolMinusRelic","theDuelist:CardPoolSaveRelic","theDuelist:CardPoolOptionsRelic","NeowsBlessing","hubris:Teleporter","theDuelist:MerchantNecklace","theDuelist:MillenniumArmor","theDuelist:ArmorPlateC","SacredBark","Red Mask","theDuelist:MillenniumSymbol","Ornamental Fan","theDuelist:SpellcasterStone","theDuelist:DuelistUrn","Inserter","hubris:FunFungus","Medical Kit","hubris:Icosahedron","Toy Ornithopter","Basket Of Snakes","infinitespire:Magic Flask","Meat on the Bone","Ring of Chaos","Incense Burner"],"acts_visited":["Exordium","TheCity","TheBeyond","Exordium"],"potions_floor_usage":[57,57,57],"damage_taken":[{"damage":0.0,"enemies":"Small Slimes","floor":1.0,"turns":1.0},{"damage":0.0,"enemies":"2 Louse","floor":5.0,"turns":2.0},{"damage":0.0,"enemies":"3 Sentries","floor":6.0,"turns":1.0},{"damage":0.0,"enemies":"Cultist","floor":8.0,"turns":3.0},{"damage":0.0,"enemies":"Exordium Wildlife","floor":14.0,"turns":4.0},{"damage":23.0,"enemies":"The Guardian","floor":16.0,"turns":8.0},{"damage":0.0,"enemies":"2 Thieves","floor":18.0,"turns":3.0},{"damage":5.0,"enemies":"Masked Bandits","floor":21.0,"turns":5.0},{"damage":0.0,"enemies":"Nightmare","floor":24.0,"turns":8.0},{"damage":0.0,"enemies":"3 Byrds","floor":25.0,"turns":5.0},{"damage":0.0,"enemies":"Snake Plant","floor":28.0,"turns":4.0},{"damage":0.0,"enemies":"Chosen and Byrds","floor":29.0,"turns":7.0},{"damage":0.0,"enemies":"Collector","floor":33.0,"turns":13.0},{"damage":16.0,"enemies":"3 Darklings","floor":35.0,"turns":7.0},{"damage":63.0,"enemies":"2 Orb Walkers","floor":36.0,"turns":8.0},{"damage":0.0,"enemies":"R_Hoarder","floor":41.0,"turns":5.0},{"damage":24.0,"enemies":"Nightmare","floor":46.0,"turns":8.0},{"damage":0.0,"enemies":"R_Hoarder","floor":48.0,"turns":9.0},{"damage":2.0,"enemies":"Replay:Hell Engine","floor":50.0,"turns":7.0},{"damage":0.0,"enemies":"Cultist","floor":52.0,"turns":3.0},{"damage":0,"enemies":"Jaw Worm","floor":54,"turns":2},{"damage":0,"enemies":"2 Louse","floor":55,"turns":2},{"damage":0,"enemies":"3 Sentries","floor":57,"turns":2}],"seed_played":"-7354680426109456508","potions_obtained":[{"floor":4.0,"key":"Regen Potion"},{"floor":4.0,"key":"theDuelist:TokenPotionB"},{"floor":4.0,"key":"Strength Potion"},{"floor":5.0,"key":"theDuelist:SteelBrew"},{"floor":6.0,"key":"theDuelist:ExtraOrbsBottle"},{"floor":14.0,"key":"SkillPotion"},{"floor":18.0,"key":"Weak Potion"},{"floor":21.0,"key":"PowerPotion"},{"floor":33.0,"key":"BloodPotion"},{"floor":36.0,"key":"Swift Potion"},{"floor":48.0,"key":"FearPotion"},{"floor":52.0,"key":"Swift Potion"},{"floor":53.0,"key":"Toxic Potion"},{"floor":53.0,"key":"theDuelist:FreezingPotion"},{"floor":53.0,"key":"theDuelist:BigTributeBottle"}],"is_trial":false,"path_per_floor":["M","?","?","?","M","E","R","M","T","?","T","M","R","B",null,"M","$","?","?","$","R","NM","M","T","R","M","M","AVR","?","R","B",null,"M","?","AVR","?","$","R","E","T","R","NM","$","E","R","B",null,"M","?","M","M","$","E","R"],"character_chosen":"THE_DUELIST","items_purchased":["Fruit Juice","theDuelist:GhostBelle","theDuelist:SkullServant","theDuelist:MillenniumSymbol","Toy Ornithopter"],"campfire_rested":2,"item_purchase_floors":[19,19,22,22,39],"current_hp_per_floor":[80,85,81,81,81,79,79,82,82,82,82,82,82,59,82,82,92,92,87,87,87,87,87,87,87,87,87,87,81,81,83,92,76,51,51,51,51,78,80,80,80,65,65,69,92,90,92,92,92,92,92,92,92,92,92],"gold":64,"neow_bonus":"THREE_ENEMY_KILL","is_daily":false,"chose_seed":false,"campfire_upgraded":8,"win_rate":0.0,"timestamp":1610933287,"path_taken":["M","?","?","?","?","E","R","M","T","?","?","M","R","BOSS","M","$","?","?","$","R","NM","M","T","R","M","M","AVR","?","R","BOSS","M","?","AVR","?","$","R","E","T","R","NM","?","E","R","BOSS","M","?","?","M","$","E","R"],"items_purchased_type":["Potion","Card","Card","Relic","Relic"],"build_version":"2020-12-22","purchased_purges":5,"victory":false,"max_hp_per_floor":[80,85,81,81,81,79,79,82,82,82,82,82,82,82,82,82,92,92,92,92,92,92,92,92,92,92,92,92,92,92,92,92,92,92,92,92,92,92,92,92,92,92,92,92,92,92,92,92,92,92,92,92,92,92,92],"card_choices":[{"not_picked":["theDuelist:GhostrickJackfrost","theDuelist:FossilSkullknight","theDuelist:VampireFraulein","theDuelist:FusionTag","theDuelist:VendreadBattlelord"],"picked":"SKIP","floor":1.0},{"not_picked":["theDuelist:VendreadReunion","theDuelist:UltraPolymerization","theDuelist:GhostrickWarwolf","theDuelist:DimensionFusion"],"picked":"theDuelist:BoneMouse","floor":5.0},{"not_picked":[],"picked":"theDuelist:BoneMouse","floor":6.0},{"not_picked":["theDuelist:AshBlossom","theDuelist:GhostrickNight","theDuelist:GiantAxeMummy","theDuelist:Wightprince","theDuelist:GhostrickSkeleton"],"picked":"SKIP","floor":8.0},{"not_picked":["theDuelist:ZombieMaster","theDuelist:VendreadNightmare","theDuelist:VampireGrace","theDuelist:FusionGuard","theDuelist:BookEclipse"],"picked":"SKIP","floor":14.0},{"not_picked":["theDuelist:VampireGrimson+1","theDuelist:VendreadRevenants","theDuelist:VendreadHoundhorde","theDuelist:GhostrickJackfrost","theDuelist:GhostrickAlucard"],"picked":"SKIP","floor":18.0},{"not_picked":["theDuelist:SouleatingOviraptor","theDuelist:Miscellaneousaurus","theDuelist:FossilSkullknight","theDuelist:FossilSkullKing","theDuelist:Chewbone"],"picked":"SKIP","floor":24.0},{"not_picked":["theDuelist:ZombieMaster","theDuelist:VendreadStriges+1","theDuelist:BookLife"],"picked":"SKIP","floor":25.0},{"not_picked":["theDuelist:VendreadRevolution","theDuelist:VendreadReunion","theDuelist:VampireAwakening","theDuelist:NecroFusion","theDuelist:GhostrickMuseum"],"picked":"SKIP","floor":28.0},{"not_picked":["theDuelist:FlameGhost","theDuelist:RebornZombie+1","theDuelist:PMCaptor","theDuelist:FossilKnight"],"picked":"theDuelist:GlowUpBloom","floor":29.0},{"not_picked":["theDuelist:YukiOnnaAbsolute+1","theDuelist:YukiMusume+1","theDuelist:Tsukahagi","theDuelist:Tengu+1","theDuelist:Hajun+1"],"picked":"SKIP","floor":35.0},{"not_picked":["theDuelist:VampireKingdom","theDuelist:GhostrickScare","theDuelist:GhostrickMansion","theDuelist:EndlessDecay+1"],"picked":"theDuelist:BookMoon+1","floor":36.0},{"not_picked":["theDuelist:VampireGrimson+1","theDuelist:AshBlossom","theDuelist:ZombieMammoth+1","theDuelist:GhostrickYeti","theDuelist:GhostrickAlucard"],"picked":"SKIP","floor":41.0},{"not_picked":["theDuelist:NecroworldBanshee+1","theDuelist:SkullConductor","theDuelist:GhostrickJackfrost","theDuelist:VendreadNights"],"picked":"theDuelist:AshBlossom+1","floor":46.0},{"not_picked":["theDuelist:NecroworldBanshee","theDuelist:GhostReaper","theDuelist:VampireBaby","theDuelist:LichLord+1"],"picked":"theDuelist:Polymerization+1","floor":48.0},{"not_picked":["theDuelist:YukiOnnaAbsolute","theDuelist:SoulRelease","theDuelist:FusionGuard+1","theDuelist:BookLife+1"],"picked":"theDuelist:MonsterReborn+1","floor":50.0},{"not_picked":["theDuelist:VampireLady+1","theDuelist:PhantomGhost+1","theDuelist:VampireDuke+1","theDuelist:VampireDesire+1"],"picked":"theDuelist:SouleatingOviraptor+1","floor":52.0},{"not_picked":["theDuelist:GhostrickYeti+1","theDuelist:GhostrickSkeleton+1","theDuelist:GhostrickJiangshi+1","theDuelist:GhostrickJackfrost+1","theDuelist:GhostrickAlucard+1"],"picked":"SKIP","floor":54},{"not_picked":["theDuelist:VendreadDaybreak+1","theDuelist:UltraPolymerization+1","theDuelist:MayakashiWinter+1","theDuelist:InstantFusion+1","theDuelist:BookEclipse+1"],"picked":"SKIP","floor":55},{"not_picked":["Discovery+1","HandOfGreed+1","Jack Of All Trades+1","Sadistic Nature+1"],"picked":"SKIP","floor":57}],"player_experience":562719,"relics_obtained":[{"floor":6.0,"key":"hubris:Teleporter"},{"floor":9.0,"key":"theDuelist:MerchantNecklace"},{"floor":13.0,"key":"theDuelist:ArmorPlateC"},{"floor":21.0,"key":"Red Mask"},{"floor":26.0,"key":"Ornamental Fan"},{"floor":36.0,"key":"hubris:FunFungus"},{"floor":41.0,"key":"Basket Of Snakes"},{"floor":46.0,"key":"infinitespire:Magic Flask"},{"floor":48.0,"key":"Meat on the Bone"},{"floor":57,"key":"Incense Burner"}],"event_choices":[{"damage_healed":0.0,"max_hp_gain":5.0,"max_hp_loss":0.0,"gold_gain":0.0,"event_name":"Big Fish","player_choice":"Donut","floor":2.0,"gold_loss":0.0,"damage_taken":0.0},{"damage_healed":0.0,"max_hp_gain":0.0,"max_hp_loss":0.0,"gold_gain":0.0,"event_name":"Aknamkanon\u0027s Tomb","player_choice":"Brew - 2x Potion Slots","duelist":true,"floor":3.0,"gold_loss":0.0,"damage_taken":0.0},{"damage_healed":0.0,"max_hp_gain":0.0,"max_hp_loss":0.0,"gold_gain":0.0,"event_name":"Lab","player_choice":"Got Potions","floor":4.0,"gold_loss":0.0,"damage_taken":0.0},{"damage_healed":0.0,"max_hp_gain":0.0,"max_hp_loss":0.0,"gold_gain":0.0,"event_name":"Millennium Items","player_choice":"Took item - Received: Millennium Armor","duelist":true,"floor":11.0,"gold_loss":0.0,"damage_taken":0.0},{"cards_removed":["theDuelist:ClownZombie"],"damage_healed":0.0,"max_hp_gain":0.0,"max_hp_loss":0.0,"gold_gain":0.0,"event_name":"Back to Basics","player_choice":"Elegance","floor":20.0,"gold_loss":0.0,"damage_taken":0.0},{"damage_healed":0.0,"max_hp_gain":0.0,"max_hp_loss":0.0,"gold_gain":0.0,"event_name":"Masked Bandits","player_choice":"Fought Bandits","floor":21.0,"gold_loss":0.0,"damage_taken":0.0},{"damage_healed":0.0,"max_hp_gain":0.0,"max_hp_loss":0.0,"gold_gain":0.0,"event_name":"Aknamkanon\u0027s Tomb","player_choice":"Dig - random Duelist relic","duelist":true,"floor":31.0,"gold_loss":0.0,"damage_taken":0.0},{"damage_healed":0.0,"max_hp_gain":0.0,"max_hp_loss":0.0,"gold_gain":0.0,"event_name":"Mysterious Sphere","player_choice":"Fight","floor":36.0,"gold_loss":0.0,"damage_taken":0.0},{"damage_healed":0.0,"max_hp_gain":0.0,"max_hp_loss":0.0,"gold_gain":0.0,"event_name":"The Woman in Blue","player_choice":"Bought 3 Potions","floor":53.0,"gold_loss":0.0,"damage_taken":0.0}],"is_beta":false,"boss_relics":[{"not_picked":["Astrolabe","Snecko Eye"],"picked":"SacredBark"},{"not_picked":["Ooze Armor","Kintsugi"],"picked":"Inserter"},{"not_picked":["Calling Bell","Replay:Ancient Bell"],"picked":"Ring of Chaos"}],"items_purged_floors":[19,37,39,47,56],"is_endless":true,"potions_floor_spawned":[5,6,14,18,21,33,36,48,52,54,55],"ascension_level":1}}