{"host":"wogey4gsknv4ot2d","time":1610970016,"event":{"mods":["2.2 Compatiblity","AchievementEnabler","BaseMod","Bestiary","Better Third Choice","Colored Map","Colored Powertips","Googly Eyes","Key Reminder","Minty Spire (QoL Compilation)","Permanent Neow","Rare Cards Sparkle","Relic Stats","StSLib"],"gold_per_floor":[218,237,253,105,115,115,146,162,162,192,192,207,207,207,207,305,305,323,356,136,136,44,63,63,63],"floor_reached":24,"language":"ENG","playtime":681,"items_purged":[],"score":243,"play_id":"8909d42c-dd3f-45a4-b811-5f098a951896","local_time":"20210118054016","is_ascension_mode":true,"campfire_choices":[{"floor":6,"key":"REST"},{"floor":13,"key":"REST"},{"floor":15,"key":"REST"}],"circlet_count":0,"master_deck":["Strike_B","Strike_B","Strike_B","Strike_B","Defend_B","Defend_B","Defend_B","Defend_B","Zap","Dualcast","Redo","Loop","Conserve Battery","Conserve Battery","Steam","Redo","Undo","Stack","Go for the Eyes","Go for the Eyes+1","Enlightenment","Stack"],"relics":["Cracked Core","PreservedInsect","Juzu Bracelet","Shuriken","Darkstone Periapt","Nuclear Battery","Red Mask","Boot"],"acts_visited":["Exordium","TheCity"],"potions_floor_usage":[10,16,16,19,23,23,23],"damage_taken":[{"damage":6,"enemies":"Jaw Worm","floor":1,"turns":4},{"damage":9,"enemies":"2 Louse","floor":2,"turns":3},{"damage":3,"enemies":"Small Slimes","floor":3,"turns":3},{"damage":10,"enemies":"Exordium Wildlife","floor":5,"turns":4},{"damage":33,"enemies":"Gremlin Nob","floor":7,"turns":4},{"damage":7,"enemies":"Blue Slaver","floor":8,"turns":4},{"damage":0,"enemies":"3 Sentries","floor":10,"turns":5},{"damage":3,"enemies":"2 Fungi Beasts","floor":12,"turns":4},{"damage":49,"enemies":"Hexaghost","floor":16,"turns":12},{"damage":17,"enemies":"Chosen","floor":18,"turns":6},{"damage":58,"enemies":"Masked Bandits","floor":19,"turns":6},{"damage":11,"enemies":"Spheric Guardian","floor":23,"turns":4},{"damage":12,"enemies":"Book of Stabbing","floor":24,"turns":5}],"seed_played":"5013413917492282231","potions_obtained":[{"floor":3,"key":"Explosive Potion"},{"floor":5,"key":"BlessingOfTheForge"},{"floor":8,"key":"FocusPotion"},{"floor":10,"key":"Fire Potion"},{"floor":19,"key":"Fire Potion"},{"floor":23,"key":"Fruit Juice"}],"is_trial":false,"path_per_floor":["M","M","M","$","M","R","E","M","T","E","?","M","R","?","R","B",null,"M","?","$","?","$","M","E"],"character_chosen":"DEFECT","items_purchased":["PreservedInsect","Boot","Regen Potion","Enlightenment"],"campfire_rested":3,"item_purchase_floors":[4,20,20,22],"current_hp_per_floor":[69,60,57,57,47,69,36,29,29,29,29,26,48,53,77,28,80,63,5,5,5,5,11,0,0],"gold":63,"neow_bonus":"HUNDRED_GOLD","is_daily":false,"chose_seed":false,"campfire_upgraded":0,"win_rate":0.0,"timestamp":1610970016,"path_taken":["M","M","M","$","M","R","E","M","T","E","?","M","R","?","R","BOSS","M","?","$","?","?","M","E"],"items_purchased_type":["Relic","Relic","Potion","Card"],"build_version":"2020-12-22","purchased_purges":0,"victory":false,"max_hp_per_floor":[75,75,75,75,75,75,75,75,75,75,75,75,75,80,80,80,80,80,80,80,80,80,85,85,85],"relic_stats":{"Darkstone Periapt":0,"counters":[13,64],"Shuriken":[4],"PreservedInsect":93,"Juzu Bracelet":0,"Boot":[4],"obtain_stats":[{"Darkstone Periapt":10,"Shuriken":9,"PreservedInsect":4,"Juzu Bracelet":7,"Red Mask":19,"Cracked Core":0,"Boot":20,"Nuclear Battery":17},{"Darkstone Periapt":7,"Shuriken":6,"PreservedInsect":3,"Juzu Bracelet":5,"Red Mask":11,"Cracked Core":0,"Boot":11,"Nuclear Battery":9},{"Darkstone Periapt":27,"Shuriken":22,"PreservedInsect":10,"Juzu Bracelet":18,"Red Mask":55,"Cracked Core":0,"Boot":55,"Nuclear Battery":43}]},"card_choices":[{"not_picked":["Tempest","Lockon"],"picked":"Redo","floor":1},{"not_picked":["Hello World","Cold Snap"],"picked":"Loop","floor":2},{"not_picked":["Reinforced Body","Stack"],"picked":"Conserve Battery","floor":3},{"not_picked":["Barrage","Undo"],"picked":"Conserve Battery","floor":5},{"not_picked":["Redo","Turbo"],"picked":"Steam","floor":7},{"not_picked":["Streamline","Compile Driver"],"picked":"Redo","floor":8},{"not_picked":["Meteor Strike","Force Field"],"picked":"Undo","floor":10},{"not_picked":["Leap","Hologram"],"picked":"Stack","floor":12},{"not_picked":["Rebound","Force Field"],"picked":"Go for the Eyes","floor":18},{"not_picked":["Sweeping Beam","Reprogram+1"],"picked":"Go for the Eyes+1","floor":19},{"not_picked":["Sweeping Beam","Rip and Tear"],"picked":"Stack","floor":23}],"player_experience":55557,"relics_obtained":[{"floor":7,"key":"Juzu Bracelet"},{"floor":9,"key":"Shuriken"},{"floor":10,"key":"Darkstone Periapt"},{"floor":19,"key":"Red Mask"}],"event_choices":[{"damage_healed":0,"gold_gain":0,"player_choice":"Ignored","damage_taken":192,"max_hp_gain":0,"max_hp_loss":0,"event_name":"betterThird:BetterSerpent","floor":11,"gold_loss":0},{"damage_healed":0,"gold_gain":0,"player_choice":"Donut","damage_taken":0,"max_hp_gain":5,"max_hp_loss":0,"event_name":"Big Fish","floor":14,"gold_loss":0},{"damage_healed":0,"gold_gain":0,"player_choice":"Fought Bandits","damage_taken":0,"max_hp_gain":0,"max_hp_loss":0,"event_name":"Masked Bandits","floor":19,"gold_loss":0},{"damage_healed":0,"gold_gain":0,"player_choice":"Ignored","damage_taken":0,"max_hp_gain":0,"max_hp_loss":0,"event_name":"Ghosts","floor":21,"gold_loss":0}],"is_beta":false,"boss_relics":[{"not_picked":["Fusion Hammer","Coffee Dripper"],"picked":"Nuclear Battery"}],"items_purged_floors":[],"is_endless":false,"potions_floor_spawned":[3,5,8,10,19,23],"killed_by":"Book of Stabbing","ascension_level":1}}