{"host":"cyg2l0kxxafiqofp","time":1610935672,"event":{"mods":["BaseMod","Colored Map","Colored Powertips","Minty Spire (QoL Compilation)","Quick Restart","Replay The Spire","StSLib"],"gold_per_floor":[116,129,37,52,63,90,90,90,117,128,143,143,143],"floor_reached":12,"language":"ENG","playtime":859,"items_purged":[],"score":94,"play_id":"93e8bbac-8f10-4491-907c-3da01180bb29","local_time":"20210117210752","is_ascension_mode":true,"campfire_choices":[{"floor":7.0,"key":"RECALL"}],"circlet_count":0,"master_deck":["Strike_B","Strike_B","Strike_B","Strike_B","Defend_B","Defend_B","Defend_B","Defend_B","Zap","Dualcast","Blizzard","Leap","Conserve Battery","Conserve Battery","Streamline","Redo","Pot Of Greed","Pot Of Greed","Storm","Fusion","White Noise"],"relics":["Busted Crown","Grinning Jar","Bronze Scales","Toy Ornithopter"],"acts_visited":["Exordium"],"potions_floor_usage":[10,11,11],"damage_taken":[{"damage":2.0,"enemies":"Jaw Worm","floor":1.0,"turns":2.0},{"damage":4.0,"enemies":"Small Slimes","floor":2.0,"turns":3.0},{"damage":0.0,"enemies":"2 Louse","floor":4.0,"turns":2.0},{"damage":3.0,"enemies":"Blue Slaver","floor":5.0,"turns":3.0},{"damage":36.0,"enemies":"3 Sentries","floor":6.0,"turns":8.0},{"damage":6,"enemies":"Lots of Slimes","floor":10,"turns":3},{"damage":9,"enemies":"Exordium Thugs","floor":11,"turns":5},{"damage":15,"enemies":"Lagavulin","floor":12,"turns":3}],"seed_played":"-8462787344456614103","potions_obtained":[{"floor":1.0,"key":"Dexterity Potion"},{"floor":5.0,"key":"GamblersBrew"},{"floor":10,"key":"PotionOfCapacity"}],"is_trial":false,"path_per_floor":["M","M","$","M","M","E","R","?","T","M","M","E"],"character_chosen":"DEFECT","items_purchased":["Conserve Battery","Streamline"],"campfire_rested":0,"item_purchase_floors":[3,3],"current_hp_per_floor":[73,69,69,69,66,30,30,5,5,4,5,0,0],"gold":143,"neow_bonus":"BOSS_RELIC","is_daily":false,"chose_seed":false,"campfire_upgraded":0,"win_rate":0.0,"timestamp":1610935672,"path_taken":["M","M","$","M","M","E","R","?","T","M","M","E"],"items_purchased_type":["Card","Card"],"build_version":"2020-12-22","purchased_purges":0,"victory":false,"max_hp_per_floor":[75,75,75,75,75,75,75,75,75,75,75,75,75],"card_choices":[{"not_picked":[],"picked":"Blizzard","floor":1.0},{"not_picked":[],"picked":"Leap","floor":2.0},{"not_picked":["Stack"],"picked":"SKIP","floor":4.0},{"not_picked":[],"picked":"Redo","floor":5.0},{"not_picked":[],"picked":"Storm","floor":6.0},{"not_picked":[],"picked":"Fusion","floor":10},{"not_picked":[],"picked":"White Noise","floor":11}],"player_experience":225914,"relics_obtained":[{"floor":6.0,"key":"Grinning Jar"},{"floor":9.0,"key":"Toy Ornithopter"}],"event_choices":[{"damage_healed":0.0,"max_hp_gain":0.0,"max_hp_loss":0.0,"gold_gain":0.0,"event_name":"Scrap Ooze","player_choice":"Success","floor":8.0,"gold_loss":0.0,"damage_taken":25.0,"relics_obtained":["Bronze Scales"]}],"is_beta":false,"boss_relics":[],"items_purged_floors":[],"is_endless":false,"potions_floor_spawned":[1,5,10],"killed_by":"Lagavulin","ascension_level":3}}