{"host":"q1yq0ibtlljsjzm9","time":1610932158,"event":{"mods":["BaseMod","DeckTracker","GifTheSpireLib","Minty Spire (QoL Compilation)","StSLib","The Servant 0.9.4"],"gold_per_floor":[114,114,64,87,105,143,143,143,191,191,206,103,203,221,221,341,341,360,1,1,1,20,55,55,55,102,102,52,52,67,85,85,183,183,203,214,214,67,84,116,116,116,116,116,128,143,162,112,112,112,112],"floor_reached":50,"language":"ENG","playtime":6591,"items_purged":["Strike_G","Shame","Injury"],"score":515,"play_id":"6a46249e-1b45-4018-8643-79501f4835fe","local_time":"20210117170918","is_ascension_mode":false,"campfire_choices":[{"floor":10.0,"key":"REST"},{"floor":15.0,"key":"REST"},{"floor":25.0,"key":"REST"},{"data":"Crippling Poison","floor":29.0,"key":"SMITH"},{"data":"Crippling Poison","floor":32,"key":"SMITH"},{"data":"Corpse Explosion","floor":42,"key":"SMITH"},{"floor":44,"key":"RECALL"},{"floor":49,"key":"REST"}],"circlet_count":0,"master_deck":["Survivor","Neutralize","Crippling Poison+1","Poisoned Stab","Blade Dance","Quick Slash","Bouncing Flask","Sucker Punch","PiercingWail","After Image","Prepared","Finisher","After Image","Prepared","Wraith Form v2","Bane","Bane","Bane","Dagger Spray","Underhanded Strike","Crippling Poison+1","Predator+1","Blade Dance","Accuracy+1","Corpse Explosion+1","Tactician+1","Dash+1"],"relics":["Sozu","Bloody Idol","Smiling Mask","Happy Flower","Pandora\u0027s Box","Lee\u0027s Waffle","Strawberry","Vajra","Paper Crane","Kunai","Ancient Tea Set","Busted Crown","Lantern","Prayer Wheel","Torii"],"acts_visited":["Exordium","TheCity","TheBeyond"],"potions_floor_usage":[],"damage_taken":[{"damage":0.0,"enemies":"2 Louse","floor":1.0,"turns":2.0},{"damage":3.0,"enemies":"Jaw Worm","floor":4.0,"turns":5.0},{"damage":2.0,"enemies":"Small Slimes","floor":5.0,"turns":3.0},{"damage":24.0,"enemies":"Gremlin Nob","floor":6.0,"turns":4.0},{"damage":8.0,"enemies":"Red Slaver","floor":11.0,"turns":2.0},{"damage":6.0,"enemies":"3 Louse","floor":14.0,"turns":2.0},{"damage":39.0,"enemies":"The Guardian","floor":16.0,"turns":11.0},{"damage":23.0,"enemies":"2 Thieves","floor":18.0,"turns":4.0},{"damage":14.0,"enemies":"Spheric Guardian","floor":22.0,"turns":5.0},{"damage":24.0,"enemies":"Book of Stabbing","floor":23.0,"turns":5.0},{"damage":0.0,"enemies":"Snake Plant","floor":30.0,"turns":3.0},{"damage":0,"enemies":"Shelled Parasite and Fungi","floor":31,"turns":5},{"damage":20,"enemies":"Collector","floor":33,"turns":8},{"damage":5,"enemies":"Orb Walker","floor":35,"turns":4},{"damage":1,"enemies":"3 Darklings","floor":36,"turns":2},{"damage":8,"enemies":"Maw","floor":39,"turns":6},{"damage":26,"enemies":"Giant Head","floor":40,"turns":8},{"damage":0,"enemies":"Jaw Worm Horde","floor":45,"turns":1},{"damage":2,"enemies":"4 Shapes","floor":46,"turns":3},{"damage":20,"enemies":"3 Darklings","floor":47,"turns":3},{"damage":88,"enemies":"Time Eater","floor":50,"turns":12}],"seed_played":"-9115436326131960094","potions_obtained":[],"is_trial":false,"path_per_floor":["M","?","$","M","M","E","?","?","T","R","M","$","?","M","R","B",null,"M","$","?","?","M","E","?","R","T","?","$","R","M","M","R","B",null,"M","M","?","$","M","E","T","R","T","R","M","M","M","$","R","B"],"character_chosen":"THE_SILENT","items_purchased":["Poisoned Stab","Sucker Punch","Lee\u0027s Waffle","Strawberry","Crippling Poison","Lantern"],"campfire_rested":4,"item_purchase_floors":[3,12,19,19,19,38],"current_hp_per_floor":[70,70,70,67,65,41,41,41,41,62,54,54,54,48,69,30,70,47,84,84,84,75,56,56,81,84,84,84,84,84,84,84,69,84,84,84,84,84,81,60,60,60,60,60,65,68,53,53,78,0,0],"gold":112,"neow_bonus":"BOSS_RELIC","is_daily":false,"chose_seed":false,"campfire_upgraded":3,"win_rate":0.0,"timestamp":1610932158,"path_taken":["M","?","$","M","M","E","?","?","T","R","?","$","?","?","R","BOSS","M","$","?","?","?","E","?","R","T","?","$","R","?","M","R","BOSS","M","M","?","$","M","E","?","R","T","R","?","M","M","?","R","BOSS"],"items_purchased_type":["Card","Card","Relic","Relic","Card","Relic"],"build_version":"2020-12-22","purchased_purges":3,"victory":false,"max_hp_per_floor":[70,70,70,70,70,70,70,70,70,70,70,70,70,70,70,70,70,70,84,84,84,84,84,84,84,84,84,84,84,84,84,84,84,84,84,84,84,84,84,84,84,84,84,84,84,84,84,84,84,84,84],"card_choices":[{"not_picked":["Dagger Spray","Underhanded Strike"],"picked":"Crippling Poison","floor":1.0},{"not_picked":["Riddle With Holes","Dagger Throw"],"picked":"Blade Dance","floor":4.0},{"not_picked":["Blur","Backflip"],"picked":"Blade Dance","floor":5.0},{"not_picked":["Predator","Venomology"],"picked":"Quick Slash","floor":6.0},{"not_picked":["Acrobatics","Riddle With Holes"],"picked":"Bouncing Flask","floor":11.0},{"not_picked":["Expertise","All Out Attack"],"picked":"PiercingWail","floor":14.0},{"not_picked":["Phantasmal Killer","Glass Knife"],"picked":"After Image","floor":16.0},{"not_picked":["Sucker Punch","Eviscerate"],"picked":"Underhanded Strike","floor":18.0},{"not_picked":["Expertise","Masterful Stab","Dagger Throw+1"],"picked":"SKIP","floor":22.0},{"not_picked":["Flying Knee","Outmaneuver"],"picked":"Predator+1","floor":23.0},{"not_picked":["Eviscerate","Flying Knee","Dodge and Roll"],"picked":"SKIP","floor":30},{"not_picked":["Blur","Sucker Punch"],"picked":"Accuracy+1","floor":31},{"not_picked":["Malaise","Wraith Form v2"],"picked":"Corpse Explosion","floor":33},{"not_picked":["Quick Slash"],"picked":"SKIP","floor":35},{"not_picked":["Choke"],"picked":"SKIP","floor":36},{"not_picked":[],"picked":"Tactician+1","floor":39},{"not_picked":["Flying Knee+1"],"picked":"SKIP","floor":40},{"not_picked":["Endless Agony"],"picked":"SKIP","floor":45},{"not_picked":["Outmaneuver"],"picked":"SKIP","floor":45},{"not_picked":[],"picked":"Dash+1","floor":46},{"not_picked":["Underhanded Strike"],"picked":"SKIP","floor":46},{"not_picked":["Outmaneuver"],"picked":"SKIP","floor":47},{"not_picked":["Dodge and Roll+1"],"picked":"SKIP","floor":47}],"player_experience":98802,"relics_obtained":[{"floor":6.0,"key":"Smiling Mask"},{"floor":9.0,"key":"Happy Flower"},{"floor":23.0,"key":"Paper Crane"},{"floor":26.0,"key":"Ancient Tea Set"},{"floor":40,"key":"Prayer Wheel"},{"floor":43,"key":"Torii"}],"event_choices":[{"damage_healed":0.0,"max_hp_gain":0.0,"max_hp_loss":0.0,"gold_gain":0.0,"event_name":"Golden Idol","player_choice":"Take Wound","floor":2.0,"gold_loss":0.0,"damage_taken":0.0,"relics_obtained":["Golden Idol"],"cards_obtained":["Injury"]},{"damage_healed":0.0,"max_hp_gain":0.0,"max_hp_loss":0.0,"gold_gain":0.0,"event_name":"Liars Game","player_choice":"Ignored","floor":7.0,"gold_loss":0.0,"damage_taken":0.0},{"damage_healed":0.0,"max_hp_gain":0.0,"max_hp_loss":0.0,"gold_gain":0.0,"event_name":"The Woman in Blue","player_choice":"Bought 0 Potions","floor":8.0,"gold_loss":0.0,"damage_taken":0.0},{"damage_healed":0.0,"max_hp_gain":0.0,"max_hp_loss":0.0,"gold_gain":100.0,"event_name":"Wheel of Change","player_choice":"Gold","floor":13.0,"gold_loss":0.0,"damage_taken":0.0},{"damage_healed":0.0,"max_hp_gain":0.0,"max_hp_loss":0.0,"gold_gain":0.0,"event_name":"Forgotten Altar","player_choice":"Gave Idol","floor":20.0,"relics_lost":["Golden Idol"],"gold_loss":0.0,"damage_taken":0.0,"relics_obtained":["Bloody Idol"]},{"damage_healed":0.0,"max_hp_gain":0.0,"max_hp_loss":0.0,"gold_gain":0.0,"event_name":"Addict","player_choice":"Stole Relic","floor":21.0,"gold_loss":0.0,"damage_taken":0.0,"relics_obtained":["Vajra"],"cards_obtained":["Shame"]},{"damage_healed":0.0,"max_hp_gain":0.0,"max_hp_loss":0.0,"gold_gain":0.0,"event_name":"The Mausoleum","player_choice":"Opened","floor":24.0,"gold_loss":0.0,"damage_taken":0.0,"relics_obtained":["Kunai"]},{"damage_healed":0.0,"max_hp_gain":0.0,"max_hp_loss":0.0,"gold_gain":0.0,"event_name":"Duplicator","player_choice":"Copied","floor":27.0,"gold_loss":0.0,"damage_taken":0.0,"cards_obtained":["Blade Dance"]},{"cards_removed":["Blade Dance"],"damage_healed":0,"gold_gain":0,"player_choice":"Removed Skill","damage_taken":0,"max_hp_gain":0,"max_hp_loss":0,"event_name":"Falling","floor":37,"gold_loss":0}],"is_beta":false,"boss_relics":[{"not_picked":["Fusion Hammer","Runic Dome"],"picked":"Pandora\u0027s Box"},{"not_picked":["Tiny House","SacredBark"],"picked":"Busted Crown"}],"items_purged_floors":[12,28,48],"is_endless":false,"potions_floor_spawned":[4,11,14,22,23,31,35,39,47],"killed_by":"Time Eater","ascension_level":0}}