{"host":"w4b7hmige5bnqipq","time":1610983558,"event":{"mods":["2.2 Compatiblity","BaseMod","Colored Map","DeckTracker","Keyboard Shortcuts","Minty Spire (QoL Compilation)","Permanent Neow","Rare Cards Sparkle","SuperFastMode","everything is the same but u backflip on backflip","slay the spire mod where everything is the same but ironclad has a cowboy hat"],"gold_per_floor":[360,377,263,263,163,195,195,222,296,296,115,115,128,159,159,230,230,207,207,207],"floor_reached":19,"language":"KOR","playtime":546,"items_purged":["Strike_G","Strike_G","Strike_G"],"score":416,"play_id":"36d51117-2e3b-4c2a-8845-782ae3e8c7c5","local_time":"20210118232558","is_ascension_mode":true,"campfire_choices":[{"data":"Blade Dance","floor":7,"key":"SMITH"},{"data":"Bouncing Flask","floor":10,"key":"SMITH"},{"floor":12,"key":"REST"},{"data":"Terror","floor":15,"key":"SMITH"}],"circlet_count":0,"master_deck":["AscendersBane","Strike_G","Strike_G","Defend_G","Defend_G","Defend_G","Defend_G","Defend_G","Survivor","Neutralize","Blade Dance+1","Bouncing Flask+1","Accuracy+1","Reflex","Terror+1","Acrobatics","Phantasmal Killer","CurseOfTheBell"],"relics":["Ring of the Snake","Smiling Mask","The Courier","Ninja Scroll","WingedGreaves","Calling Bell","Bag of Preparation","Meat on the Bone","Girya"],"acts_visited":["Exordium","TheCity"],"potions_floor_usage":[16,19],"damage_taken":[{"damage":0.0,"enemies":"2 Louse","floor":1.0,"turns":5.0},{"damage":0.0,"enemies":"Cultist","floor":2.0,"turns":3.0},{"damage":30,"enemies":"Gremlin Nob","floor":6,"turns":4},{"damage":15,"enemies":"3 Sentries","floor":8,"turns":9},{"damage":2,"enemies":"Small Slimes","floor":13,"turns":2},{"damage":0,"enemies":"Gremlin Nob","floor":14,"turns":3},{"damage":21,"enemies":"Hexaghost","floor":16,"turns":7},{"damage":13,"enemies":"2 Thieves","floor":18,"turns":4},{"damage":15,"enemies":"Masked Bandits","floor":19,"turns":3}],"seed_played":"-5629733083599846425","potions_obtained":[{"floor":6,"key":"Fire Potion"},{"floor":8,"key":"Dexterity Potion"}],"is_trial":false,"path_per_floor":["M","M","$","?","$","E","R","E","T","R","$","R","M","E","R","B",null,"M","?"],"character_chosen":"THE_SILENT","items_purchased":["Accuracy","Reflex","Terror"],"campfire_rested":1,"item_purchase_floors":[3,11,11],"current_hp_per_floor":[59,59,59,59,59,29,29,14,14,14,14,32,30,30,30,9,47,34,19,19],"gold":207,"neow_bonus":"TWO_FIFTY_GOLD","is_daily":false,"chose_seed":false,"campfire_upgraded":3,"win_rate":0.0,"timestamp":1610983558,"path_taken":["M","M","$","?","$","E","R","E","T","R","$","R","?","E","R","BOSS","M","?"],"items_purchased_type":["Card","Card","Card"],"build_version":"2020-12-22","purchased_purges":3,"victory":false,"max_hp_per_floor":[60,60,60,60,60,60,60,60,60,60,60,60,60,60,60,60,60,60,60,60],"card_choices":[{"not_picked":["Bane","Slice"],"picked":"Blade Dance","floor":1.0},{"not_picked":["Flying Knee","Dagger Throw"],"picked":"Bouncing Flask","floor":2.0},{"not_picked":["Acrobatics","Catalyst","Poisoned Stab"],"picked":"SKIP","floor":6},{"not_picked":["Acrobatics","Underhanded Strike","Die Die Die"],"picked":"SKIP","floor":8},{"not_picked":["Choke","Setup"],"picked":"Acrobatics","floor":13},{"not_picked":["Deadly Poison","Setup","Caltrops"],"picked":"SKIP","floor":14},{"not_picked":["After Image","Adrenaline"],"picked":"Phantasmal Killer","floor":16},{"not_picked":["PiercingWail","Deflect","Poisoned Stab"],"picked":"SKIP","floor":18}],"player_experience":514279,"relics_obtained":[{"floor":6,"key":"Smiling Mask"},{"floor":8,"key":"The Courier"},{"floor":9,"key":"Ninja Scroll"},{"floor":14,"key":"WingedGreaves"},{"floor":17,"key":"Bag of Preparation"},{"floor":17,"key":"Meat on the Bone"},{"floor":17,"key":"Girya"}],"event_choices":[{"damage_healed":0,"gold_gain":0,"player_choice":"Upgraded","damage_taken":0,"max_hp_gain":0,"max_hp_loss":0,"event_name":"Upgrade Shrine","floor":4,"gold_loss":0,"cards_upgraded":["Accuracy"]},{"damage_healed":0,"gold_gain":0,"player_choice":"Fought Bandits","damage_taken":0,"max_hp_gain":0,"max_hp_loss":0,"event_name":"Masked Bandits","floor":19,"gold_loss":0}],"is_beta":false,"boss_relics":[{"not_picked":["Cursed Key","Ectoplasm"],"picked":"Calling Bell"}],"items_purged_floors":[3,5,11],"is_endless":false,"potions_floor_spawned":[6,8,13],"killed_by":"Masked Bandits","ascension_level":20}}