{"host":"2se5dq1do2gp0x9k","time":1610930847,"event":{"mods":["AchievementEnabler","BaseMod","Block Reminder","Colored Map","Colored Powertips","Minty Spire (QoL Compilation)","Relic Stats","StSLib","SuperFastMode"],"gold_per_floor":[113,30,30,55,78,78,78,98,98,131,131,4,45,69,69,164,164,177,177,227,142,142,142,183,183,207,247,80,99,99,114,114,207,207,222,222,253,276,301,344,356,411,449,461,806,818,314,329,329,329,329],"floor_reached":50,"language":"ENG","playtime":1838,"items_purged":["Strike_B","Strike_B","Streamline"],"score":1163,"play_id":"aecf7e8f-f197-4bb2-baab-6029221d2c5d","local_time":"20210117164727","is_ascension_mode":true,"campfire_choices":[{"data":"Sunder","floor":6.0,"key":"SMITH"},{"data":"Loop","floor":15.0,"key":"SMITH"},{"data":"Electrodynamics","floor":23.0,"key":"SMITH"},{"floor":25.0,"key":"REST"},{"floor":30.0,"key":"REST"},{"floor":32.0,"key":"REST"},{"floor":41,"key":"REST"},{"floor":44,"key":"REST"},{"floor":46,"key":"RECALL"},{"data":"Loop","floor":49,"key":"SMITH"}],"circlet_count":0,"master_deck":["AscendersBane","Zap+1","Dualcast","Ball Lightning","Consume+1","Undo","Sunder+1","Conserve Battery","Aggregate","Conserve Battery","Loop+1","Electrodynamics+1","Defragment","Undo+1","Echo Form","Coolheaded","Self Repair","Undo","Creative AI","Hyperbeam","Core Surge","Creative AI","Doom and Gloom","Creative AI","Recycle+1","Hologram+1","Chaos+1","Cold Snap+1","All For One","Loop+1"],"relics":["Snecko Eye","StoneCalendar","TungstenRod","Dream Catcher","Smiling Mask","Inserter","The Courier","Eternal Feather","Darkstone Periapt","Vajra","Orichalcum","Pandora\u0027s Box","Ginger","MawBank","War Paint","Thread and Needle","Lantern"],"acts_visited":["Exordium","TheCity","TheBeyond"],"potions_floor_usage":[40,40],"damage_taken":[{"damage":4.0,"enemies":"Small Slimes","floor":1.0,"turns":3.0},{"damage":9.0,"enemies":"2 Louse","floor":4.0,"turns":3.0},{"damage":2.0,"enemies":"Jaw Worm","floor":5.0,"turns":4.0},{"damage":0.0,"enemies":"3 Louse","floor":8.0,"turns":5.0},{"damage":0.0,"enemies":"3 Sentries","floor":10.0,"turns":6.0},{"damage":12.0,"enemies":"Lagavulin","floor":13.0,"turns":6.0},{"damage":0.0,"enemies":"Large Slime","floor":14.0,"turns":4.0},{"damage":22.0,"enemies":"The Guardian","floor":16.0,"turns":8.0},{"damage":9.0,"enemies":"2 Thieves","floor":18.0,"turns":4.0},{"damage":38.0,"enemies":"Book of Stabbing","floor":24.0,"turns":5.0},{"damage":21.0,"enemies":"Slavers","floor":27.0,"turns":3.0},{"damage":0.0,"enemies":"Spheric Guardian","floor":29.0,"turns":3.0},{"damage":36.0,"enemies":"Cultist and Chosen","floor":31.0,"turns":6.0},{"damage":13.0,"enemies":"Collector","floor":33.0,"turns":6.0},{"damage":3.0,"enemies":"Orb Walker","floor":35.0,"turns":2.0},{"damage":18,"enemies":"Mind Bloom Boss Battle","floor":37,"turns":4},{"damage":14,"enemies":"3 Shapes","floor":38,"turns":2},{"damage":0,"enemies":"Sphere and 2 Shapes","floor":39,"turns":4},{"damage":35,"enemies":"Reptomancer","floor":40,"turns":4},{"damage":32,"enemies":"Nemesis","floor":42,"turns":9},{"damage":15,"enemies":"Writhing Mass","floor":48,"turns":5},{"damage":67,"enemies":"Awakened One","floor":50,"turns":6}],"seed_played":"-1659766042107687246","potions_obtained":[{"floor":1.0,"key":"Strength Potion"},{"floor":4.0,"key":"Fire Potion"},{"floor":5.0,"key":"DuplicationPotion"},{"floor":27.0,"key":"FocusPotion"},{"floor":29.0,"key":"Energy Potion"},{"floor":42,"key":"Swift Potion"},{"floor":48,"key":"EssenceOfDarkness"}],"is_trial":false,"path_per_floor":["M","$","?","M","M","R","?","M","T","E","?","$","E","M","R","B",null,"M","?","?","?","?","R","E","R","T","E","$","M","R","M","R","B",null,"M","?","?","M","M","E","R","E","T","R","?","R","$","M","R","B"],"character_chosen":"DEFECT","items_purchased":["Consume","Conserve Battery","Echo Form","Coolheaded","Loop","Thread and Needle","Lantern"],"campfire_rested":5,"item_purchase_floors":[2,12,28,28,47,47,47],"current_hp_per_floor":[60,60,60,51,49,49,44,44,44,44,44,44,32,32,32,10,51,42,42,42,42,42,51,13,44,44,23,23,23,54,25,56,50,61,58,58,54,40,40,5,39,21,21,58,58,64,64,49,64,0,0],"gold":329,"neow_bonus":"BOSS_RELIC","is_daily":false,"chose_seed":false,"campfire_upgraded":4,"win_rate":0.0,"timestamp":1610930847,"path_taken":["M","$","?","M","M","R","?","M","T","E","?","$","E","?","R","BOSS","M","?","?","?","?","R","E","R","T","E","$","?","R","M","R","BOSS","M","?","?","M","M","E","R","E","T","R","?","R","?","?","R","BOSS"],"items_purchased_type":["Card","Card","Card","Card","Card","Relic","Relic"],"build_version":"2020-12-22","purchased_purges":3,"victory":false,"max_hp_per_floor":[71,71,64,64,64,64,64,64,64,64,64,64,64,64,64,64,64,64,64,64,64,64,64,64,64,64,64,64,64,64,64,64,64,64,64,64,64,64,64,64,64,64,64,64,64,64,64,64,64,64,64],"relic_stats":{"Darkstone Periapt":0,"Inserter":[31],"counters":[22,102],"StoneCalendar":[104],"Eternal Feather":99,"Ginger":[5],"Orichalcum":[102],"War Paint":["Zap","Undo"],"Smiling Mask":80,"MawBank":84,"Dream Catcher":5,"Snecko Eye":[173,158,154,151],"Pandora\u0027s Box":["Streamline","Hyperbeam","Core Surge","Creative AI","Doom and Gloom","Creative AI"],"obtain_stats":[{"Darkstone Periapt":24,"Lantern":47,"Inserter":17,"Golden Idol":3,"Vajra":26,"StoneCalendar":7,"Eternal Feather":22,"Thread and Needle":47,"The Courier":21,"Ginger":37,"Orichalcum":27,"War Paint":42,"Smiling Mask":13,"MawBank":40,"Dream Catcher":10,"Snecko Eye":0,"Pandora\u0027s Box":34,"Cracked Core":0,"TungstenRod":9},{"Darkstone Periapt":10,"Lantern":20,"Inserter":8,"Golden Idol":1,"Vajra":10,"StoneCalendar":3,"Eternal Feather":9,"Thread and Needle":20,"The Courier":9,"Ginger":16,"Orichalcum":11,"War Paint":20,"Smiling Mask":6,"MawBank":19,"Dream Catcher":5,"Snecko Eye":0,"Pandora\u0027s Box":14,"Cracked Core":0,"TungstenRod":4},{"Darkstone Periapt":48,"Lantern":91,"Inserter":39,"Golden Idol":3,"Vajra":48,"StoneCalendar":10,"Eternal Feather":43,"Thread and Needle":91,"The Courier":43,"Ginger":72,"Orichalcum":51,"War Paint":91,"Smiling Mask":27,"MawBank":82,"Dream Catcher":21,"Snecko Eye":0,"Pandora\u0027s Box":66,"Cracked Core":0,"TungstenRod":15}],"TungstenRod":47},"card_choices":[{"not_picked":["Reinforced Body","Turbo"],"picked":"Ball Lightning","floor":1.0},{"not_picked":["Recycle","Double Energy"],"picked":"Undo","floor":4.0},{"not_picked":["Go for the Eyes","Scrape"],"picked":"Sunder","floor":5.0},{"not_picked":["Cold Snap","Redo"],"picked":"Conserve Battery","floor":8.0},{"not_picked":["Beam Cell","Chaos"],"picked":"Aggregate","floor":10.0},{"not_picked":["Rip and Tear","Go for the Eyes","Storm"],"picked":"SKIP","floor":13.0},{"not_picked":["Compile Driver","Coolheaded"],"picked":"Loop","floor":14.0},{"not_picked":["Seek","Creative AI"],"picked":"Electrodynamics","floor":16.0},{"not_picked":["Compile Driver","Gash","Lockon"],"picked":"SKIP","floor":18.0},{"not_picked":["Conserve Battery","BootSequence+1"],"picked":"Defragment","floor":24.0},{"not_picked":["Storm","FTL"],"picked":"Undo","floor":27.0},{"not_picked":["Barrage","Rebound","Streamline"],"picked":"SKIP","floor":29.0},{"not_picked":["Go for the Eyes","Rebound"],"picked":"Self Repair","floor":30.0},{"not_picked":["Melter","Stack","White Noise"],"picked":"SKIP","floor":31.0},{"not_picked":["Double Energy+1","Aggregate"],"picked":"Undo","floor":32.0},{"not_picked":["Amplify","Buffer"],"picked":"Creative AI","floor":33.0},{"not_picked":["Compile Driver","Scrape"],"picked":"Recycle+1","floor":35.0},{"not_picked":["Sunder","Beam Cell"],"picked":"Hologram+1","floor":37},{"not_picked":["Redo","Compile Driver+1","Gash"],"picked":"SKIP","floor":38},{"not_picked":["Static Discharge","Consume","Beam Cell"],"picked":"SKIP","floor":39},{"not_picked":["Turbo","Steam Power"],"picked":"Chaos+1","floor":40},{"not_picked":["Redo","Reinforced Body"],"picked":"Cold Snap+1","floor":41},{"not_picked":["BootSequence+1","Reinforced Body"],"picked":"All For One","floor":42},{"not_picked":["Self Repair","Genetic Algorithm","Gash"],"picked":"SKIP","floor":48}],"player_experience":3901412,"relics_obtained":[{"floor":9.0,"key":"TungstenRod"},{"floor":10.0,"key":"Dream Catcher"},{"floor":13.0,"key":"Smiling Mask"},{"floor":22.0,"key":"Eternal Feather"},{"floor":24.0,"key":"Darkstone Periapt"},{"floor":26.0,"key":"Vajra"},{"floor":27.0,"key":"Orichalcum"},{"floor":37,"key":"Ginger"},{"floor":40,"key":"MawBank"},{"floor":42,"key":"War Paint"}],"event_choices":[{"damage_healed":0.0,"max_hp_gain":0.0,"max_hp_loss":7.0,"gold_gain":0.0,"event_name":"Golden Idol","player_choice":"Lose Max HP","floor":3.0,"gold_loss":0.0,"damage_taken":0.0,"relics_obtained":["Golden Idol"]},{"damage_healed":0.0,"max_hp_gain":0.0,"max_hp_loss":0.0,"gold_gain":0.0,"event_name":"Scrap Ooze","player_choice":"Success","floor":7.0,"gold_loss":0.0,"damage_taken":5.0,"relics_obtained":["StoneCalendar"]},{"damage_healed":0.0,"max_hp_gain":0.0,"max_hp_loss":0.0,"gold_gain":0.0,"event_name":"Living Wall","player_choice":"Grow","floor":11.0,"gold_loss":0.0,"damage_taken":0.0,"cards_upgraded":["Consume"]},{"damage_healed":0.0,"max_hp_gain":0.0,"max_hp_loss":0.0,"gold_gain":0.0,"event_name":"The Mausoleum","player_choice":"Ignored","floor":19.0,"gold_loss":0.0,"damage_taken":0.0},{"damage_healed":0.0,"max_hp_gain":0.0,"max_hp_loss":0.0,"gold_gain":50.0,"event_name":"Nest","player_choice":"Stole From Cult","floor":20.0,"gold_loss":0.0,"damage_taken":0.0},{"damage_healed":0.0,"max_hp_gain":0.0,"max_hp_loss":0.0,"gold_gain":0.0,"event_name":"Addict","player_choice":"Obtained Relic","floor":21.0,"gold_loss":85.0,"damage_taken":0.0,"relics_obtained":["The Courier"]},{"damage_healed":0.0,"max_hp_gain":0.0,"max_hp_loss":0.0,"gold_gain":0.0,"event_name":"Wheel of Change","player_choice":"Relic","floor":22.0,"gold_loss":0.0,"damage_taken":0.0},{"damage_healed":0,"gold_gain":0,"player_choice":"Ignored","damage_taken":0,"max_hp_gain":0,"max_hp_loss":0,"event_name":"Mysterious Sphere","floor":36,"gold_loss":0},{"damage_healed":0,"gold_gain":0,"player_choice":"Fight","damage_taken":0,"max_hp_gain":0,"max_hp_loss":0,"event_name":"MindBloom","floor":37,"gold_loss":0},{"damage_healed":0,"gold_gain":333,"player_choice":"Gave Idol","damage_taken":0,"max_hp_gain":0,"max_hp_loss":0,"event_name":"The Moai Head","floor":45,"relics_lost":["Golden Idol"],"gold_loss":0}],"is_beta":false,"boss_relics":[{"not_picked":["SlaversCollar","Black Star"],"picked":"Inserter"},{"not_picked":["Philosopher\u0027s Stone","Fusion Hammer"],"picked":"Pandora\u0027s Box"}],"items_purged_floors":[12,28,47],"is_endless":false,"potions_floor_spawned":[1,4,5,8,27,29,33,37,38,42,48],"killed_by":"Awakened One","ascension_level":20}}