{"host":"8a3jzv7qxg3y7b6t","time":1610959133,"event":{"mods":["BaseMod","Better Third Choice","Downfall","Hermit","Minty Spire (QoL Compilation)","Relic Stats","StSLib","The Bug Knight","The Cursed"],"gold_per_floor":[112,126,145,163,163,194,212,212,212,226,260,233,233,233],"floor_reached":13,"language":"ENG","playtime":578,"items_purged":[],"score":107,"play_id":"83e0cb73-151b-475a-838f-a0c38641e3a7","local_time":"20210118003853","is_ascension_mode":true,"campfire_choices":[{"floor":8,"key":"RECALL"}],"circlet_count":0,"master_deck":["Strike_G","Strike_G","Strike_G","Strike_G","Strike_G","Defend_G","Defend_G","Defend_G","Defend_G","Defend_G","Survivor","Neutralize","Blade Dance","Slice","Sucker Punch","Blade Dance","Injury","Quick Slash","Noxious Fumes","Deadly Poison","A Thousand Cuts"],"relics":["SlaversCollar","Golden Idol","Ancient Tea Set","White Beast Statue"],"acts_visited":["Exordium"],"potions_floor_usage":[6,6,7],"damage_taken":[{"damage":2,"enemies":"Cultist","floor":1,"turns":4},{"damage":5,"enemies":"Small Slimes","floor":2,"turns":3},{"damage":1,"enemies":"2 Louse","floor":3,"turns":4},{"damage":19,"enemies":"Large Slime","floor":4,"turns":6},{"damage":16,"enemies":"Lagavulin","floor":6,"turns":4},{"damage":16,"enemies":"3 Louse","floor":7,"turns":4},{"damage":3,"enemies":"Looter","floor":10,"turns":3},{"damage":18,"enemies":"3 Sentries","floor":11,"turns":6},{"damage":18,"enemies":"Gremlin Nob","floor":13,"turns":2}],"seed_played":"455394228619912561","potions_obtained":[{"floor":3,"key":"Poison Potion"},{"floor":4,"key":"SteroidPotion"},{"floor":6,"key":"Regen Potion"}],"is_trial":false,"path_per_floor":["M","M","M","M","?","E","M","R","T","M","E","?","E"],"character_chosen":"THE_SILENT","items_purchased":[],"campfire_rested":0,"item_purchase_floors":[],"current_hp_per_floor":[68,63,62,43,43,27,23,23,23,20,2,2,0,0],"gold":233,"neow_bonus":"BOSS_RELIC","is_daily":false,"chose_seed":false,"campfire_upgraded":0,"win_rate":0.0,"timestamp":1610959133,"path_taken":["M","M","M","M","?","E","M","R","T","M","E","?","E"],"items_purchased_type":[],"build_version":"2020-12-22","purchased_purges":0,"victory":false,"max_hp_per_floor":[70,70,70,70,70,70,70,70,70,70,70,70,70,70],"relic_stats":{"counters":[9,36],"Golden Idol":20,"obtain_stats":[{"SlaversCollar":0,"Golden Idol":5,"Ancient Tea Set":6,"White Beast Statue":11,"Ring of the Snake":0},{"SlaversCollar":0,"Golden Idol":4,"Ancient Tea Set":5,"White Beast Statue":8,"Ring of the Snake":0},{"SlaversCollar":0,"Golden Idol":17,"Ancient Tea Set":21,"White Beast Statue":34,"Ring of the Snake":0}]},"card_choices":[{"not_picked":["Poisoned Stab","Flying Knee"],"picked":"Blade Dance","floor":1},{"not_picked":["Prepared","Backflip"],"picked":"Slice","floor":2},{"not_picked":["Setup","Dodge and Roll"],"picked":"Sucker Punch","floor":3},{"not_picked":["Quick Slash","Setup"],"picked":"Blade Dance","floor":4},{"not_picked":["Calculated Gamble","Dodge and Roll"],"picked":"Quick Slash","floor":6},{"not_picked":["Dodge and Roll","Blur"],"picked":"Noxious Fumes","floor":7},{"not_picked":["Tactician","PiercingWail"],"picked":"Deadly Poison","floor":10},{"not_picked":["Underhanded Strike","Crippling Poison"],"picked":"A Thousand Cuts","floor":11}],"player_experience":609407,"relics_obtained":[{"floor":6,"key":"Ancient Tea Set"},{"floor":11,"key":"White Beast Statue"}],"event_choices":[{"damage_healed":0,"gold_gain":0,"player_choice":"Take Wound","damage_taken":0,"relics_obtained":["Golden Idol"],"max_hp_gain":0,"max_hp_loss":0,"event_name":"Golden Idol","floor":5,"gold_loss":0,"cards_obtained":["Injury"]},{"damage_healed":0,"gold_gain":0,"player_choice":"Left","damage_taken":0,"max_hp_gain":0,"max_hp_loss":0,"event_name":"betterThird:BetterGoop","floor":12,"gold_loss":27}],"is_beta":false,"boss_relics":[],"items_purged_floors":[],"is_endless":false,"potions_floor_spawned":[3,4,6],"killed_by":"Gremlin Nob","ascension_level":2}}