{"host":"y1oqg7uy0jc6f5mb","time":1610990692,"event":{"mods":["BaseMod","Better Altar","Better Match","Better Note","Better Sensory Stone","Better Skull","Better Third Choice","BetterRewards","Block Reminder","Colored Map","Colored Powertips","Custom Start","DeckTracker","Highlight Path","Minty Spire (QoL Compilation)","Permanent Neow","Quick Restart","Relic Sorter","Relic Stats","Shop Mod","StSLib"],"gold_per_floor":[116,116,133,151,151,184,213,241,253,265,295,307,344,373,385,492,504,535,533,559,40,40,40,40,50,76,111,42,70,18,35,35,35,35],"floor_reached":33,"language":"ENG","playtime":2068,"items_purged":["Perfected Strike"],"score":404,"play_id":"d263b58d-8a33-4bcf-beb5-5426f2ee2cb4","local_time":"20210119012452","is_ascension_mode":true,"campfire_choices":[{"floor":12.0,"key":"REST"},{"data":"Fire Breathing","floor":15.0,"key":"SMITH"},{"data":"Body Slam","floor":23.0,"key":"SMITH"},{"floor":32,"key":"REST"}],"circlet_count":0,"master_deck":["Strike_R","Strike_R","Strike_R","Strike_R","Defend_R","Defend_R","Defend_R","Defend_R","Bash","Armaments+1","Body Slam+1","Fire Breathing+1","Perfected Strike","Reckless Charge","Shrug It Off","Seeing Red","Evolve","Impervious","Feel No Pain","Uppercut+1","Disarm","Panache","Body Slam+1","Exhume","Reckless Charge","Shockwave","True Grit"],"relics":["Burning Blood","NeowsBlessing","MawBank","Mummified Hand","Bottled Tornado","Runic Dome","MealTicket","Bag of Preparation","Omamori","Pantograph","Regal Pillow"],"acts_visited":["Exordium","TheCity"],"potions_floor_usage":[29,31,33],"damage_taken":[{"damage":0.0,"enemies":"Jaw Worm","floor":1.0,"turns":1.0},{"damage":0.0,"enemies":"Cultist","floor":3.0,"turns":1.0},{"damage":0.0,"enemies":"Small Slimes","floor":4.0,"turns":1.0},{"damage":48.0,"enemies":"Gremlin Nob","floor":6.0,"turns":5.0},{"damage":7.0,"enemies":"Looter","floor":7.0,"turns":3.0},{"damage":8.0,"enemies":"Red Slaver","floor":8.0,"turns":4.0},{"damage":8.0,"enemies":"Large Slime","floor":11.0,"turns":5.0},{"damage":5.0,"enemies":"3 Sentries","floor":13.0,"turns":6.0},{"damage":9.0,"enemies":"Exordium Thugs","floor":14.0,"turns":3.0},{"damage":5.0,"enemies":"The Guardian","floor":16.0,"turns":11.0},{"damage":13.0,"enemies":"Spheric Guardian","floor":18.0,"turns":4.0},{"damage":13.0,"enemies":"2 Thieves","floor":19.0,"turns":4.0},{"damage":0.0,"enemies":"Centurion and Healer","floor":20.0,"turns":4.0},{"damage":14.0,"enemies":"Snecko","floor":25.0,"turns":4.0},{"damage":19.0,"enemies":"Gremlin Leader","floor":27.0,"turns":7.0},{"damage":53,"enemies":"Slavers","floor":29,"turns":6},{"damage":0,"enemies":"3 Cultists","floor":31,"turns":3},{"damage":92,"enemies":"Automaton","floor":33,"turns":8}],"seed_played":"3157457212539619990","potions_obtained":[{"floor":6.0,"key":"EntropicBrew"},{"floor":7.0,"key":"LiquidBronze"},{"floor":13.0,"key":"Swift Potion"},{"floor":16.0,"key":"ColorlessPotion"},{"floor":19.0,"key":"FearPotion"},{"floor":27.0,"key":"SneckoOil"},{"floor":29,"key":"Ancient Potion"}],"is_trial":false,"path_per_floor":["M","?","M","M","?","E","M","M","T","?","M","R","E","M","R","B",null,"M","M","M","$","?","R","?","M","T","E","$","E","$","M","R","B"],"character_chosen":"IRONCLAD","items_purchased":["MealTicket","Bag of Preparation","Panache","Reckless Charge","BloodPotion"],"campfire_rested":2,"item_purchase_floors":[21,21,21,28,30],"current_hp_per_floor":[78,80,80,80,73,31,30,28,28,28,26,50,51,48,48,49,72,65,58,64,64,64,64,64,56,56,43,58,11,26,48,80,0,0],"gold":35,"neow_bonus":"THREE_ENEMY_KILL","is_daily":false,"chose_seed":false,"campfire_upgraded":2,"win_rate":0.0,"timestamp":1610990692,"path_taken":["M","?","?","M","?","E","M","M","T","?","M","R","E","M","R","BOSS","M","M","M","$","?","R","?","?","T","E","$","E","$","M","R","BOSS"],"items_purchased_type":["Relic","Relic","Card","Card","Potion"],"build_version":"2020-12-22","purchased_purges":1,"victory":false,"max_hp_per_floor":[80,80,80,80,80,80,80,80,80,80,80,80,80,80,80,80,80,80,80,80,80,80,80,80,80,80,80,80,80,80,80,80,80,80],"relic_stats":{"Regal Pillow":8,"counters":[18,80],"Mummified Hand":[35],"Pantograph":0,"MealTicket":30,"Bag of Preparation":[10],"MawBank":180,"obtain_stats":[{"Runic Dome":17,"Regal Pillow":29,"NeowsBlessing":0,"Mummified Hand":9,"Pantograph":27,"MealTicket":21,"Bag of Preparation":21,"Omamori":26,"Bottled Tornado":13,"MawBank":6,"Burning Blood":0},{"Runic Dome":10,"Regal Pillow":16,"NeowsBlessing":0,"Mummified Hand":6,"Pantograph":15,"MealTicket":13,"Bag of Preparation":13,"Omamori":14,"Bottled Tornado":8,"MawBank":4,"Burning Blood":0},{"Runic Dome":40,"Regal Pillow":69,"NeowsBlessing":0,"Mummified Hand":15,"Pantograph":63,"MealTicket":52,"Bag of Preparation":52,"Omamori":56,"Bottled Tornado":26,"MawBank":8,"Burning Blood":0}],"Burning Blood":90},"card_choices":[{"not_picked":["Clash","Thunderclap"],"picked":"Perfected Strike","floor":1.0},{"not_picked":["Headbutt","Flex"],"picked":"Armaments","floor":3.0},{"not_picked":["Metallicize","Iron Wave"],"picked":"Body Slam","floor":4.0},{"not_picked":["Intimidate","Hemokinesis"],"picked":"Fire Breathing","floor":6.0},{"not_picked":["Wild Strike","Ghostly Armor"],"picked":"Perfected Strike","floor":7.0},{"not_picked":["Body Slam","Second Wind"],"picked":"Reckless Charge","floor":8.0},{"not_picked":["Warcry","Heavy Blade"],"picked":"Shrug It Off","floor":11.0},{"not_picked":["Wild Strike","Sentinel"],"picked":"Seeing Red","floor":13.0},{"not_picked":["Iron Wave","Searing Blow"],"picked":"Evolve","floor":14.0},{"not_picked":["Limit Break","Corruption"],"picked":"Impervious","floor":16.0},{"not_picked":["Warcry","Infernal Blade"],"picked":"Feel No Pain","floor":18.0},{"not_picked":["Wild Strike","Combust+1"],"picked":"Uppercut+1","floor":19.0},{"not_picked":["Twin Strike+1","Cleave"],"picked":"Disarm","floor":20.0},{"not_picked":["Heavy Blade","Flex","Havoc"],"picked":"SKIP","floor":25.0},{"not_picked":["Heavy Blade","Reckless Charge+1"],"picked":"Exhume","floor":27.0},{"not_picked":["Sever Soul","Clothesline"],"picked":"Shockwave","floor":29},{"not_picked":["Cleave+1","Sever Soul"],"picked":"True Grit","floor":31}],"player_experience":50911,"relics_obtained":[{"floor":6.0,"key":"MawBank"},{"floor":9.0,"key":"Mummified Hand"},{"floor":13.0,"key":"Bottled Tornado"},{"floor":26.0,"key":"Omamori"},{"floor":27.0,"key":"Pantograph"},{"floor":29,"key":"Regal Pillow"}],"event_choices":[{"damage_healed":2.0,"max_hp_gain":0.0,"max_hp_loss":0.0,"gold_gain":0.0,"event_name":"Wheel of Change","player_choice":"Full Heal","floor":2.0,"gold_loss":0.0,"damage_taken":0.0},{"cards_removed":["Strike_R"],"damage_healed":0.0,"max_hp_gain":0.0,"max_hp_loss":0.0,"gold_gain":0.0,"event_name":"Golden Wing","player_choice":"Card Removal","floor":5.0,"gold_loss":0.0,"damage_taken":7.0},{"damage_healed":0.0,"max_hp_gain":0.0,"max_hp_loss":0.0,"gold_gain":0.0,"event_name":"Living Wall","player_choice":"Grow","floor":10.0,"gold_loss":0.0,"damage_taken":0.0,"cards_upgraded":["Armaments"]},{"damage_healed":0.0,"max_hp_gain":0.0,"max_hp_loss":0.0,"gold_gain":0.0,"event_name":"Duplicator","player_choice":"Copied","floor":24.0,"gold_loss":0.0,"damage_taken":0.0,"cards_obtained":["Body Slam"]}],"is_beta":false,"boss_relics":[{"not_picked":["Velvet Choker","Empty Cage"],"picked":"Runic Dome"}],"items_purged_floors":[21],"is_endless":false,"potions_floor_spawned":[6,7,11,13,16,19,27,29],"killed_by":"Automaton","ascension_level":7}}