{"host":"g5ztulhog0otympt","time":1610960925,"event":{"mods":["AchievementEnabler","BaseMod","Downfall","Hermit","Minty Spire (QoL Compilation)","StSLib","The Cursed"],"gold_per_floor":[110,110,110,110,110,110,138,138,138,138,150,166,166,139,139,236,236,236,236,254,254,270,270,15,15,15,15,27,27,46,74,74,176,176,186,240,164,175,175,175,175,187,187,187,187,187,37,37,37,37],"floor_reached":51,"language":"ENG","playtime":2039,"items_purged":[],"score":759,"play_id":"28a3d0d5-b4ec-4a80-8760-94c6b4c4171a","local_time":"20210118110845","is_ascension_mode":false,"campfire_choices":[{"floor":6,"key":"REST"},{"floor":8,"key":"REST"},{"floor":10,"key":"REST"},{"data":"Cloak And Dagger","floor":15,"key":"SMITH"},{"data":"Dramatic Entrance","floor":23,"key":"SMITH"},{"floor":25,"key":"REST"},{"data":"Distraction","floor":27,"key":"SMITH"},{"floor":32,"key":"REST"},{"floor":40,"key":"REST"},{"floor":44,"key":"REST"},{"floor":46,"key":"REST"},{"floor":49,"key":"REST"}],"circlet_count":0,"master_deck":["Defend_G+1","Defend_G+1","Defend_G+1","Defend_G+1","Defend_G+1","Survivor+1","Neutralize+1","Dramatic Entrance+1","Quick Slash+1","Accuracy+1","Cloak And Dagger+1","A Thousand Cuts+1","Caltrops+1","Slimebound:Tackle+1","Slimebound:Tackle+1","Slimebound:Tackle+1","Distraction+1","Footwork+1","Deflect+1","Prepared+1","Venomology+1"],"relics":["Ring of the Snake","Frozen Egg 2","PreservedInsect","Ornamental Fan","Philosopher\u0027s Stone","Toxic Egg 2","Potion Belt","Shuriken","Busted Crown","Torii","Boot","Mark of the Bloom","Cauldron"],"acts_visited":["Exordium","TheCity","TheBeyond"],"potions_floor_usage":[18,22,31,33,35,35,36,38,41,42,50,50,50,50,50],"damage_taken":[{"damage":3,"enemies":"Jaw Worm","floor":1,"turns":4},{"damage":36,"enemies":"3 Sentries","floor":7,"turns":12},{"damage":0,"enemies":"Small Slimes","floor":11,"turns":2},{"damage":0,"enemies":"2 Louse","floor":12,"turns":2},{"damage":63,"enemies":"The Guardian","floor":16,"turns":17},{"damage":0,"enemies":"2 Thieves","floor":18,"turns":1},{"damage":1,"enemies":"Shell Parasite","floor":20,"turns":6},{"damage":13,"enemies":"Shelled Parasite and Fungi","floor":22,"turns":4},{"damage":11,"enemies":"Snake Plant","floor":28,"turns":3},{"damage":9,"enemies":"3 Cultists","floor":30,"turns":4},{"damage":7,"enemies":"Gremlin Leader","floor":31,"turns":4},{"damage":34,"enemies":"Automaton","floor":33,"turns":9},{"damage":1,"enemies":"3 Darklings","floor":35,"turns":3},{"damage":52,"enemies":"2 Orb Walkers","floor":36,"turns":5},{"damage":5,"enemies":"Orb Walker","floor":38,"turns":4},{"damage":0,"enemies":"Spire Growth","floor":41,"turns":1},{"damage":3,"enemies":"Maw","floor":42,"turns":6},{"damage":38,"enemies":"Donu and Deca","floor":50,"turns":10}],"seed_played":"7442164744789208735","potions_obtained":[{"floor":7,"key":"SmokeBomb"},{"floor":16,"key":"Regen Potion"},{"floor":20,"key":"Energy Potion"},{"floor":22,"key":"EssenceOfSteel"},{"floor":33,"key":"Explosive Potion"},{"floor":35,"key":"SmokeBomb"},{"floor":47,"key":"DistilledChaos"},{"floor":47,"key":"PowerPotion"},{"floor":47,"key":"GhostInAJar"},{"floor":47,"key":"DuplicationPotion"}],"is_trial":false,"path_per_floor":["M","?","?","?","?","R","E","R","T","R","M","M","?","$","R","B",null,"M","$","M","?","M","R","$","R","T","R","M","?","M","E","R","B",null,"M","?","$","M","$","R","M","M","T","R","?","R","$","?","R","B",null],"character_chosen":"THE_SILENT","items_purchased":["Cloak And Dagger","Toxic Egg 2","Regen Potion","Cauldron"],"campfire_rested":9,"item_purchase_floors":[14,24,37,47],"current_hp_per_floor":[67,67,49,49,35,56,20,41,41,62,62,62,67,67,67,4,75,75,75,74,74,61,61,61,75,75,75,64,64,55,60,75,41,75,74,22,22,31,31,53,53,50,50,72,72,72,72,72,72,34],"gold":37,"neow_bonus":"RANDOM_COLORLESS","is_daily":false,"chose_seed":false,"campfire_upgraded":3,"win_rate":0.0,"timestamp":1610960925,"path_taken":["M","?","?","?","?","R","E","R","T","R","M","M","?","?","R","BOSS","M","$","M","?","M","R","$","R","T","R","M","?","M","E","R","BOSS","M","?","$","M","$","R","M","M","T","R","?","R","$","?","R","BOSS"],"items_purchased_type":["Card","Relic","Potion","Relic"],"build_version":"2020-12-22","purchased_purges":0,"victory":true,"max_hp_per_floor":[70,70,70,70,70,70,70,70,70,70,70,70,75,75,75,75,75,75,75,75,75,75,75,75,75,75,75,75,75,75,75,75,75,75,75,75,75,75,75,75,75,75,75,75,75,75,75,75,75,75],"card_choices":[{"not_picked":["Panacea","Good Instincts"],"picked":"Dramatic Entrance","floor":0},{"not_picked":["Quick Slash","Flying Knee","Outmaneuver"],"picked":"SKIP","floor":1},{"not_picked":["Flying Knee","Predator"],"picked":"Quick Slash","floor":7},{"not_picked":["Skewer","Bouncing Flask"],"picked":"Accuracy+1","floor":11},{"not_picked":["Choke","Acrobatics","Well Laid Plans+1"],"picked":"SKIP","floor":12},{"not_picked":["Envenom+1","Glass Knife"],"picked":"A Thousand Cuts+1","floor":16},{"not_picked":["Outmaneuver+1","Flechettes"],"picked":"Caltrops+1","floor":20},{"not_picked":["PiercingWail","Predator"],"picked":"Distraction","floor":22},{"not_picked":["Flechettes","Bane+1"],"picked":"Footwork+1","floor":28},{"not_picked":["Slice","PiercingWail+1"],"picked":"Deflect+1","floor":30},{"not_picked":["Bouncing Flask+1","Quick Slash"],"picked":"Prepared+1","floor":31},{"not_picked":["Corpse Explosion+1","Die Die Die"],"picked":"Venomology+1","floor":33},{"not_picked":["Prepared+1"],"picked":"SKIP","floor":35},{"not_picked":[],"picked":"Deadly Poison+1","floor":36},{"not_picked":["Endless Agony"],"picked":"SKIP","floor":38},{"not_picked":["Deadly Poison+1"],"picked":"SKIP","floor":42}],"player_experience":87895,"relics_obtained":[{"floor":7,"key":"PreservedInsect"},{"floor":9,"key":"Ornamental Fan"},{"floor":26,"key":"Potion Belt"},{"floor":31,"key":"Shuriken"},{"floor":36,"key":"Torii"},{"floor":43,"key":"Boot"}],"event_choices":[{"damage_healed":0,"gold_gain":0,"player_choice":"Leave","damage_taken":0,"max_hp_gain":0,"max_hp_loss":0,"event_name":"The Cleric","floor":2,"gold_loss":0},{"damage_healed":0,"gold_gain":0,"player_choice":"Success","damage_taken":18,"relics_obtained":["Frozen Egg 2"],"max_hp_gain":0,"max_hp_loss":0,"event_name":"Scrap Ooze","floor":3,"gold_loss":0},{"damage_healed":0,"gold_gain":0,"player_choice":"Ignored","damage_taken":0,"max_hp_gain":0,"max_hp_loss":0,"event_name":"Golden Wing","floor":4,"gold_loss":0},{"damage_healed":0,"gold_gain":0,"player_choice":"Entered Light","damage_taken":14,"max_hp_gain":0,"max_hp_loss":0,"event_name":"Shining Light","floor":5,"gold_loss":0,"cards_upgraded":["Defend_G","Defend_G"]},{"damage_healed":0,"gold_gain":0,"player_choice":"Donut","damage_taken":0,"max_hp_gain":5,"max_hp_loss":0,"event_name":"Big Fish","floor":13,"gold_loss":0},{"damage_healed":0,"gold_gain":0,"player_choice":"Fight","damage_taken":0,"max_hp_gain":0,"max_hp_loss":0,"event_name":"Mysterious Sphere","floor":36,"gold_loss":0},{"damage_healed":0,"gold_gain":0,"player_choice":"Upgrade","damage_taken":0,"relics_obtained":["Mark of the Bloom"],"max_hp_gain":0,"max_hp_loss":0,"event_name":"MindBloom","floor":45,"gold_loss":0,"cards_upgraded":["Defend_G","Defend_G","Defend_G","Survivor","Neutralize","Quick Slash"]},{"cards_removed":["Deadly Poison"],"damage_healed":0,"gold_gain":0,"player_choice":"Removed Skill","damage_taken":0,"max_hp_gain":0,"max_hp_loss":0,"event_name":"Falling","floor":48,"gold_loss":0}],"is_beta":false,"boss_relics":[{"not_picked":["Sozu","HoveringKite"],"picked":"Philosopher\u0027s Stone"},{"not_picked":["Ring of the Serpent","Empty Cage"],"picked":"Busted Crown"}],"items_purged_floors":[],"is_endless":false,"potions_floor_spawned":[7,16,20,22,33,35,41],"ascension_level":0}}