{"host":"mrvy4s3ibfhe5e8o","time":1610957358,"event":{"mods":["AchievementEnabler","BaseMod","Colored Map","Downfall","Googly Eyes","Hermit","Highlight Path","Marisa????????","Minty Spire (QoL Compilation)","Shop Mod","StSLib","The Cursed","The Runesmith","The Servant 0.9.4"],"gold_per_floor":[113,113,126,126,144,144,154,154,154,124,124,142,142,67,67,67,67],"floor_reached":16,"language":"ENG","playtime":821,"items_purged":["Defend_S"],"score":90,"play_id":"16ab1f9f-9020-4586-88f6-40f07c56e4c2","local_time":"20210118030918","is_ascension_mode":false,"campfire_choices":[{"floor":6,"key":"REST"},{"data":"Contraction","floor":8,"key":"SMITH"},{"data":"Defy","floor":13,"key":"SMITH"},{"floor":15,"key":"REST"}],"circlet_count":0,"master_deck":["Strike_S","Strike_S","Strike_S","Defend_S","Defend_S","Defend_S","KidneyShot","Exchange","PendulumOfEternity","Contraction+1","FanOfKnives","FastForward","Rewind","Defy+1","ShatteredReality"],"relics":["Uniform","TungstenRod"],"acts_visited":["Exordium"],"potions_floor_usage":[16,16],"damage_taken":[{"damage":10,"enemies":"Jaw Worm","floor":1,"turns":6},{"damage":25,"enemies":"Cultist","floor":3,"turns":8},{"damage":0,"enemies":"2 Louse","floor":5,"turns":8},{"damage":9,"enemies":"Blue Slaver","floor":7,"turns":9},{"damage":0,"enemies":"Looter","floor":10,"turns":4},{"damage":6,"enemies":"3 Louse","floor":12,"turns":3},{"damage":71,"enemies":"Hexaghost","floor":16,"turns":22}],"seed_played":"2747409196013649969","potions_obtained":[{"floor":1,"key":"SpeedPotion"},{"floor":12,"key":"FearPotion"}],"is_trial":false,"path_per_floor":["M","?","M","?","M","R","M","R","T","M","?","M","R","$","R","B"],"character_chosen":"THE_SERVANT","items_purchased":[],"campfire_rested":2,"item_purchase_floors":[],"current_hp_per_floor":[55,55,30,30,30,49,40,40,40,40,61,55,55,55,65,0,0],"gold":67,"neow_bonus":"ONE_RANDOM_RARE_CARD","is_daily":false,"chose_seed":false,"campfire_upgraded":2,"win_rate":0.0,"timestamp":1610957358,"path_taken":["M","?","M","?","?","R","M","R","T","M","?","M","R","$","R","BOSS"],"items_purchased_type":[],"build_version":"2020-12-22","purchased_purges":1,"victory":false,"max_hp_per_floor":[65,65,65,65,65,65,65,65,65,65,65,65,65,65,65,65,65],"card_choices":[{"not_picked":["BottledTime","Alleviate"],"picked":"Contraction","floor":1},{"not_picked":["Shuttle","Alleviate"],"picked":"FanOfKnives","floor":3},{"not_picked":["TimeWarp","Potential"],"picked":"FastForward","floor":5},{"not_picked":["WasteNot","Revamp"],"picked":"Rewind","floor":7},{"not_picked":["Misdirection","Revamp"],"picked":"Defy","floor":10},{"not_picked":["Hightail","Revamp"],"picked":"ShatteredReality","floor":12}],"player_experience":218763,"relics_obtained":[{"floor":9,"key":"TungstenRod"}],"event_choices":[{"damage_healed":0,"gold_gain":0,"player_choice":"Ignored","damage_taken":0,"max_hp_gain":0,"max_hp_loss":0,"event_name":"Liars Game","floor":2,"gold_loss":0},{"cards_removed":["Strike_S"],"damage_healed":0,"gold_gain":0,"player_choice":"Purged","damage_taken":0,"max_hp_gain":0,"max_hp_loss":0,"event_name":"Purifier","floor":4,"gold_loss":0},{"damage_healed":21,"gold_gain":0,"player_choice":"Banana","damage_taken":0,"max_hp_gain":0,"max_hp_loss":0,"event_name":"Big Fish","floor":11,"gold_loss":0}],"is_beta":false,"boss_relics":[],"items_purged_floors":[14],"is_endless":false,"potions_floor_spawned":[1,12],"killed_by":"Hexaghost","ascension_level":0}}