{"host":"Kdaddybrian","time":1610930124,"event":{"mods":["AchievementEnabler","BaseMod","Bestiary","Colored Powertips","Minty Spire (QoL Compilation)","Potion Indicator Mod","Quick Restart","Rare Cards Sparkle","Relic Stats","StSLib","Uncapped"],"gold_per_floor":[360,23,39,39,59,59,74,103,403,403,23,23,52,52,52,157,157,174,99,111,33,44,44,73,73,73,73,106,106,121,136,136,233,233,244,254,254,270,284,284,284,284],"floor_reached":41,"language":"ENG","playtime":2124,"items_purged":["Strike_G"],"score":724,"play_id":"d44289e0-07d0-4706-9949-a6aca0c7b48f","local_time":"20210117193524","is_ascension_mode":true,"campfire_choices":[{"data":"Neutralize","floor":6,"key":"SMITH"},{"data":"Dagger Spray","floor":10,"key":"SMITH"},{"data":"Noxious Fumes","floor":12,"key":"SMITH"},{"data":"Deadly Poison","floor":15,"key":"SMITH"},{"data":"Envenom","floor":23,"key":"SMITH"},{"floor":25,"key":"REST"},{"floor":27,"key":"REST"},{"floor":32,"key":"REST"},{"floor":40,"key":"REST"}],"circlet_count":0,"master_deck":["AscendersBane","Survivor+1","Neutralize+1","Deadly Poison+1","Blade Dance+1","Dagger Spray+1","Blade Dance+1","PiercingWail+1","Noxious Fumes+1","PiercingWail+1","Cloak And Dagger+1","Envenom+1","Flying Knee","Crippling Poison+1","Footwork","Catalyst+1","Deflect+1","Deflect+1","Pain","Crippling Poison+1","Concentrate+1","Venomology+1","Underhanded Strike","Grand Finale","Acrobatics+1","Riddle With Holes","Poisoned Stab","Unload","Well Laid Plans+1","Poisoned Stab","Blade Dance+1","Backflip+1"],"relics":["Ring of the Serpent","Toxic Egg 2","Bottled Flame","Old Coin","ClockworkSouvenir","Mango","War Paint","Frozen Egg 2","WarpedTongs","Pandora\u0027s Box"],"acts_visited":["Exordium","TheCity","TheBeyond"],"potions_floor_usage":[8,16,22,24,33,35,38,38,41],"damage_taken":[{"damage":4,"enemies":"Small Slimes","floor":1,"turns":4},{"damage":0,"enemies":"2 Louse","floor":3,"turns":3},{"damage":2,"enemies":"Jaw Worm","floor":5,"turns":3},{"damage":7,"enemies":"Gremlin Gang","floor":7,"turns":5},{"damage":4,"enemies":"Lagavulin","floor":8,"turns":5},{"damage":17,"enemies":"3 Sentries","floor":13,"turns":6},{"damage":22,"enemies":"Slime Boss","floor":16,"turns":9},{"damage":19,"enemies":"2 Thieves","floor":18,"turns":4},{"damage":0,"enemies":"3 Byrds","floor":20,"turns":5},{"damage":6,"enemies":"Snake Plant","floor":22,"turns":5},{"damage":29,"enemies":"Slavers","floor":24,"turns":5},{"damage":13,"enemies":"Gremlin Leader","floor":28,"turns":5},{"damage":0,"enemies":"Snecko","floor":30,"turns":4},{"damage":7,"enemies":"Shelled Parasite and Fungi","floor":31,"turns":6},{"damage":35,"enemies":"Collector","floor":33,"turns":9},{"damage":15,"enemies":"Orb Walker","floor":35,"turns":3},{"damage":5,"enemies":"3 Shapes","floor":36,"turns":4},{"damage":13,"enemies":"Spire Growth","floor":38,"turns":6},{"damage":3,"enemies":"3 Darklings","floor":39,"turns":5},{"damage":86,"enemies":"Giant Head","floor":41,"turns":7}],"seed_played":"-1416785208798940613","potions_obtained":[{"floor":1,"key":"SteroidPotion"},{"floor":8,"key":"AttackPotion"},{"floor":16,"key":"EssenceOfSteel"},{"floor":18,"key":"LiquidMemories"},{"floor":30,"key":"SteroidPotion"},{"floor":31,"key":"LiquidMemories"},{"floor":35,"key":"Energy Potion"}],"is_trial":false,"path_per_floor":["M","$","M","?","M","R","M","E","T","R","$","R","E","?","R","B",null,"M","?","M","$","M","R","E","R","T","R","E","?","M","M","R","B",null,"M","M","?","M","M","R","E"],"character_chosen":"THE_SILENT","items_purchased":["Toxic Egg 2","GhostInAJar","ClockworkSouvenir","DuplicationPotion","Noxious Fumes","PiercingWail+1","Footwork"],"campfire_rested":4,"item_purchase_floors":[2,2,11,11,11,11,21],"current_hp_per_floor":[59,59,59,46,44,44,37,33,33,33,33,33,30,55,55,33,66,47,47,47,47,41,41,12,35,35,58,45,45,45,38,61,26,64,49,44,44,40,37,60,0,0],"gold":284,"neow_bonus":"TWO_FIFTY_GOLD","is_daily":false,"chose_seed":false,"campfire_upgraded":5,"win_rate":0.0,"timestamp":1610930124,"path_taken":["M","$","M","?","M","R","M","E","T","R","$","R","E","?","R","BOSS","M","?","M","$","M","R","E","R","T","R","E","?","?","M","R","BOSS","M","M","?","M","M","R","E"],"items_purchased_type":["Relic","Potion","Relic","Potion","Card","Card","Card"],"build_version":"2020-12-18","purchased_purges":1,"victory":false,"max_hp_per_floor":[63,63,63,63,63,63,63,63,63,63,63,63,77,77,77,77,77,77,77,77,77,77,77,77,77,77,77,77,77,77,77,77,77,77,77,77,77,77,77,77,77,77],"relic_stats":{"counters":[20,103],"Pandora\u0027s Box":["Underhanded Strike","Grand Finale","Acrobatics","Riddle With Holes","Poisoned Stab","Unload","Well Laid Plans","Poisoned Stab"],"War Paint":["Survivor","Defend_G"],"obtain_stats":[{"Bottled Flame":8,"Mango":13,"Pandora\u0027s Box":34,"Toxic Egg 2":2,"War Paint":24,"Frozen Egg 2":28,"Ring of the Serpent":17,"Ring of the Snake":0,"Old Coin":9,"ClockworkSouvenir":11,"WarpedTongs":29},{"Bottled Flame":5,"Mango":6,"Pandora\u0027s Box":15,"Toxic Egg 2":1,"War Paint":11,"Frozen Egg 2":12,"Ring of the Serpent":7,"Ring of the Snake":0,"Old Coin":5,"ClockworkSouvenir":5,"WarpedTongs":12},{"Bottled Flame":20,"Mango":26,"Pandora\u0027s Box":78,"Toxic Egg 2":4,"War Paint":54,"Frozen Egg 2":59,"Ring of the Serpent":35,"Ring of the Snake":0,"Old Coin":20,"ClockworkSouvenir":20,"WarpedTongs":59}],"WarpedTongs":[34]},"card_choices":[{"not_picked":["Acrobatics","Quick Slash"],"picked":"Deadly Poison","floor":1},{"not_picked":["Prepared+1","PiercingWail+1"],"picked":"Blade Dance+1","floor":3},{"not_picked":["Escape Plan+1","Deflect+1"],"picked":"Dagger Spray","floor":5},{"not_picked":["Cloak And Dagger+1","Dagger Throw"],"picked":"Blade Dance+1","floor":7},{"not_picked":["Acrobatics+1","Outmaneuver+1"],"picked":"PiercingWail+1","floor":8},{"not_picked":["Blade Dance+1","Choke"],"picked":"Cloak And Dagger+1","floor":13},{"not_picked":["Storm of Steel+1","Night Terror+1"],"picked":"Envenom","floor":16},{"not_picked":["Sucker Punch+1","Infinite Blades"],"picked":"Flying Knee","floor":18},{"not_picked":["Flying Knee","Deadly Poison+1"],"picked":"Crippling Poison+1","floor":20},{"not_picked":["PiercingWail+1","Predator+1"],"picked":"Catalyst+1","floor":22},{"not_picked":["Dodge and Roll+1","Distraction+1"],"picked":"Deflect+1","floor":24},{"not_picked":["Dodge and Roll+1","Distraction+1"],"picked":"Deflect+1","floor":28},{"not_picked":["Accuracy+1","Underhanded Strike"],"picked":"Crippling Poison+1","floor":30},{"not_picked":["Eviscerate+1","Choke"],"picked":"Concentrate+1","floor":31},{"not_picked":["Unload","Die Die Die"],"picked":"Venomology+1","floor":33},{"not_picked":["Dagger Spray+1","Masterful Stab+1"],"picked":"Blade Dance+1","floor":35},{"not_picked":["Bane","Endless Agony+1","Slice+1"],"picked":"SKIP","floor":36},{"not_picked":["Underhanded Strike","Outmaneuver+1","Prepared+1"],"picked":"SKIP","floor":38},{"not_picked":["Well Laid Plans+1","Slice"],"picked":"Backflip+1","floor":39}],"player_experience":2963531,"relics_obtained":[{"floor":8,"key":"Bottled Flame"},{"floor":9,"key":"Old Coin"},{"floor":13,"key":"Mango"},{"floor":24,"key":"War Paint"},{"floor":28,"key":"Frozen Egg 2"}],"event_choices":[{"damage_healed":0,"gold_gain":0,"player_choice":"Entered Light","damage_taken":13,"max_hp_gain":0,"max_hp_loss":0,"event_name":"Shining Light","floor":4,"gold_loss":0,"cards_upgraded":["Defend_G","Strike_G"]},{"damage_healed":25,"gold_gain":0,"player_choice":"Banana","damage_taken":0,"max_hp_gain":0,"max_hp_loss":0,"event_name":"Big Fish","floor":14,"gold_loss":0},{"cards_removed":["Strike_G"],"damage_healed":0,"gold_gain":0,"player_choice":"Gave Gold","damage_taken":0,"max_hp_gain":0,"max_hp_loss":0,"event_name":"Beggar","floor":19,"gold_loss":75},{"damage_healed":0,"gold_gain":0,"player_choice":"Rummage","damage_taken":0,"relics_obtained":["WarpedTongs"],"max_hp_gain":0,"max_hp_loss":0,"event_name":"Accursed Blacksmith","floor":29,"gold_loss":0,"cards_obtained":["Pain"]},{"damage_healed":0,"gold_gain":0,"player_choice":"Ignored","damage_taken":0,"max_hp_gain":0,"max_hp_loss":0,"event_name":"SecretPortal","floor":37,"gold_loss":0}],"is_beta":true,"boss_relics":[{"not_picked":["SacredBark","Tiny House"],"picked":"Ring of the Serpent"},{"not_picked":["Black Star","SlaversCollar"],"picked":"Pandora\u0027s Box"}],"items_purged_floors":[11],"is_endless":false,"potions_floor_spawned":[1,8,16,18,30,31,35,39],"killed_by":"Giant Head","ascension_level":10}}