{"host":"7qoz5gmva6til3yp","time":1610938524,"event":{"mods":["AchievementEnabler","BaseMod","Minty Spire (QoL Compilation)","StSLib","SuperFastMode"],"gold_per_floor":[363,46,63,75,94,94,119,133,133,168,188,188,188,11,11,110,110,126,1,101,117,134,134,159,173,173,192,192,208,239,256,256,351,351,365,365,376,393,413,444,294,294,294,313,345,170,190,34,34,34],"floor_reached":51,"language":"KOR","playtime":4420,"items_purged":["Defend_P","Strike_P","Strike_P","Defend_P","Defend_P","Defend_P"],"score":1148,"play_id":"13b1acec-fa8e-4b92-9fbd-ab40653f95ec","local_time":"20210118115524","is_ascension_mode":true,"campfire_choices":[{"data":"Eruption","floor":6,"key":"SMITH"},{"data":"Adaptation","floor":13,"key":"SMITH"},{"data":"MentalFortress","floor":15,"key":"SMITH"},{"data":"Vault","floor":23,"key":"SMITH"},{"data":"Tantrum","floor":28,"key":"SMITH"},{"floor":32,"key":"REST"},{"floor":49,"key":"REST"}],"circlet_count":0,"master_deck":["Strike_P","Strike_P","Eruption+1","Vigilance","MentalFortress+1","EmptyFist","InnerPeace","Adaptation+1","Tantrum+1","Vault+1","MentalFortress+1","Scrawl","TalkToTheHand+1","Writhe"],"relics":["PureWater","Sundial","Toy Ornithopter","Shuriken","PreservedInsect","VioletLotus","Ice Cream","Blue Candle","StrikeDummy","Cursed Key","Darkstone Periapt","Du-Vu Doll","Pen Nib","Regal Pillow"],"acts_visited":["Exordium","TheCity","TheBeyond"],"potions_floor_usage":[18,24,33,36,44],"damage_taken":[{"damage":7,"enemies":"Cultist","floor":1,"turns":4},{"damage":2,"enemies":"Jaw Worm","floor":3,"turns":4},{"damage":0,"enemies":"Small Slimes","floor":4,"turns":3},{"damage":4,"enemies":"Red Slaver","floor":5,"turns":5},{"damage":40,"enemies":"Gremlin Nob","floor":7,"turns":5},{"damage":0,"enemies":"Blue Slaver","floor":8,"turns":3},{"damage":6,"enemies":"Lagavulin","floor":10,"turns":7},{"damage":1,"enemies":"Looter","floor":11,"turns":3},{"damage":19,"enemies":"The Guardian","floor":16,"turns":8},{"damage":17,"enemies":"2 Thieves","floor":18,"turns":4},{"damage":1,"enemies":"Spheric Guardian","floor":21,"turns":4},{"damage":19,"enemies":"Snake Plant","floor":22,"turns":4},{"damage":19,"enemies":"Slavers","floor":24,"turns":5},{"damage":0,"enemies":"Snecko","floor":25,"turns":5},{"damage":0,"enemies":"3 Cultists","floor":27,"turns":5},{"damage":0,"enemies":"Cultist and Chosen","floor":29,"turns":4},{"damage":0,"enemies":"Book of Stabbing","floor":30,"turns":4},{"damage":8,"enemies":"Shelled Parasite and Fungi","floor":31,"turns":4},{"damage":0,"enemies":"Collector","floor":33,"turns":5},{"damage":0,"enemies":"Orb Walker","floor":35,"turns":3},{"damage":0,"enemies":"3 Darklings","floor":37,"turns":2},{"damage":0,"enemies":"Transient","floor":38,"turns":6},{"damage":0,"enemies":"Maw","floor":39,"turns":5},{"damage":20,"enemies":"Reptomancer","floor":40,"turns":5},{"damage":29,"enemies":"3 Darklings","floor":44,"turns":3},{"damage":22,"enemies":"Nemesis","floor":45,"turns":8},{"damage":0,"enemies":"Jaw Worm Horde","floor":47,"turns":3},{"damage":46,"enemies":"Time Eater","floor":50,"turns":5}],"seed_played":"-6773339423912830043","potions_obtained":[{"floor":5,"key":"BottledMiracle"},{"floor":7,"key":"SpeedPotion"},{"floor":10,"key":"BlessingOfTheForge"},{"floor":18,"key":"Regen Potion"},{"floor":27,"key":"FearPotion"},{"floor":33,"key":"Fruit Juice"},{"floor":36,"key":"FairyPotion"},{"floor":36,"key":"BlessingOfTheForge"},{"floor":44,"key":"Explosive Potion"}],"is_trial":false,"path_per_floor":["M","$","M","M","M","R","E","M","T","E","M","?","R","$","R","B",null,"M","$","?","M","M","R","E","M","T","M","R","M","E","M","R","B",null,"M","?","M","M","M","E","$","?","T","M","E","$","M","$","R","B",null],"character_chosen":"WATCHER","items_purchased":["Sundial","Tantrum","Regal Pillow"],"campfire_rested":2,"item_purchase_floors":[2,14,48],"current_hp_per_floor":[40,40,38,38,34,34,44,44,44,38,37,42,42,42,42,23,64,52,52,52,51,32,32,18,18,18,18,18,18,18,10,33,38,67,67,77,77,77,77,57,57,57,63,48,26,26,26,26,67,21],"gold":34,"neow_bonus":"TWO_FIFTY_GOLD","is_daily":false,"chose_seed":false,"campfire_upgraded":5,"win_rate":0.0,"timestamp":1610938524,"path_taken":["M","$","?","M","M","R","E","?","T","E","M","?","R","$","R","BOSS","M","$","?","M","M","R","E","?","T","M","R","M","E","M","R","BOSS","M","?","M","?","M","E","$","?","T","M","E","$","M","$","R","BOSS"],"items_purchased_type":["Relic","Card","Relic"],"build_version":"2020-12-22","purchased_purges":6,"victory":true,"max_hp_per_floor":[72,72,72,72,72,72,72,72,72,72,72,77,77,77,77,77,77,77,77,77,77,77,77,77,77,77,77,77,77,77,77,77,77,77,77,82,82,82,82,82,82,82,88,88,88,88,88,88,88,88],"card_choices":[{"not_picked":["CrushJoints","EmptyFist"],"picked":"MentalFortress","floor":1},{"not_picked":["Prostrate","SashWhip","PathToVictory"],"picked":"SKIP","floor":3},{"not_picked":["ClearTheMind","JustLucky"],"picked":"EmptyFist","floor":4},{"not_picked":["FlyingSleeves","ThirdEye"],"picked":"InnerPeace","floor":5},{"not_picked":["WindmillStrike","Halt","Perseverance"],"picked":"SKIP","floor":7},{"not_picked":["CrushJoints","EmptyBody","Halt"],"picked":"SKIP","floor":8},{"not_picked":["FlyingSleeves","FollowUp","CarveReality"],"picked":"SKIP","floor":10},{"not_picked":["ClearTheMind","Consecrate"],"picked":"Adaptation","floor":11},{"not_picked":["Omniscience","Ragnarok"],"picked":"Vault","floor":16},{"not_picked":["CrushJoints","Study","FlyingSleeves"],"picked":"SKIP","floor":18},{"not_picked":["Collect","Sanctity+1"],"picked":"MentalFortress+1","floor":21},{"not_picked":["Crescendo","ReachHeaven","Halt"],"picked":"SKIP","floor":22},{"not_picked":["DeceiveReality","Tantrum","Indignation"],"picked":"SKIP","floor":24},{"not_picked":["FlyingSleeves","Wireheading+1","Swivel"],"picked":"SKIP","floor":25},{"not_picked":["ThirdEye","Indignation","FollowUp"],"picked":"SKIP","floor":27},{"not_picked":["EmptyFist","Prostrate","WreathOfFlame"],"picked":"SKIP","floor":29},{"not_picked":["InnerPeace","Prostrate","ThirdEye"],"picked":"SKIP","floor":30},{"not_picked":["JustLucky","CutThroughFate","ClearTheMind+1"],"picked":"SKIP","floor":31},{"not_picked":["SpiritShield","DeusExMachina"],"picked":"Scrawl","floor":33},{"not_picked":["Prostrate+1","LikeWater+1"],"picked":"TalkToTheHand+1","floor":35},{"not_picked":["EmptyBody+1","Fasting2+1","PathToVictory"],"picked":"SKIP","floor":37},{"not_picked":["FollowUp+1","Weave","Wireheading+1"],"picked":"SKIP","floor":38},{"not_picked":["Fasting2+1","EmptyMind+1","ClearTheMind"],"picked":"SKIP","floor":39},{"not_picked":["BattleHymn+1","Sanctity","Consecrate"],"picked":"SKIP","floor":40},{"not_picked":["Nirvana","WaveOfTheHand+1","ReachHeaven"],"picked":"SKIP","floor":44},{"not_picked":["Crescendo","ThirdEye","Protect"],"picked":"SKIP","floor":45},{"not_picked":["LikeWater+1","PathToVictory","JustLucky+1"],"picked":"SKIP","floor":47}],"player_experience":382819,"relics_obtained":[{"floor":7,"key":"Toy Ornithopter"},{"floor":9,"key":"Shuriken"},{"floor":10,"key":"PreservedInsect"},{"floor":24,"key":"Ice Cream"},{"floor":26,"key":"Blue Candle"},{"floor":30,"key":"StrikeDummy"},{"floor":40,"key":"Darkstone Periapt"},{"floor":43,"key":"Du-Vu Doll"},{"floor":45,"key":"Pen Nib"}],"event_choices":[{"damage_healed":0,"gold_gain":0,"player_choice":"Donut","damage_taken":0,"max_hp_gain":5,"max_hp_loss":0,"event_name":"Big Fish","floor":12,"gold_loss":0},{"damage_healed":0,"gold_gain":100,"player_choice":"Pray","damage_taken":0,"max_hp_gain":0,"max_hp_loss":0,"event_name":"Golden Shrine","floor":20,"gold_loss":0},{"damage_healed":0,"gold_gain":0,"player_choice":"Got Potions","damage_taken":0,"max_hp_gain":0,"max_hp_loss":0,"event_name":"Lab","floor":36,"gold_loss":0},{"damage_healed":0,"gold_gain":0,"player_choice":"Memory 1","damage_taken":0,"max_hp_gain":0,"max_hp_loss":0,"event_name":"SensoryStone","floor":42,"gold_loss":0}],"is_beta":false,"boss_relics":[{"not_picked":["Philosopher\u0027s Stone","Sozu"],"picked":"VioletLotus"},{"not_picked":["Snecko Eye","Runic Dome"],"picked":"Cursed Key"}],"items_purged_floors":[2,14,19,41,46,48],"is_endless":false,"potions_floor_spawned":[5,7,10,16,18,21,27,29,33,39,40,44],"ascension_level":7}}