{"host":"thin","time":1610941447,"event":{"mods":["BaseMod","Colored Powertips","Googly Eyes","Minty Spire (QoL Compilation)","Replay The Spire","Shop Mod","StSLib","The Bug Knight"],"gold_per_floor":[113,113,130,130,149,149,184,184,231,247,261,285,320,320,320,415,415,331,331,256,256,272,272,13,13,91,101,101,128,128,128,128,128,128],"floor_reached":33,"language":"ZHS","playtime":987,"items_purged":["CommonCold","Writhe"],"score":393,"play_id":"683ef2d5-2e33-4a5f-899e-6bbb57fb4ff1","local_time":"20210118114407","is_ascension_mode":true,"campfire_choices":[{"data":"HollowMod:DesolateDive","floor":6,"key":"SMITH"},{"floor":8,"key":"RECALL"},{"data":"HollowMod:HerrahsAnger","floor":15,"key":"SMITH"},{"data":"1","floor":23,"key":"LIFT"},{"data":"2","floor":25,"key":"LIFT"},{"floor":28,"key":"REST"},{"data":"3","floor":30,"key":"LIFT"}],"circlet_count":0,"master_deck":["HollowMod:NailStrikeStart+1","HollowMod:NailStrikeStart","HollowMod:NailStrikeStart","HollowMod:NailStrikeStart+1","HollowMod:QuickDashStart","HollowMod:QuickDashStart","HollowMod:QuickDashStart","HollowMod:QuickDashStart","HollowMod:FocusHealStart","HollowMod:PogoStrike","HollowMod:CloakDash","HollowMod:DesolateDive+1","HollowMod:SiblingsSouls+1","HollowMod:HerrahsAnger+1","HollowMod:HornetsHelp","HollowMod:PogoStrike","Necronomicurse","HollowMod:theNailsmith","HollowMod:ElderbugsWisdom","HollowMod:SoulSplash+1"],"relics":["HollowMod:VesselMask","NeowsBlessing","Whetstone","Ice Cream","Replay:Ancient Bell","Vajra","HollowMod:MantisClawRelic","Girya","Necronomicon","Replay:Bottled Steam","Du-Vu Doll","Nloth\u0027s Gift"],"acts_visited":["Exordium","TheCity"],"potions_floor_usage":[7,10,13,27,29],"damage_taken":[{"damage":0,"enemies":"Jaw Worm","floor":1,"turns":1},{"damage":0,"enemies":"Small Slimes","floor":3,"turns":1},{"damage":0,"enemies":"Cultist","floor":5,"turns":1},{"damage":30,"enemies":"3 Sentries","floor":7,"turns":9},{"damage":19,"enemies":"Exordium Thugs","floor":10,"turns":3},{"damage":2,"enemies":"Looter","floor":11,"turns":4},{"damage":18,"enemies":"Gremlin Nob","floor":13,"turns":3},{"damage":27,"enemies":"Fading Forest","floor":16,"turns":11},{"damage":34,"enemies":"Shell Parasite","floor":18,"turns":7},{"damage":0,"enemies":"Chosen","floor":22,"turns":4},{"damage":6,"enemies":"Sentry and Sphere","floor":27,"turns":3},{"damage":31,"enemies":"Book of Stabbing","floor":29,"turns":4},{"damage":30,"enemies":"HollowMod:NKGrimm","floor":33,"turns":4}],"seed_played":"1115664250682322716","potions_obtained":[{"floor":3,"key":"Adrenaline Potion"},{"floor":7,"key":"PowerPotion"},{"floor":11,"key":"BlessingOfTheForge"},{"floor":18,"key":"BlessingOfTheForge"},{"floor":27,"key":"SpeedPotion"},{"floor":29,"key":"Ancient Potion"}],"is_trial":false,"path_per_floor":["M","?","M","?","M","R","E","R","T","M","M","T","E","?","R","B",null,"M","?","$","?","M","R","$","R","T","M","R","E","R","?","R","B"],"character_chosen":"THE_BUGKNIGHT","items_purchased":["HollowMod:ElderbugsWisdom"],"campfire_rested":1,"item_purchase_floors":[24],"current_hp_per_floor":[68,68,68,68,68,68,48,48,48,29,33,33,15,33,33,38,66,38,38,38,22,22,22,22,22,22,16,38,7,7,7,29,0,0],"gold":128,"neow_bonus":"THREE_ENEMY_KILL","is_daily":false,"chose_seed":false,"campfire_upgraded":2,"win_rate":0.0,"timestamp":1610941447,"path_taken":["M","?","M","?","?","R","E","R","T","M","M","?","E","?","R","BOSS","M","?","?","?","M","R","$","R","T","M","R","E","R","?","R","BOSS"],"items_purchased_type":["Card"],"build_version":"2020-12-18","purchased_purges":2,"victory":false,"max_hp_per_floor":[75,75,75,75,75,75,75,75,75,75,75,75,75,75,75,75,75,75,75,75,75,75,75,75,75,75,75,75,75,75,75,75,75,75],"card_choices":[{"not_picked":["HollowMod:InfectedAttack","HollowMod:Grubsong"],"picked":"HollowMod:CloakDash","floor":1},{"not_picked":["HollowMod:VengefulVoid","HollowMod:GoodIntentions","HollowMod:CornifersMapStart"],"picked":"SKIP","floor":3},{"not_picked":["HollowMod:SharpenedShadows","HollowMod:WraithStrike"],"picked":"HollowMod:DesolateDive","floor":5},{"not_picked":["HollowMod:InfectedAttack","HollowMod:CornifersMapStart"],"picked":"HollowMod:SiblingsSouls","floor":7},{"not_picked":["HollowMod:GoodIntentions","HollowMod:VengefulVoid","HollowMod:InfectedCysts"],"picked":"SKIP","floor":10},{"not_picked":["HollowMod:CloakDash","HollowMod:SoulSplash"],"picked":"HollowMod:HerrahsAnger","floor":11},{"not_picked":["HollowMod:SharpenedNail","HollowMod:LifebloodCocoon","HollowMod:CycloneSlash"],"picked":"SKIP","floor":13},{"not_picked":["HollowMod:SharpenedNail","HollowMod:LifebloodCocoon","HollowMod:CycloneSlash"],"picked":"SKIP","floor":13},{"not_picked":["HollowMod:NewInfectedGuardian","HollowMod:theNailsmith"],"picked":"HollowMod:HornetsHelp","floor":16},{"not_picked":["Delirium","ReplayTheSpireMod:Restless Dread"],"picked":"ReplayTheSpireMod:IOU","floor":17},{"not_picked":["Hallucinations","Pain"],"picked":"CommonCold","floor":17},{"not_picked":["Hallucinations","Decay"],"picked":"Writhe","floor":17},{"not_picked":["HollowMod:ChannelNail","HollowMod:VengefulVoid+1","HollowMod:InfectedCysts"],"picked":"SKIP","floor":18},{"not_picked":["HollowMod:SoulEater","HollowMod:SoulSplash"],"picked":"HollowMod:theNailsmith","floor":22},{"not_picked":["HollowMod:BaldurShell","HollowMod:WraithStrike"],"picked":"HollowMod:SoulSplash+1","floor":27},{"not_picked":["HollowMod:ShadowDash","HollowMod:HeavyBlow","HollowMod:InfectedAttack"],"picked":"SKIP","floor":29}],"player_experience":947557,"relics_obtained":[{"floor":7,"key":"Potion Belt"},{"floor":12,"key":"Whetstone"},{"floor":13,"key":"Ice Cream"},{"floor":21,"key":"Necronomicon"},{"floor":26,"key":"Replay:Bottled Steam"},{"floor":29,"key":"Du-Vu Doll"}],"event_choices":[{"damage_healed":0,"gold_gain":0,"player_choice":"Bought 0 Potions","damage_taken":0,"max_hp_gain":0,"max_hp_loss":0,"event_name":"The Woman in Blue","floor":4,"gold_loss":0},{"damage_healed":0,"gold_gain":0,"player_choice":"Copied","damage_taken":0,"max_hp_gain":0,"max_hp_loss":0,"event_name":"Duplicator","floor":19,"gold_loss":0,"cards_obtained":["HollowMod:PogoStrike"]},{"damage_healed":0,"gold_gain":0,"player_choice":"Obtained Book","damage_taken":16,"max_hp_gain":0,"max_hp_loss":0,"event_name":"Cursed Tome","floor":21,"gold_loss":0},{"damage_healed":0,"gold_gain":0,"player_choice":"Traded Relic","damage_taken":0,"relics_obtained":["Nloth\u0027s Gift"],"max_hp_gain":0,"max_hp_loss":0,"event_name":"N\u0027loth","floor":31,"relics_lost":["Potion Belt"],"gold_loss":0}],"is_beta":true,"boss_relics":[{"not_picked":["Kintsugi","Astrolabe"],"picked":"Replay:Ancient Bell"},{"not_picked":["Blood Vial","Replay:Wax Seal"],"picked":"Vajra"},{"not_picked":["Gremlin Horn","HollowMod:DelicateFlower"],"picked":"HollowMod:MantisClawRelic"},{"not_picked":["Shovel","Gambling Chip"],"picked":"Girya"}],"items_purged_floors":[20,24],"is_endless":false,"potions_floor_spawned":[3,7,11,18,27,29],"killed_by":"HollowMod:NKGrimm","ascension_level":9}}