{"host":"pmmuxs046gii331m","time":1610991765,"event":{"mods":["AchievementEnabler","BaseMod","Colored Powertips","Downfall","Gold Saver","Minty Spire (QoL Compilation)","Permanent Neow","Quick Restart","StSLib"],"gold_per_floor":[195,195,195,195,195,195,263,296,315,326,340,350,350,361,371,471,471,471,489,489,589,589,342,365,365,377,377,388,67,67,52,72,174,174,174,190,175,175,188,488,537,537,547,559,571,571,868,893,906,906],"floor_reached":51,"language":"ENG","playtime":6494,"items_purged":["Pride","downfall:Bewildered","champ:Defend"],"score":701,"play_id":"fb381ea3-b4c3-4c79-b0b4-24ef460cfbf1","local_time":"20210118124245","is_ascension_mode":false,"campfire_choices":[{"data":"champ:Taunt","floor":1.0,"key":"SMITH"},{"data":"champ:AdrenalArmor","floor":6.0,"key":"SMITH"},{"data":"champ:ShieldWall","floor":13.0,"key":"SMITH"},{"data":"champ:Improvising","floor":18.0,"key":"SMITH"},{"data":"champ:IronFortress","floor":27.0,"key":"SMITH"},{"data":"champ:TripleStrike","floor":30.0,"key":"SMITH"},{"data":"champ:Backstep","floor":35.0,"key":"SMITH"},{"data":"champ:StanceDance","floor":42.0,"key":"SMITH"}],"circlet_count":0,"master_deck":["champ:Strike","champ:Strike+1","champ:Defend+1","champ:Defend+1","champ:Execute+1","champ:Taunt+1","champ:AdrenalArmor+1","champ:BringItOn","champ:TripleStrike+1","champ:StanceDance+1","champ:ShieldWall+1","champ:GutPunch","champ:IronFortress+1","champ:Improvising+1","champ:Backstep+1","champ:PerfectedStrike","champ:EndlessRage+1","champ:Improvising+1","champ:IronFortress+1"],"relics":["champ:ChampionCrown","downfall:HeartsMalice","Toy Ornithopter","Shuriken","Whetstone","Busted Crown","Ancient Tea Set","champ:BlackKnightHelmet","Frozen Egg 2","Vajra","War Paint","sneckomod:BabySnecko","Membership Card","Astrolabe","Juzu Bracelet","Spirit Poop","Orichalcum"],"acts_visited":[],"potions_floor_usage":[48,50,50,50],"damage_taken":[{"damage":0.0,"enemies":"Small Slimes","floor":2.0,"turns":1.0},{"damage":0.0,"enemies":"2 Louse","floor":3.0,"turns":1.0},{"damage":0.0,"enemies":"Gremlin Nob","floor":8.0,"turns":1.0},{"damage":0.0,"enemies":"Cultist","floor":9.0,"turns":3.0},{"damage":25.0,"enemies":"Gremlin Gang","floor":10.0,"turns":3.0},{"damage":10.0,"enemies":"Large Slime","floor":11.0,"turns":4.0},{"damage":4.0,"enemies":"3 Louse","floor":12.0,"turns":4.0},{"damage":21.0,"enemies":"Large Slime","floor":14.0,"turns":4.0},{"damage":20.0,"enemies":"Blue Slaver","floor":15.0,"turns":3.0},{"damage":53.0,"enemies":"WA_ARCHETYPE_RETAIN","floor":16.0,"turns":6.0},{"damage":42.0,"enemies":"3 Byrds","floor":19.0,"turns":5.0},{"damage":47.0,"enemies":"3 Byrds","floor":21.0,"turns":8.0},{"damage":21.0,"enemies":"downfall:FleeingMerchant","floor":23.0,"turns":4.0},{"damage":50.0,"enemies":"Chosen","floor":26.0,"turns":4.0},{"damage":22.0,"enemies":"Centurion and Healer","floor":28.0,"turns":4.0},{"damage":23.0,"enemies":"downfall:FleeingMerchant","floor":29.0,"turns":4.0},{"damage":65.0,"enemies":"downfall:FleeingMerchant","floor":31.0,"turns":4.0},{"damage":45.0,"enemies":"Chosen and Byrds","floor":32.0,"turns":4.0},{"damage":78.0,"enemies":"SI_MIRROR_ARCHETYPE","floor":33.0,"turns":7.0},{"damage":8.0,"enemies":"3 Darklings","floor":36.0,"turns":5.0},{"damage":45.0,"enemies":"downfall:FleeingMerchant","floor":37.0,"turns":4.0},{"damage":30.0,"enemies":"3 Shapes","floor":39.0,"turns":4.0},{"damage":107.0,"enemies":"Writhing Mass","floor":43.0,"turns":5.0},{"damage":12.0,"enemies":"4 Shapes","floor":44.0,"turns":6.0},{"damage":60.0,"enemies":"Maw","floor":45.0,"turns":5.0},{"damage":0,"enemies":"downfall:FleeingMerchant","floor":47,"turns":1},{"damage":39,"enemies":"Nemesis","floor":48,"turns":5},{"damage":13,"enemies":"Spire Growth","floor":49,"turns":4},{"damage":90,"enemies":"DF_ARCHETYPE_ORBS","floor":50,"turns":8}],"seed_played":"7030586586559107073","potions_obtained":[{"floor":11.0,"key":"Energy Potion"},{"floor":12.0,"key":"Energy Potion"},{"floor":15.0,"key":"ColorlessPotion"},{"floor":16.0,"key":"sneckomod:MuddlingPotion"},{"floor":19.0,"key":"Block Potion"},{"floor":28.0,"key":"Guardian:BlockOnCardUsePotion"},{"floor":33.0,"key":"DuplicationPotion"},{"floor":36.0,"key":"CultistPotion"},{"floor":43.0,"key":"LiquidMemories"},{"floor":45.0,"key":"champ:UltimateStancePotion"},{"floor":49,"key":"SpeedPotion"}],"is_trial":false,"path_per_floor":["R","M","M","?","?","R","T","E","M","M","M","M","R","M","M","B",null,"R","M","?","?","?","$","T","?","M","R","M","$","R","$","M","B",null,"R","M","$","?","M","?","T","R","M","M","M","?","$","E","M","B",null],"character_chosen":"THE_CHAMP","items_purchased":["Vajra","Membership Card","Fruit Juice"],"campfire_rested":0,"item_purchase_floors":[23,29,29],"current_hp_per_floor":[90,90,90,65,65,65,65,65,65,65,65,61,61,60,65,62,90,90,88,88,86,86,80,80,80,70,70,68,75,75,80,70,52,95,95,92,92,92,92,92,92,92,70,63,58,58,58,39,31,23],"gold":906,"neow_bonus":"THREE_ENEMY_KILL","is_daily":false,"chose_seed":false,"campfire_upgraded":8,"win_rate":0.0,"timestamp":1610991765,"path_taken":["R","M","M","?","?","R","T","E","M","M","M","?","R","?","M","BOSS","R","M","?","?","?","$","T","?","M","R","M","$","R","?","M","BOSS","R","M","$","?","?","?","T","R","M","M","M","?","?","E","M","BOSS"],"items_purchased_type":["Relic","Relic","Potion"],"build_version":"2020-12-22","purchased_purges":3,"victory":true,"max_hp_per_floor":[90,90,90,90,90,90,90,90,90,90,90,90,90,90,90,90,90,90,90,90,90,90,90,90,90,90,90,90,95,95,95,95,95,95,95,95,95,95,95,95,95,95,95,95,95,92,92,92,92,92],"card_choices":[{"not_picked":["champ:Circumvent","champ:GutPunch"],"picked":"champ:AdrenalArmor","floor":2.0},{"not_picked":["champ:PreemptiveStrike","champ:RapidStrikes"],"picked":"champ:BringItOn","floor":3.0},{"not_picked":["champ:RisingSlash","champ:SteelEdge"],"picked":"champ:TripleStrike","floor":8.0},{"not_picked":["champ:PreciseThrust","champ:Shatter"],"picked":"champ:StanceDance","floor":9.0},{"not_picked":["champ:PerfectedStrike","champ:BladeFlurry"],"picked":"champ:ShieldWall","floor":10.0},{"not_picked":["champ:AdrenalArmor","champ:CrownThrow","champ:BerserkersShout"],"picked":"SKIP","floor":11.0},{"not_picked":["champ:DefensiveShout","champ:FancyFootwork"],"picked":"champ:GutPunch","floor":12.0},{"not_picked":["champ:CrownThrow","champ:TornadoPunch"],"picked":"champ:IronFortress","floor":14.0},{"not_picked":["champ:FanOfKnives","champ:PreciseThrust","champ:RapidStrikes"],"picked":"SKIP","floor":15.0},{"not_picked":["champ:GladiatorForm","champ:MurderStrike"],"picked":"champ:Improvising","floor":16.0},{"not_picked":["champ:RecklessLeap"],"picked":"SKIP","floor":19.0},{"not_picked":[],"picked":"champ:Backstep","floor":23.0},{"not_picked":["champ:DefensiveShout"],"picked":"SKIP","floor":26.0},{"not_picked":["champ:TornadoPunch+1"],"picked":"SKIP","floor":28.0},{"not_picked":["champ:FancyFootwork"],"picked":"SKIP","floor":29.0},{"not_picked":["champ:Haymaker"],"picked":"SKIP","floor":31.0},{"not_picked":[],"picked":"champ:PerfectedStrike","floor":32.0},{"not_picked":["champ:FanOfKnives"],"picked":"SKIP","floor":36.0},{"not_picked":["champ:BerserkersShout+1"],"picked":"SKIP","floor":37.0},{"not_picked":["champ:EnragedBash"],"picked":"SKIP","floor":39.0},{"not_picked":["champ:StanceDance+1"],"picked":"SKIP","floor":43.0},{"not_picked":["champ:PreciseThrust+1"],"picked":"SKIP","floor":44.0},{"not_picked":["champ:SkillfulDodge"],"picked":"SKIP","floor":45.0},{"not_picked":["champ:DeathBlow"],"picked":"SKIP","floor":47},{"not_picked":["champ:Encircle+1"],"picked":"SKIP","floor":48},{"not_picked":["champ:Shatter"],"picked":"SKIP","floor":49}],"player_experience":317819,"relics_obtained":[{"floor":7.0,"key":"Shuriken"},{"floor":8.0,"key":"Whetstone"},{"floor":21.0,"key":"champ:BlackKnightHelmet"},{"floor":21.0,"key":"Frozen Egg 2"},{"floor":24.0,"key":"War Paint"},{"floor":41.0,"key":"Juzu Bracelet"},{"floor":48,"key":"Orichalcum"}],"event_choices":[{"damage_healed":0.0,"max_hp_gain":0.0,"max_hp_loss":0.0,"gold_gain":0.0,"event_name":"Scrap Ooze","player_choice":"Success","floor":4.0,"gold_loss":0.0,"damage_taken":25.0,"relics_obtained":["Toy Ornithopter"]},{"damage_healed":0.0,"max_hp_gain":0.0,"max_hp_loss":0.0,"gold_gain":0.0,"event_name":"Addict","player_choice":"Stole Relic","floor":20.0,"gold_loss":0.0,"damage_taken":0.0,"relics_obtained":["Ancient Tea Set"],"cards_obtained":["Pride"]},{"damage_healed":0.0,"max_hp_gain":0.0,"max_hp_loss":0.0,"gold_gain":0.0,"event_name":"NoteForYourself","player_choice":"Ignored","floor":38.0,"gold_loss":0.0,"damage_taken":0.0},{"damage_healed":0.0,"max_hp_gain":0.0,"max_hp_loss":0.0,"gold_gain":300.0,"event_name":"Wheel of Change","player_choice":"Gold","floor":40.0,"gold_loss":0.0,"damage_taken":0.0},{"cards_removed":["Parasite"],"damage_healed":0,"gold_gain":0,"player_choice":"Offered Curse","damage_taken":0,"relics_obtained":["Spirit Poop"],"max_hp_gain":0,"max_hp_loss":0,"event_name":"Bonfire Elementals","floor":46,"gold_loss":0}],"is_beta":false,"boss_relics":[{"not_picked":["Snecko Eye","Philosopher\u0027s Stone"],"picked":"Busted Crown"},{"not_picked":["Cursed Key","bronze:MakeshiftBattery"],"picked":"Astrolabe"}],"items_purged_floors":[23,29,47],"is_endless":false,"potions_floor_spawned":[11,12,15,16,19,28,33,36,43,45,49],"ascension_level":0}}