{"host":"qswkx8hggytna0kc","time":1610982368,"event":{"mods":["Aspiration","BaseMod","BetterRewards","Colored Map","Colored Powertips","Highlight Path","Hubris","Mimic Mod","Minty Spire (QoL Compilation)","MostiFishMod","Quick Restart","Replay The Spire","StSLib","SuperFastMode"],"gold_per_floor":[117,130,130,150,115,140,140,140,166,166,184,184,184,204,204,278,278,292,308,308,327,327,361,372,384,384,409,409,440,440,453,453,524,524,534,534,534,584,602,637,637,650,698,698,698,729,729,729,729,759,815,815,815,815,864,992],"floor_reached":57,"language":"ZHS","playtime":6966,"items_purged":["Strike_B","Strike_B","Strike_B","Strike_B","Dualcast","Steam","Streamline","Voices"],"score":4036,"play_id":"e4ad7a0d-71b2-4d76-9ed8-fa65b0a634df","local_time":"20210118230608","is_ascension_mode":true,"campfire_choices":[{"data":"Recycle","floor":13,"key":"SMITH"},{"data":"Panache","floor":15,"key":"SMITH"},{"data":"Specialist","floor":30,"key":"SMITH"},{"floor":32,"key":"RECALL"},{"data":"MostiFishMod:Culaccino","floor":41,"key":"SMITH"},{"data":"Crow Ritual","floor":44,"key":"SMITH"},{"data":"Hologram","floor":53,"key":"SMITH"}],"circlet_count":0,"master_deck":["AscendersBane","Defend_B+1","Defend_B+1","Defend_B+1","Defend_B+1","Zap+1","MostiFishMod:ReprogramOld","Crow Ritual+1","Deep Breath","Genetic Algorithm","Gash","MostiFishMod:Culaccino+1","Hologram+1","Swift Strike+1","Go for the Eyes+1","Recycle+1","Gash","Turbo","Panache+1","BootSequence","Go for the Eyes","Panic Button","Specialist+1","Go for the Eyes+1","ReplaySort","Electrodynamics","Panic Button+1","All For One","Hologram","MostiFishMod:OneDayCity","Go for the Eyes","MostiFishMod:DeathFromBelow","Flash of Steel","Dramatic Entrance","Pot Of Greed","Pot Of Greed","Pot Of Greed","MostiFishMod:Awakening","Pot Of Greed","Panic Button+1","ReplayGash+1"],"relics":["Cracked Core","DaveBox","DiscerningMonocle","SynthV:TestCard","Orichalcum","Art of War","Dodecahedron","Nunchaku","HornCleat","Replay:Bottled Eggs","TheAbacus","hubris:Icosahedron","Regal Pillow","Bag of Marbles","StoneCalendar","Cauldron","GuanYuAspect","Emotion Chip","Replay:Ringing Soul","aspiration:Nostalgia","Replay:M_SmolderingBlood","Bird Faced Urn","DianPoetry","Replay:Bottled Flurry","InkBottle","DataDisk","ReplayTheSpireMod:TigerMarble","FeatherPendant","TungstenRod","Whetstone","Raider\u0027s Mask","hubris:Towel","hubris:PeanutButter","Vajra","Blue Doll","hubris:EmptyBottle","Replay:Bandana","Ring of Shattering","Grinning Jar","Replay:Mystery Machine","Lee\u0027s Waffle","ReplayTheSpireMod:Lightbulb"],"acts_visited":["Exordium","TheCity","TheBeyond","TheEnding"],"potions_floor_usage":[12,12,23,54,54],"damage_taken":[{"damage":4,"enemies":"Small Slimes","floor":1,"turns":4},{"damage":1,"enemies":"Cultist","floor":2,"turns":3},{"damage":4,"enemies":"2 Louse","floor":4,"turns":3},{"damage":10,"enemies":"Replay:BlueRogue","floor":6,"turns":5},{"damage":8,"enemies":"Red Slaver","floor":11,"turns":3},{"damage":1,"enemies":"Exordium Wildlife","floor":14,"turns":4},{"damage":10,"enemies":"Hexaghost","floor":16,"turns":8},{"damage":19,"enemies":"3 Byrds","floor":18,"turns":3},{"damage":15,"enemies":"Chosen","floor":19,"turns":7},{"damage":35,"enemies":"Snecko","floor":21,"turns":7},{"damage":23,"enemies":"Replay:Snechameleon","floor":23,"turns":7},{"damage":0,"enemies":"3 Cultists","floor":24,"turns":5},{"damage":4,"enemies":"Snake Plant","floor":25,"turns":3},{"damage":13,"enemies":"Book of Stabbing","floor":27,"turns":4},{"damage":0,"enemies":"Gremlin Leader","floor":29,"turns":4},{"damage":0,"enemies":"Sentry and Sphere","floor":31,"turns":3},{"damage":0,"enemies":"Pondfish","floor":33,"turns":7},{"damage":0,"enemies":"Orb Walker","floor":35,"turns":2},{"damage":0,"enemies":"3 Darklings","floor":39,"turns":2},{"damage":0,"enemies":"Giant Head","floor":40,"turns":3},{"damage":0,"enemies":"Spire Growth","floor":42,"turns":1},{"damage":0,"enemies":"R_Hoarder","floor":46,"turns":3},{"damage":9,"enemies":"Donu and Deca","floor":50,"turns":2},{"damage":0,"enemies":"hubris:GrandSnecko","floor":51,"turns":3},{"damage":0,"enemies":"Shield and Spear","floor":55,"turns":1},{"damage":78,"enemies":"The Heart","floor":56,"turns":5}],"seed_played":"-503374711950723466","potions_obtained":[{"floor":1,"key":"LifebloodPotion"},{"floor":11,"key":"Regen Potion"},{"floor":12,"key":"Fruit Juice"},{"floor":12,"key":"Fruit Juice"},{"floor":12,"key":"Explosive Potion"},{"floor":23,"key":"SkillPotion"}],"is_trial":false,"path_per_floor":["M","M","$","M","?","E","$","?","T","?","M","$","R","M","R","B",null,"M","M","$","M","?","E","M","M","T","E","$","E","R","M","R","B",null,"M","$","?","?","M","E","R","M","T","R","$","E","?","?","R_BF","B","B",null,"R","$","E","B",null],"character_chosen":"DEFECT","items_purchased":["Orichalcum","Art of War","Dodecahedron","Crow Ritual","Deep Breath","FocusPotion","HornCleat","Replay:Bottled Eggs","TheAbacus","MostiFishMod:Culaccino","Hologram","Swift Strike","Bag of Marbles","StoneCalendar","Cauldron","Turbo","Panache","Emotion Chip","Replay:Ringing Soul","aspiration:Nostalgia","Panic Button","Specialist","InkBottle","DataDisk","TungstenRod","Whetstone","Raider\u0027s Mask","MostiFishMod:OneDayCity","Vajra","Blue Doll","hubris:EmptyBottle","Flash of Steel","Grinning Jar","Replay:Mystery Machine","Lee\u0027s Waffle","MostiFishMod:Awakening","Panic Button+1","Fruit Juice","SkillPotion"],"campfire_rested":0,"item_purchase_floors":[3,3,3,3,3,3,7,7,7,7,7,7,12,12,12,12,12,20,20,20,20,20,28,28,36,36,36,36,45,45,45,45,54,54,54,54,54,54,54],"current_hp_per_floor":[60,59,59,55,71,61,61,61,61,61,53,63,63,62,62,52,41,30,34,36,20,20,29,52,53,53,50,50,53,53,55,55,58,59,61,63,63,63,65,67,67,70,70,70,72,74,76,76,78,80,80,80,80,96,102,102],"gold":992,"neow_bonus":"UPGRADE_CARD","is_daily":false,"chose_seed":false,"campfire_upgraded":6,"win_rate":0.0,"timestamp":1610982368,"path_taken":["M","M","$","M","?","E","$","?","T","?","M","$","R","?","R","BOSS","M","M","$","M","?","E","?","M","T","E","$","E","R","M","R","BOSS","M","$","?","?","?","E","R","M","T","R","$","E","?","?","R_BF","BOSS","BOSS","R","$","E","BOSS"],"items_purchased_type":["Relic","Relic","Relic","Card","Card","Potion","Relic","Relic","Relic","Card","Card","Card","Relic","Relic","Relic","Card","Card","Relic","Relic","Relic","Card","Card","Relic","Relic","Relic","Relic","Relic","Card","Relic","Relic","Relic","Card","Relic","Relic","Relic","Card","Card","Potion","Potion"],"build_version":"2020-12-22","purchased_purges":8,"victory":true,"max_hp_per_floor":[71,71,71,71,71,71,71,71,71,71,71,81,81,81,81,81,41,41,41,44,47,47,50,53,53,53,53,53,53,53,56,56,59,59,62,65,65,65,65,68,68,71,71,71,74,74,77,77,80,80,80,80,80,100,103,103],"card_choices":[{"not_picked":["ReplayTheSpireMod:Repulse","Reprogram"],"picked":"MostiFishMod:ReprogramOld","floor":1},{"not_picked":["FIFO Queue","Cold Snap","Steam","BasicCrystalCard"],"picked":"Streamline","floor":2},{"not_picked":["Ball Lightning","MostiFishMod:PushDownKick","MostiFishMod:GatherIntelligence","Cold Snap"],"picked":"Genetic Algorithm","floor":4},{"not_picked":["ReplayTheSpireMod:System Scan","Compile Driver","White Noise","Cold Snap"],"picked":"Gash","floor":6},{"not_picked":["MostiFishMod:GatherIntelligence","ReplayTheSpireMod:GoodbyeWorld","Rebound","Static Discharge"],"picked":"Gash","floor":11},{"not_picked":["MostiFishMod:ReprogramOld","Heatsinks","Chill","Sweeping Beam"],"picked":"BootSequence","floor":14},{"not_picked":["Auto Shields+1","Barrage","Coolheaded","MostiFishMod:GoodWordForIt"],"picked":"Go for the Eyes","floor":18},{"not_picked":["Compile Driver","ReplayTheSpireMod:System Scan","Cold Snap","Lockon+1"],"picked":"Steam","floor":19},{"not_picked":["Redo","Stack","BootSequence","Hologram"],"picked":"Go for the Eyes+1","floor":21},{"not_picked":["BowlingBash","Stack","MostiFishMod:FluxCapactior","Carnage"],"picked":"ReplaySort","floor":23},{"not_picked":["Crescendo","EmptyFist","Cold Snap+1","Undo"],"picked":"Electrodynamics","floor":24},{"not_picked":["Carnage","Barrage","hubris:PowerSurge","MostiFishMod:LinkProtocol","Coolheaded"],"picked":"SKIP","floor":25},{"not_picked":["Turbo","BasicCrystalCard","CrushJoints","WreathOfFlame","Darkness"],"picked":"SKIP","floor":27},{"not_picked":["Melter","Uppercut","CrushJoints","MostiFishMod:ActiveDefenseSystem","Consume"],"picked":"SKIP","floor":29},{"not_picked":["Streamline","FIFO Queue+1","Aggregate","MostiFishMod:PushDownKick"],"picked":"Panic Button+1","floor":31},{"not_picked":["Seek","MostiFishMod:Exploitation","MostiFishMod:Prepare","MostiFishMod:ATRI"],"picked":"All For One","floor":33},{"not_picked":["Redo","Skim","Streamline","BasicCrystalCard+1"],"picked":"Hologram","floor":35},{"not_picked":["Reinforced Body","Chaos+1","Turbo","BasicCrystalCard","Streamline"],"picked":"SKIP","floor":39},{"not_picked":["Ball Lightning","Defragment","Turbo+1","Auto Shields"],"picked":"Go for the Eyes","floor":40},{"not_picked":["Beam Cell+1","Hello World","Rebound+1","Ball Lightning"],"picked":"MostiFishMod:DeathFromBelow","floor":42},{"not_picked":["Compile Driver","Sunder","Cold Snap+1","hubris:SpecializedCircuitry","Reinforced Body"],"picked":"SKIP","floor":46},{"not_picked":["Replay:BasicMightCard","hubris:Ssssneak","HandOfGreed","Master of Strategy"],"picked":"Dramatic Entrance","floor":49},{"not_picked":["Time Bomb","Stack","Genetic Algorithm","Recycle"],"picked":"ReplayGash+1","floor":55}],"player_experience":344112,"relics_obtained":[{"floor":1,"key":"SynthV:TestCard"},{"floor":6,"key":"Nunchaku"},{"floor":9,"key":"Regal Pillow"},{"floor":23,"key":"Bird Faced Urn"},{"floor":26,"key":"DianPoetry"},{"floor":27,"key":"Replay:Bottled Flurry"},{"floor":29,"key":"ReplayTheSpireMod:TigerMarble"},{"floor":40,"key":"hubris:PeanutButter"},{"floor":46,"key":"Replay:Bandana"},{"floor":47,"key":"Ring of Shattering"},{"floor":55,"key":"ReplayTheSpireMod:Lightbulb"}],"event_choices":[{"damage_healed":17,"gold_gain":0,"player_choice":"Healed","damage_taken":0,"max_hp_gain":0,"max_hp_loss":0,"event_name":"The Cleric","floor":5,"gold_loss":35},{"damage_healed":0,"gold_gain":0,"player_choice":"2 cards matched","damage_taken":0,"max_hp_gain":0,"max_hp_loss":0,"event_name":"Match and Keep!","floor":10,"gold_loss":0,"cards_obtained":["Go for the Eyes","Recycle"]},{"damage_healed":0,"gold_gain":0,"player_choice":"0 cards matched","damage_taken":0,"max_hp_gain":0,"max_hp_loss":0,"event_name":"Match and Keep!","floor":22,"gold_loss":0,"cards_obtained":[]},{"damage_healed":0,"gold_gain":50,"player_choice":"Pray","damage_taken":0,"max_hp_gain":0,"max_hp_loss":0,"event_name":"Golden Shrine","floor":38,"gold_loss":0},{"damage_healed":0,"gold_gain":0,"player_choice":"Memory 1","damage_taken":0,"max_hp_gain":0,"max_hp_loss":0,"event_name":"SensoryStone","floor":49,"gold_loss":0}],"is_beta":false,"boss_relics":[{"not_picked":["aspiration:RandomNobGenerator","FrostBlade"],"picked":"GuanYuAspect"},{"not_picked":["hubris:VirtuousBlindfold","aspiration:Stellarator"],"picked":"FeatherPendant"}],"items_purged_floors":[3,7,12,20,28,36,45,54],"is_endless":false,"potions_floor_spawned":[1,11,16,21,23,24,46],"ascension_level":20}}