{"host":"kk2i87xhq8q4h0un","time":1610951511,"event":{"mods":["BaseMod","Downfall","Minty Spire (QoL Compilation)","Shop Mod","StSLib"],"gold_per_floor":[99,115,115,135,145,155,155,171,96,116,216,235,304,17,29,133,133,83,103,116,166,182,232,285,328,404,466,104,119,69,130,143,240,240,190,207,357,122,183,253,253,185,262,280,305,155,205,234,245,245],"floor_reached":51,"language":"ENG","playtime":8979,"items_purged":["Slimebound:Strike_Slimebound","Slimebound:Defend_Slimebound"],"score":825,"play_id":"6cc8bf9f-bac8-415a-99dd-3772ce042090","local_time":"20210117223151","is_ascension_mode":false,"campfire_choices":[{"data":"Slimebound:Split","floor":1.0,"key":"SMITH"},{"data":"Slimebound:Schlurp","floor":18.0,"key":"SMITH"},{"data":"Slimebound:GoopSpray","floor":30.0,"key":"SMITH"},{"data":"Slimebound:LeechEnergy","floor":35.0,"key":"SMITH"},{"data":"Slimebound:Gluttony","floor":46.0,"key":"SMITH"}],"circlet_count":0,"master_deck":["Slimebound:Strike_Slimebound","Slimebound:Strike_Slimebound+1","Slimebound:Tackle","Slimebound:Defend_Slimebound","Slimebound:Defend_Slimebound","Slimebound:Split+1","Slimebound:CorrosiveSpit","Slimebound:LivingWall","Slimebound:SplitMire","Slimebound:LeechEnergy","Slimebound:Replication","Slimebound:Schlurp","Slimebound:LivingWall","Slimebound:GrowthPunch","Slimebound:RejuvenatingLick","Slimebound:SpikyOuterGoop","Slimebound:Repurpose","Slimebound:LeechEnergy+1","Slimebound:ItLooksTasty","Slimebound:Schlurp+1","Slimebound:Repurpose","Slimebound:Schlurp","Slimebound:TongueLash+1","RitualDagger","Slimebound:Dissolve+1","Slimebound:ItLooksTasty+1","Slimebound:AcidTongue","Slimebound:LeechingTouch+1","Slimebound:GoopSpray+1","Slimebound:LeechEnergy+1","Slimebound:RainOfGoop+1","Slimebound:Gluttony+1","Slimebound:SpikyOuterGoop","Panache","Slimebound:Darklings"],"relics":["Slimebound:AbsorbEndCombatUpgraded","Letter Opener","Slimebound:GreedOozeRelic","Odd Mushroom","downfall:CloakOfManyFaces","CultistMask","FaceOfCleric","NlothsMask","GremlinMask","SsserpentHead","Sozu","Molten Egg 2","Anchor","Toy Ornithopter","Blood Vial","MerchantsRug","Vajra","Bottled Lightning","downfall:HeartBlessingGreen","Calipers"],"acts_visited":["Exordium","TheCity","TheBeyond"],"potions_floor_usage":[50],"damage_taken":[{"damage":1.0,"enemies":"Jaw Worm","floor":2.0,"turns":4.0},{"damage":2.0,"enemies":"Cultist","floor":4.0,"turns":4.0},{"damage":0.0,"enemies":"Small Slimes","floor":5.0,"turns":3.0},{"damage":23.0,"enemies":"3 Louse","floor":6.0,"turns":4.0},{"damage":0.0,"enemies":"Large Slime","floor":8.0,"turns":4.0},{"damage":16.0,"enemies":"The Mushroom Lair","floor":10.0,"turns":4.0},{"damage":20.0,"enemies":"downfall:FaceTrader","floor":11.0,"turns":9.0},{"damage":9.0,"enemies":"Red Slaver","floor":12.0,"turns":2.0},{"damage":0.0,"enemies":"Exordium Thugs","floor":13.0,"turns":3.0},{"damage":10.0,"enemies":"downfall:FleeingMerchant","floor":14.0,"turns":4.0},{"damage":2.0,"enemies":"Exordium Wildlife","floor":15.0,"turns":3.0},{"damage":13.0,"enemies":"SI_SHIV_ARCHETYPE","floor":16.0,"turns":8.0},{"damage":0.0,"enemies":"3 Byrds","floor":19.0,"turns":3.0},{"damage":0.0,"enemies":"Spheric Guardian","floor":20.0,"turns":3.0},{"damage":1.0,"enemies":"Snecko","floor":22.0,"turns":4.0},{"damage":32.0,"enemies":"Book of Stabbing","floor":25.0,"turns":5.0},{"damage":22.0,"enemies":"Shelled Parasite and Fungi","floor":26.0,"turns":3.0},{"damage":0.0,"enemies":"downfall:FleeingMerchant","floor":28.0,"turns":4.0},{"damage":0.0,"enemies":"Chosen and Byrds","floor":29.0,"turns":3.0},{"damage":0.0,"enemies":"Sentry and Sphere","floor":31.0,"turns":4.0},{"damage":0.0,"enemies":"Centurion and Healer","floor":32.0,"turns":5.0},{"damage":5.0,"enemies":"DF_ARCHETYPE_CLAW","floor":33.0,"turns":7.0},{"damage":0.0,"enemies":"Orb Walker","floor":36.0,"turns":4.0},{"damage":9.0,"enemies":"downfall:LadyInBlue","floor":37.0,"turns":8.0},{"damage":8.0,"enemies":"downfall:FleeingMerchant","floor":38.0,"turns":4.0},{"damage":0.0,"enemies":"3 Shapes","floor":39.0,"turns":2.0},{"damage":12.0,"enemies":"Sphere and 2 Shapes","floor":40.0,"turns":4.0},{"damage":12.0,"enemies":"Jaw Worm Horde","floor":44.0,"turns":5.0},{"damage":43.0,"enemies":"Nemesis","floor":45.0,"turns":7.0},{"damage":0,"enemies":"Reptomancer","floor":48,"turns":3},{"damage":3,"enemies":"Maw","floor":49,"turns":5},{"damage":7,"enemies":"IC_BLOCK_ARCHETYPE","floor":50,"turns":10}],"seed_played":"7506238874886899488","potions_obtained":[{"floor":4.0,"key":"AttackPotion"},{"floor":8.0,"key":"CultistPotion"},{"floor":12.0,"key":"SpeedPotion"},{"floor":15.0,"key":"SteroidPotion"},{"floor":16.0,"key":"bronze:BurnAndBuffPotion"}],"is_trial":false,"path_per_floor":["R","M","?","M","M","M","T","M","?","?","?","M","M","$","M","B",null,"R","M","M","?","M","T","T","E","M","?","$","M","R","M","M","B",null,"R","M","?","$","M","M","T","$","T","M","E","R","?","E","M","B",null],"character_chosen":"SLIMEBOUND","items_purchased":["Orrery","Slimebound:Schlurp","Whetstone","Anchor","Slimebound:GoopSpray","Slimebound:SpikyOuterGoop","Pear","Panache","MerchantsRug"],"campfire_rested":0,"item_purchase_floors":[14,14,28,28,28,38,38,38,42],"current_hp_per_floor":[71,71,71,71,71,50,50,52,52,39,27,22,26,21,23,22,76,76,77,78,72,75,75,75,49,32,32,40,43,43,47,54,63,86,86,87,88,99,100,91,91,91,91,98,68,68,68,81,95,106],"gold":245,"neow_bonus":"TEN_PERCENT_HP_BONUS","is_daily":false,"chose_seed":false,"campfire_upgraded":5,"win_rate":0.0,"timestamp":1610951511,"path_taken":["R","M","?","M","M","?","T","M","?","?","?","M","?","$","M","BOSS","R","M","M","?","M","?","T","E","?","?","$","M","R","?","M","BOSS","R","M","?","?","?","?","T","$","?","M","E","R","?","E","M","BOSS"],"items_purchased_type":["Relic","Card","Relic","Relic","Card","Card","Relic","Card","Relic"],"build_version":"2020-12-22","purchased_purges":2,"victory":true,"max_hp_per_floor":[71,71,71,71,71,71,71,71,71,71,71,72,73,74,75,76,76,76,77,78,78,79,79,79,80,81,81,82,83,83,84,85,86,86,86,87,88,99,100,101,101,101,101,102,103,103,103,104,105,106],"card_choices":[{"not_picked":["Slimebound:SamplingLick","Slimebound:RollThrough"],"picked":"Slimebound:LivingWall","floor":2.0},{"not_picked":["Slimebound:SpikyOuterGoop","Slimebound:SamplingLick"],"picked":"Slimebound:SplitMire","floor":4.0},{"not_picked":["Slimebound:FormOfPuddle","Slimebound:SlimeTap"],"picked":"Slimebound:LeechEnergy","floor":5.0},{"not_picked":["Slimebound:Teamwork","Slimebound:SplitBruiser"],"picked":"Slimebound:Replication","floor":6.0},{"not_picked":["Slimebound:FinishingTackle","Slimebound:LeechingTouch"],"picked":"Slimebound:Schlurp","floor":8.0},{"not_picked":["Slimebound:Prepare","Slimebound:FinishingTackle"],"picked":"Slimebound:LivingWall","floor":10.0},{"not_picked":["Slimebound:MassFeed","Slimebound:MegaLick"],"picked":"Slimebound:GrowthPunch","floor":11.0},{"not_picked":["Slimebound:BestDefense","Slimebound:FinishingTackle","Slimebound:LeechingTouch"],"picked":"SKIP","floor":12.0},{"not_picked":["Slimebound:SlimeTap","Slimebound:LivingWall"],"picked":"Slimebound:RejuvenatingLick","floor":13.0},{"not_picked":["Slimebound:Nibble","Slimebound:LeechEnergy"],"picked":"Slimebound:SpikyOuterGoop","floor":14.0},{"not_picked":["Slimebound:GoopSpray","Slimebound:SlimeBrawl"],"picked":"Slimebound:Repurpose","floor":14.0},{"not_picked":["Slimebound:LivingWall","Slimebound:ComboTackle"],"picked":"Slimebound:LeechEnergy","floor":14.0},{"not_picked":["Slimebound:GoopTackle","Slimebound:BestDefense"],"picked":"Slimebound:ItLooksTasty","floor":14.0},{"not_picked":["Slimebound:SplitLeeching","Slimebound:PressTheAttack"],"picked":"Slimebound:Repurpose","floor":15.0},{"not_picked":["Slimebound:SlimeSpikes","Slimebound:ComboTackle"],"picked":"Slimebound:Schlurp","floor":19.0},{"not_picked":["Slimebound:LevelUp","Slimebound:SplitAcid"],"picked":"Slimebound:TongueLash","floor":20.0},{"not_picked":["Slimebound:SplitMire+1","Slimebound:SlimeSpikes"],"picked":"Slimebound:Dissolve+1","floor":22.0},{"not_picked":["Slimebound:SlimeBarrage+1","Slimebound:DisruptingSlam+1"],"picked":"Slimebound:ItLooksTasty+1","floor":25.0},{"not_picked":["Slimebound:GoopTackle+1","Slimebound:Prepare"],"picked":"Slimebound:AcidTongue","floor":26.0},{"not_picked":["Slimebound:ViciousTackle+1","Slimebound:ForwardTackle+1"],"picked":"Slimebound:LeechingTouch+1","floor":28.0},{"not_picked":["Slimebound:SlimeBrawl","Slimebound:Repurpose+1","Slimebound:SamplingLick"],"picked":"SKIP","floor":29.0},{"not_picked":["Slimebound:Chomp+1","Slimebound:MegaLick"],"picked":"Slimebound:LeechEnergy+1","floor":31.0},{"not_picked":["Slimebound:LivingWall+1","Slimebound:Nibble+1","Slimebound:LeechingTouch+1"],"picked":"SKIP","floor":32.0},{"not_picked":["Slimebound:DuplicatedForm","Slimebound:OneTwoCombo+1"],"picked":"Slimebound:SlimeSlap+1","floor":33.0},{"not_picked":["Slimebound:SpikyOuterGoop+1","Slimebound:GoopTackle+1"],"picked":"Slimebound:RainOfGoop+1","floor":36.0},{"not_picked":["Slimebound:Prepare","Slimebound:BestDefense+1"],"picked":"Slimebound:Gluttony","floor":37.0},{"not_picked":["Slimebound:SplitBruiser","Slimebound:ViciousTackle+1","Slimebound:LeechEnergy+1"],"picked":"SKIP","floor":38.0},{"not_picked":["Slimebound:Repurpose+1","Slimebound:ForwardTackle+1","Slimebound:ProtectTheBoss"],"picked":"SKIP","floor":39.0},{"not_picked":["Slimebound:MegaLick+1","Slimebound:Gluttony","Slimebound:LeechEnergy+1"],"picked":"SKIP","floor":40.0},{"not_picked":["Slimebound:MegaLick","Slimebound:Replication+1","Slimebound:Grow+1"],"picked":"SKIP","floor":44.0},{"not_picked":["Slimebound:ProtectTheBoss+1","Slimebound:ViciousTackle+1","Slimebound:SlimeSpikes+1"],"picked":"SKIP","floor":45.0},{"not_picked":["Slimebound:ProtectTheBoss","Slimebound:FlameTackle+1","Slimebound:SplitBruiser+1"],"picked":"SKIP","floor":48},{"not_picked":["Slimebound:FinishingTackle+1","Slimebound:LivingWall+1","Slimebound:SplitMire"],"picked":"SKIP","floor":49}],"player_experience":1009570,"relics_obtained":[{"floor":7.0,"key":"Letter Opener"},{"floor":10.0,"key":"Odd Mushroom"},{"floor":11.0,"key":"downfall:CloakOfManyFaces"},{"floor":24.0,"key":"MawBank"},{"floor":25.0,"key":"Molten Egg 2"},{"floor":37.0,"key":"Toy Ornithopter"},{"floor":41.0,"key":"Blood Vial"},{"floor":43.0,"key":"Vajra"},{"floor":45.0,"key":"Bottled Lightning"},{"floor":48,"key":"Calipers"}],"event_choices":[{"cards_removed":["Slimebound:Defend_Slimebound"],"damage_healed":0.0,"max_hp_gain":0.0,"max_hp_loss":0.0,"gold_gain":0.0,"event_name":"Bonfire Elementals","player_choice":"Offered Basic","floor":3.0,"gold_loss":0.0,"damage_taken":0.0},{"damage_healed":0.0,"max_hp_gain":0.0,"max_hp_loss":0.0,"gold_gain":0.0,"event_name":"Mushrooms","player_choice":"Fought Mushrooms","floor":10.0,"gold_loss":0.0,"damage_taken":0.0}],"is_beta":false,"boss_relics":[{"not_picked":["Runic Dome","Slimebound:TarBlob"],"picked":"Sozu"},{"not_picked":["SacredBark","Busted Crown"],"picked":"Slimebound:AbsorbEndCombatUpgraded"}],"items_purged_floors":[14,38],"is_endless":false,"potions_floor_spawned":[4,8,12,15,16,22,25,26,29,33,37,44,45,48],"ascension_level":0}}