{"host":"l8n56n8abrvcftzc","time":1610968839,"event":{"mods":["Aspiration","BaseMod","Better Note","Better Third Choice","Colored Map","DeckTracker","Googly Eyes","Highlight Path","Hubris","Minty Spire (QoL Compilation)","Permanent Neow","Relic Stats","Replay The Spire","StSLib","SuperFastMode","Uncapped"],"gold_per_floor":[119,119,313,54,73,101,113,113,113,132,165,165,165,182,182,286,286,296,296,296,296,296,296,296],"floor_reached":23,"language":"ENG","playtime":1229,"items_purged":["Strike_R"],"score":222,"play_id":"88e9fe0a-c92e-4615-a697-41fe240d46b1","local_time":"20210118032039","is_ascension_mode":false,"campfire_choices":[{"floor":8.0,"key":"REST"},{"data":"Evolve","floor":15.0,"key":"SMITH"}],"circlet_count":0,"master_deck":["Strike_R","Strike_R","Strike_R","Strike_R","Defend_R","Defend_R","Defend_R","Defend_R","Bash","Evolve+1","ReplayTheSpireMod:LeadingStrike+1","Fire Breathing","Shrug It Off","Body Slam","Barricade","Battle Trance","Inflame","Injury","Body Slam+1","Double Tap","ReplayTheSpireMod:Splinters","Normality","ReplayTheSpireMod:Faulty Equipment","Body Slam+1"],"relics":["Burning Blood","aspiration:DSix","Replay:Rubber Ducky","ReplayTheSpireMod:Lightbulb","Juzu Bracelet","Molten Egg 2","hubris:ToyBattleship","Replay:Ancient Bell","ReplayFunnel","Gremlin Horn","Replay:PocketPolymizer"],"acts_visited":["Exordium","TheCity"],"potions_floor_usage":[],"damage_taken":[{"damage":7.0,"enemies":"2 Louse","floor":1.0,"turns":3.0},{"damage":0.0,"enemies":"Small Slimes","floor":5.0,"turns":4.0},{"damage":47.0,"enemies":"Gremlin Nob","floor":6.0,"turns":6.0},{"damage":3.0,"enemies":"Jaw Worm","floor":7.0,"turns":5.0},{"damage":10.0,"enemies":"Exordium Wildlife","floor":10.0,"turns":10.0},{"damage":0.0,"enemies":"Lagavulin","floor":11.0,"turns":7.0},{"damage":0.0,"enemies":"Large Slime","floor":14.0,"turns":7.0},{"damage":26.0,"enemies":"Slime Boss","floor":16.0,"turns":7.0},{"damage":37.0,"enemies":"Spheric Guardian","floor":18.0,"turns":7.0},{"damage":11,"enemies":"Shell Parasite","floor":23,"turns":3}],"seed_played":"1067800062781271422","potions_obtained":[{"floor":1.0,"key":"LifebloodPotion"},{"floor":7.0,"key":"Elixir"},{"floor":10.0,"key":"Energy Potion"},{"floor":16.0,"key":"PowerPotion"}],"is_trial":false,"path_per_floor":["M","?","?","$","M","E","M","R","T","M","E","?","?","M","R","B",null,"M","?","PTL","PTL","PTL","M"],"character_chosen":"IRONCLAD","items_purchased":["ReplayTheSpireMod:LeadingStrike+1","Fire Breathing","Shrug It Off"],"campfire_rested":1,"item_purchase_floors":[4,4,4],"current_hp_per_floor":[79,67,67,67,73,32,35,59,59,55,61,61,61,67,67,47,80,49,49,49,49,49,38,38],"gold":296,"neow_bonus":"DSIX","is_daily":false,"chose_seed":false,"campfire_upgraded":1,"win_rate":0.0,"timestamp":1610968839,"path_taken":["M","?","?","?","M","E","?","R","T","M","E","?","?","M","R","BOSS","M","?","PTL","PTL","PTL","M"],"items_purchased_type":["Card","Card","Card"],"build_version":"2020-12-22","purchased_purges":1,"victory":false,"max_hp_per_floor":[80,80,80,80,80,80,80,80,80,80,80,80,80,80,80,80,80,80,80,80,80,80,80,80],"relic_stats":{"Gremlin Horn":[0,0],"counters":[10,59],"Juzu Bracelet":0,"obtain_stats":[{"ReplayFunnel":17,"Replay:PocketPolymizer":17,"Gremlin Horn":17,"Molten Egg 2":12,"Juzu Bracelet":11,"hubris:ToyBattleship":13,"Replay:Ancient Bell":17,"aspiration:DSix":0,"ReplayTheSpireMod:Lightbulb":6,"Burning Blood":0,"Replay:Rubber Ducky":2},{"ReplayFunnel":8,"Replay:PocketPolymizer":8,"Gremlin Horn":8,"Molten Egg 2":6,"Juzu Bracelet":6,"hubris:ToyBattleship":6,"Replay:Ancient Bell":8,"aspiration:DSix":0,"ReplayTheSpireMod:Lightbulb":3,"Burning Blood":0,"Replay:Rubber Ducky":1},{"ReplayFunnel":49,"Replay:PocketPolymizer":49,"Gremlin Horn":49,"Molten Egg 2":35,"Juzu Bracelet":35,"hubris:ToyBattleship":35,"Replay:Ancient Bell":49,"aspiration:DSix":0,"ReplayTheSpireMod:Lightbulb":13,"Burning Blood":0,"Replay:Rubber Ducky":3}],"Burning Blood":54},"card_choices":[{"not_picked":["Sword Boomerang","Iron Wave"],"picked":"Evolve","floor":1.0},{"not_picked":["Clothesline","Iron Wave"],"picked":"Body Slam","floor":5.0},{"not_picked":["Metallicize","Hemogenesis"],"picked":"Barricade","floor":6.0},{"not_picked":["Warcry","hubris:ReadiedAction"],"picked":"Battle Trance","floor":7.0},{"not_picked":["Cleave","Hemokinesis"],"picked":"Inflame","floor":10.0},{"not_picked":["Pommel Strike","Fiend Fire","Clash"],"picked":"SKIP","floor":11.0},{"not_picked":["Armaments","Perfected Strike+1"],"picked":"Body Slam+1","floor":14.0},{"not_picked":["hubris:StunningStrike+1","Hemogenesis+1"],"picked":"Double Tap","floor":16.0},{"not_picked":["Shame","Amnesia"],"picked":"ReplayTheSpireMod:Splinters","floor":17.0},{"not_picked":["Hallucinations","hubris:Envy"],"picked":"Normality","floor":17.0},{"not_picked":["ReplayTheSpireMod:Restless Dread","ReplayTheSpireMod:IOU"],"picked":"ReplayTheSpireMod:Faulty Equipment","floor":17.0},{"not_picked":["Flex","Disarm"],"picked":"Body Slam+1","floor":18.0}],"player_experience":743707,"relics_obtained":[{"floor":6.0,"key":"ReplayTheSpireMod:Lightbulb"},{"floor":11.0,"key":"Juzu Bracelet"}],"event_choices":[{"damage_healed":0.0,"max_hp_gain":0.0,"max_hp_loss":0.0,"gold_gain":0.0,"event_name":"betterThird:BetterScrap","player_choice":"Relic ","floor":2.0,"gold_loss":0.0,"damage_taken":12.0,"cards_obtained":["Wraith Form v2"]},{"damage_healed":0.0,"max_hp_gain":0.0,"max_hp_loss":0.0,"gold_gain":0.0,"event_name":"WeMeetAgain","player_choice":"Gave Potion","floor":13.0,"gold_loss":0.0,"damage_taken":0.0,"relics_obtained":["hubris:ToyBattleship"]},{"cards_removed":["Normality"],"damage_healed":0.0,"max_hp_gain":0.0,"max_hp_loss":0.0,"gold_gain":0.0,"event_name":"betterNote:BetterNote","player_choice":"Give","floor":19.0,"gold_loss":0.0,"damage_taken":0.0,"cards_obtained":["Strike_B"]}],"is_beta":false,"boss_relics":[{"not_picked":["Velvet Choker","Ring of Chaos"],"picked":"Replay:Ancient Bell"},{"not_picked":["Potion Belt","ReplayTheSpireMod:TigerMarble"],"picked":"ReplayFunnel"},{"not_picked":["Eternal Feather","Replay:Bottled Snecko"],"picked":"Gremlin Horn"},{"not_picked":["Pondfish Scales","TungstenRod"],"picked":"Replay:PocketPolymizer"}],"items_purged_floors":[4],"is_endless":false,"potions_floor_spawned":[1,7,10,11,16],"killed_by":"Shell Parasite","ascension_level":0}}