{"host":"krqozg1tp0zpuvz3","time":1610940155,"event":{"mods":["AchievementEnabler","BaseMod","Better Altar","Better Match","Better Note","Better Sensory Stone","Better Third Choice","BetterRewards","Colored Map","DeckTracker","Keyboard Shortcuts","Minty Spire (QoL Compilation)","Permanent Neow","Relic Stats","Shop Mod","StSLib","SuperFastMode"],"gold_per_floor":[114,189,207,207,207,207,238,238,238,238,258,258,272,19,19,94,94,109,125,0,0,10,10,23,37,37,37,48,48,66,83,83,160,160,175,175,25,25,42,42,54,54,54,65,75,75,102,121,121,121],"floor_reached":51,"language":"KOR","playtime":2714,"items_purged":["Strike_P","Strike_P","Defend_P","Defend_P"],"score":1183,"play_id":"a954ba9c-b5d4-46d3-95fa-137aa4ee5002","local_time":"20210118122235","is_ascension_mode":true,"campfire_choices":[{"floor":6.0,"key":"REST"},{"floor":8.0,"key":"REST"},{"data":"Eruption","floor":10.0,"key":"SMITH"},{"data":"Adaptation","floor":15,"key":"SMITH"},{"data":"Scrawl","floor":23,"key":"SMITH"},{"data":"Adaptation","floor":27,"key":"SMITH"},{"data":"Crescendo","floor":29,"key":"SMITH"},{"floor":32,"key":"REST"},{"data":"Scrawl","floor":40,"key":"SMITH"},{"data":"MentalFortress","floor":42,"key":"SMITH"},{"data":"FlurryOfBlows","floor":46,"key":"SMITH"},{"data":"WaveOfTheHand","floor":49,"key":"SMITH"}],"circlet_count":0,"master_deck":["AscendersBane","Eruption+1","Vigilance+1","Adaptation+1","TalkToTheHand","Crescendo+1","Halt","MentalFortress+1","JustLucky","Adaptation+1","Scrawl+1","ClearTheMind+1","EmptyMind+1","ClearTheMind+1","Scrawl+1","FlurryOfBlows+1","DeusExMachina","InnerPeace","WaveOfTheHand+1"],"relics":["PureWater","CloakClasp","Letter Opener","Pen Nib","Bottled Lightning","Question Card","Ancient Tea Set","DollysMirror","Empty Cage","War Paint","Runic Pyramid","White Beast Statue","Dream Catcher"],"acts_visited":["Exordium","TheCity","TheBeyond"],"potions_floor_usage":[16,24,25,33,44,47],"damage_taken":[{"damage":1.0,"enemies":"Small Slimes","floor":1.0,"turns":3.0},{"damage":0.0,"enemies":"Cultist","floor":3.0,"turns":3.0},{"damage":8.0,"enemies":"Gremlin Nob","floor":7.0,"turns":4.0},{"damage":0.0,"enemies":"2 Louse","floor":11.0,"turns":3.0},{"damage":6,"enemies":"Blue Slaver","floor":13,"turns":4},{"damage":16,"enemies":"Hexaghost","floor":16,"turns":11},{"damage":7,"enemies":"Shell Parasite","floor":18,"turns":5},{"damage":0,"enemies":"3 Byrds","floor":19,"turns":4},{"damage":0,"enemies":"Shelled Parasite and Fungi","floor":22,"turns":4},{"damage":7,"enemies":"Snecko","floor":24,"turns":6},{"damage":0,"enemies":"Centurion and Healer","floor":25,"turns":4},{"damage":0,"enemies":"Snake Plant","floor":28,"turns":3},{"damage":0,"enemies":"Shelled Parasite and Fungi","floor":30,"turns":2},{"damage":0,"enemies":"Centurion and Healer","floor":31,"turns":2},{"damage":34,"enemies":"Collector","floor":33,"turns":8},{"damage":0,"enemies":"Orb Walker","floor":35,"turns":2},{"damage":0,"enemies":"3 Darklings","floor":39,"turns":1},{"damage":0,"enemies":"Spire Growth","floor":41,"turns":2},{"damage":0,"enemies":"4 Shapes","floor":44,"turns":1},{"damage":0,"enemies":"Transient","floor":45,"turns":5},{"damage":0,"enemies":"Reptomancer","floor":47,"turns":1},{"damage":0,"enemies":"Maw","floor":48,"turns":1},{"damage":23,"enemies":"Time Eater","floor":50,"turns":11}],"seed_played":"1836716417100703726","potions_obtained":[{"floor":1.0,"key":"SteroidPotion"},{"floor":7.0,"key":"Ambrosia"},{"floor":16,"key":"DuplicationPotion"},{"floor":22,"key":"CultistPotion"},{"floor":24,"key":"SkillPotion"},{"floor":28,"key":"PowerPotion"},{"floor":35,"key":"SkillPotion"},{"floor":44,"key":"Swift Potion"},{"floor":47,"key":"Fire Potion"}],"is_trial":false,"path_per_floor":["M","?","M","?","?","R","E","R","T","R","M","?","M","$","R","B",null,"M","M","$","?","M","R","M","M","T","R","M","R","M","M","R","B",null,"M","?","$","?","M","R","M","R","T","M","M","R","E","M","R","B",null],"character_chosen":"WATCHER","items_purchased":["Adaptation","TalkToTheHand","Letter Opener","Pen Nib","Block Potion","DollysMirror"],"campfire_rested":3,"item_purchase_floors":[0,0,0,0,0,14],"current_hp_per_floor":[29,18,18,18,18,38,30,50,50,50,50,50,44,44,44,28,58,51,51,51,51,51,51,44,44,44,44,44,44,44,44,64,30,59,59,59,59,59,59,59,59,59,59,59,59,59,59,59,59,36],"gold":121,"neow_bonus":"","is_daily":false,"chose_seed":false,"campfire_upgraded":9,"win_rate":0.0,"timestamp":1610940155,"path_taken":["M","?","M","?","?","R","E","R","T","R","M","?","M","$","R","BOSS","M","M","$","?","M","R","M","?","T","R","M","R","M","M","R","BOSS","M","?","$","?","M","R","M","R","T","M","M","R","E","M","R","BOSS"],"items_purchased_type":["Card","Card","Relic","Relic","Potion","Relic"],"build_version":"2020-12-22","purchased_purges":4,"victory":true,"max_hp_per_floor":[68,68,68,68,68,68,68,68,68,68,68,68,68,68,68,68,68,68,68,68,68,68,68,68,68,68,68,68,68,68,68,68,68,68,68,68,68,68,68,68,68,68,68,68,68,68,68,68,68,68],"relic_stats":{"Dream Catcher":0,"counters":[23,90],"Pen Nib":[45],"CloakClasp":[295],"Letter Opener":[565],"War Paint":["Vigilance","EmptyMind"],"Question Card":19,"obtain_stats":[{"Girya":0,"Pen Nib":0,"CloakClasp":0,"Whetstone":0,"Letter Opener":0,"War Paint":26,"Question Card":9,"Ancient Tea Set":12,"Empty Cage":17,"White Beast Statue":43,"Dream Catcher":47,"Busted Crown":0,"Ornamental Fan":0,"DollysMirror":14,"Gambling Chip":0,"WingedGreaves":0,"Bottled Lightning":7,"PureWater":0,"Unceasing Top":0,"TungstenRod":0,"Runic Pyramid":34},{"Girya":0,"Pen Nib":0,"CloakClasp":0,"Whetstone":0,"Letter Opener":0,"War Paint":11,"Question Card":3,"Ancient Tea Set":4,"Empty Cage":6,"White Beast Statue":18,"Dream Catcher":21,"Busted Crown":0,"Ornamental Fan":0,"DollysMirror":5,"Gambling Chip":0,"WingedGreaves":0,"Bottled Lightning":3,"PureWater":0,"Unceasing Top":0,"TungstenRod":0,"Runic Pyramid":15},{"Girya":0,"Pen Nib":0,"CloakClasp":0,"Whetstone":0,"Letter Opener":0,"War Paint":51,"Question Card":10,"Ancient Tea Set":13,"Empty Cage":28,"White Beast Statue":71,"Dream Catcher":78,"Busted Crown":0,"Ornamental Fan":0,"DollysMirror":17,"Gambling Chip":0,"WingedGreaves":0,"Bottled Lightning":10,"PureWater":0,"Unceasing Top":0,"TungstenRod":0,"Runic Pyramid":66}]},"card_choices":[{"not_picked":["BowlingBash","WheelKick"],"picked":"Crescendo","floor":1.0},{"not_picked":["Crescendo","FollowUp"],"picked":"Halt","floor":3.0},{"not_picked":["WheelKick","Halt"],"picked":"MentalFortress","floor":7.0},{"not_picked":["BowlingBash","TalkToTheHand","CutThroughFate"],"picked":"JustLucky","floor":11.0},{"not_picked":["EmptyFist","Halt","BowlingBash","FlyingSleeves"],"picked":"SKIP","floor":13},{"not_picked":["Ragnarok","Blasphemy","DevaForm"],"picked":"Scrawl","floor":16},{"not_picked":["WheelKick","Weave","Conclude+1"],"picked":"ClearTheMind+1","floor":18},{"not_picked":["Worship+1","Halt+1","ThirdEye+1"],"picked":"EmptyMind","floor":19},{"not_picked":["SashWhip","Consecrate","SignatureMove","PathToVictory"],"picked":"SKIP","floor":22},{"not_picked":["FlurryOfBlows+1","EmptyMind","ReachHeaven"],"picked":"ClearTheMind+1","floor":24},{"not_picked":["EmptyFist","Protect","Consecrate","Wireheading"],"picked":"SKIP","floor":25},{"not_picked":["WindmillStrike+1","EmptyFist","SandsOfTime","CrushJoints"],"picked":"SKIP","floor":28},{"not_picked":["Protect","Crescendo","Halt"],"picked":"Scrawl","floor":30},{"not_picked":["Prostrate","Evaluate","Wish"],"picked":"FlurryOfBlows","floor":31},{"not_picked":["Brilliance","SpiritShield","ConjureBlade"],"picked":"DeusExMachina","floor":33},{"not_picked":["Evaluate","FollowUp","FlyingSleeves"],"picked":"InnerPeace","floor":35},{"not_picked":["ForeignInfluence","FollowUp","SashWhip","Crescendo"],"picked":"SKIP","floor":39},{"not_picked":["Prostrate","Consecrate","InnerPeace","ReachHeaven"],"picked":"SKIP","floor":41},{"not_picked":["PathToVictory","EmptyFist","Pray","Halt"],"picked":"SKIP","floor":44},{"not_picked":["BowlingBash","Vengeance","TalkToTheHand+1","SashWhip"],"picked":"SKIP","floor":45},{"not_picked":["Meditate","Perseverance","Establishment","Consecrate"],"picked":"SKIP","floor":47},{"not_picked":["BowlingBash","EmptyBody","MentalFortress"],"picked":"WaveOfTheHand","floor":48}],"player_experience":342464,"relics_obtained":[{"floor":7.0,"key":"Bottled Lightning"},{"floor":9.0,"key":"Question Card"},{"floor":26,"key":"War Paint"},{"floor":43,"key":"White Beast Statue"},{"floor":47,"key":"Dream Catcher"}],"event_choices":[{"damage_healed":0.0,"max_hp_gain":0.0,"max_hp_loss":0.0,"gold_gain":75.0,"event_name":"betterThird:BetterGoop","player_choice":"Gold","floor":2.0,"gold_loss":0.0,"damage_taken":11.0},{"damage_healed":0.0,"max_hp_gain":0.0,"max_hp_loss":0.0,"gold_gain":0.0,"event_name":"betterThird:BetterScrap","player_choice":"LEAVE","floor":4.0,"gold_loss":0.0,"damage_taken":0.0,"cards_obtained":["Barricade"]},{"damage_healed":0.0,"max_hp_gain":0.0,"max_hp_loss":0.0,"gold_gain":0.0,"event_name":"betterThird:BetterSerpent","player_choice":"Ignored","floor":5.0,"gold_loss":0.0,"damage_taken":207.0},{"damage_healed":0.0,"max_hp_gain":0.0,"max_hp_loss":0.0,"gold_gain":0.0,"event_name":"Dead Adventurer","player_choice":"Searched \u00271\u0027 times","floor":12.0,"gold_loss":0.0,"damage_taken":0.0,"relics_obtained":["Ancient Tea Set"]},{"damage_healed":0,"gold_gain":0,"cards_transformed":["Defend_P"],"player_choice":"Transformed","damage_taken":0,"max_hp_gain":0,"max_hp_loss":0,"event_name":"Transmorgrifier","floor":21,"gold_loss":0,"cards_obtained":["Wallop"]},{"cards_removed":["Wallop"],"damage_healed":0,"gold_gain":0,"player_choice":"Removed Attack","damage_taken":0,"max_hp_gain":0,"max_hp_loss":0,"event_name":"Falling","floor":36,"gold_loss":0},{"cards_removed":["Defend_P"],"damage_healed":0,"gold_gain":0,"player_choice":"Card Removal","damage_taken":0,"max_hp_gain":0,"max_hp_loss":0,"event_name":"Wheel of Change","floor":38,"gold_loss":0}],"is_beta":false,"boss_relics":[{"not_picked":["HolyWater","Velvet Choker"],"picked":"Empty Cage"},{"not_picked":["Runic Dome","Snecko Eye"],"picked":"Runic Pyramid"}],"items_purged_floors":[0,14,20,37],"is_endless":false,"potions_floor_spawned":[1,7,16,22,24,28,35,41,44,45,47,48],"ascension_level":14}}