{"host":"dn6kke80v5f7isus","time":1610934562,"event":{"mods":["AchievementEnabler","Act Like it!","BaseMod","Colored Powertips","Custom Start","Defuse TimeMaze Blight","Duelist Mod","Gremlin Skip","Highlight Path","Hubris","Infinite Spire","Minty Spire (QoL Compilation)","Rare Cards Sparkle","Replay The Spire","StSLib","Uncapped"],"gold_per_floor":[111,129,129,49,62,62,96,96,96,96,96,144,178,103,103,271,271,307,307,360,459,510,510,566,654,702,702,761,809,850,902,902,983,983],"floor_reached":33,"language":"ENG","playtime":1256,"items_purged":["Strike_G"],"score":341,"play_id":"f0699e48-a539-414c-8583-decc06b02862","local_time":"20210117204922","is_ascension_mode":true,"campfire_choices":[{"data":"Draining Mist","floor":6,"key":"SMITH"},{"data":"Prepared","floor":8,"key":"SMITH"},{"data":"Quick Slash","floor":10,"key":"SMITH"},{"data":"Neutralize","floor":15,"key":"SMITH"},{"data":"Replay:Bag of Tricks","floor":23,"key":"SMITH"},{"data":"ReplayTheSpireMod:Haul","floor":27,"key":"SMITH"},{"floor":32,"key":"REST"}],"circlet_count":0,"master_deck":["Strike_G","Strike_G","Defend_G","Defend_G","Defend_G","Defend_G","Survivor","Neutralize+1","Quick Slash+1","Draining Mist+1","Prepared+1","Replay:Bag of Tricks+1","Die Die Die+1","PiercingWail+1","Predator+1","Backflip","Escape Plan","ReplayTheSpireMod:Haul+1","Deadly Poison","Adrenaline"],"relics":["Ring of the Snake","NeowsBlessing","hubris:Towel","Replay:Bandana","hubris:MysteriousPyramids","Kunai","Bag of Marbles","Astrolabe","Red Mask","Bronze Scales","Omamori","Akabeko","HornCleat","Gremlin Horn"],"acts_visited":["Exordium","TheCity"],"potions_floor_usage":[13,18,31,31,31],"damage_taken":[{"damage":0,"enemies":"2 Louse","floor":1,"turns":1},{"damage":0,"enemies":"Jaw Worm","floor":2,"turns":1},{"damage":0,"enemies":"Small Slimes","floor":5,"turns":1},{"damage":10,"enemies":"Gremlin Nob","floor":7,"turns":4},{"damage":8,"enemies":"Exordium Wildlife","floor":13,"turns":3},{"damage":30,"enemies":"The Guardian","floor":16,"turns":15},{"damage":0,"enemies":"Shell Parasite","floor":18,"turns":4},{"damage":0,"enemies":"Masked Bandits","floor":20,"turns":3},{"damage":4,"enemies":"3 Byrds","floor":22,"turns":5},{"damage":3,"enemies":"Nightmare","floor":25,"turns":10},{"damage":2,"enemies":"Book of Stabbing","floor":28,"turns":5},{"damage":5,"enemies":"Centurion and Healer","floor":29,"turns":5},{"damage":1,"enemies":"Shelled Parasite and Fungi","floor":30,"turns":3},{"damage":3,"enemies":"Slavers","floor":31,"turns":2},{"damage":61,"enemies":"Champ","floor":33,"turns":10}],"seed_played":"7975521495283009775","potions_obtained":[{"floor":1,"key":"GamblersBrew"},{"floor":16,"key":"Energy Potion"},{"floor":18,"key":"Elixir"},{"floor":24,"key":"Strength Potion"},{"floor":24,"key":"GamblersBrew"},{"floor":30,"key":"Poison Potion"}],"is_trial":false,"path_per_floor":["M","M","?","$","M","R","E","R","T","R","?","T","M","$","R","B",null,"M","?","?","?","M","R","?","NM","T","R","E","M","M","E","R","B"],"character_chosen":"THE_SILENT","items_purchased":["Draining Mist"],"campfire_rested":1,"item_purchase_floors":[4],"current_hp_per_floor":[70,70,70,70,70,70,60,60,60,60,60,60,52,52,52,22,70,70,70,70,70,66,66,49,46,46,46,44,39,38,35,56,0,0],"gold":983,"neow_bonus":"THREE_ENEMY_KILL","is_daily":false,"chose_seed":false,"campfire_upgraded":6,"win_rate":0.0,"timestamp":1610934562,"path_taken":["M","M","?","$","M","R","E","R","T","R","?","?","M","$","R","BOSS","M","?","?","?","?","R","?","NM","T","R","E","M","?","E","R","BOSS"],"items_purchased_type":["Card"],"build_version":"2020-12-22","purchased_purges":1,"victory":false,"max_hp_per_floor":[70,70,70,70,70,70,70,70,70,70,70,70,70,70,70,70,70,70,70,70,70,70,70,70,70,70,70,70,70,70,70,70,70,70],"card_choices":[{"not_picked":["Dagger Spray","Choke"],"picked":"Quick Slash","floor":1},{"not_picked":["Bane","ReplayTheSpireMod:Scrap Shanks","Dagger Spray"],"picked":"SKIP","floor":2},{"not_picked":["hubris:Counter","Bane","Deflect"],"picked":"SKIP","floor":5},{"not_picked":["hubris:TrickCloak","Sucker Punch"],"picked":"Prepared","floor":7},{"not_picked":["Skewer","hubris:TrickCloak","ReplayTheSpireMod:The Works"],"picked":"SKIP","floor":13},{"not_picked":["Wraith Form v2","Burst"],"picked":"Replay:Bag of Tricks","floor":16},{"not_picked":["Quick Slash","Dagger Throw"],"picked":"Backflip","floor":18},{"not_picked":["Hidden Blade","Dagger Spray"],"picked":"Escape Plan","floor":20},{"not_picked":["Bouncing Flask","Bullet Time","Terror"],"picked":"SKIP","floor":22},{"not_picked":["infinitespire:SevenWalls","infinitespire:SealOfDarkness+"],"picked":"ReplayTheSpireMod:Haul","floor":25},{"not_picked":["Prepared+1","Storm of Steel","Bouncing Flask"],"picked":"SKIP","floor":25},{"not_picked":["Prepared","Corpse Explosion"],"picked":"Deadly Poison","floor":28},{"not_picked":["ReplayTheSpireMod:Shiv Toss+1","Outmaneuver+1"],"picked":"Adrenaline","floor":29},{"not_picked":["Well Laid Plans","Outmaneuver+1","Deadly Poison"],"picked":"SKIP","floor":30},{"not_picked":["Dagger Spray","Leg Sweep+1","Dagger Throw"],"picked":"SKIP","floor":31}],"player_experience":564779,"relics_obtained":[{"floor":7,"key":"Replay:Bandana"},{"floor":9,"key":"hubris:MysteriousPyramids"},{"floor":11,"key":"Kunai"},{"floor":12,"key":"Bag of Marbles"},{"floor":20,"key":"Red Mask"},{"floor":24,"key":"Bronze Scales"},{"floor":25,"key":"Omamori"},{"floor":26,"key":"Akabeko"},{"floor":28,"key":"HornCleat"},{"floor":31,"key":"Gremlin Horn"}],"event_choices":[{"damage_healed":0,"gold_gain":0,"player_choice":"Fought Bandits","damage_taken":0,"max_hp_gain":0,"max_hp_loss":0,"event_name":"Masked Bandits","floor":20,"gold_loss":0},{"damage_healed":0,"gold_gain":99,"player_choice":"Stole From Cult","damage_taken":0,"max_hp_gain":0,"max_hp_loss":0,"event_name":"Nest","floor":21,"gold_loss":0}],"is_beta":false,"boss_relics":[{"not_picked":["ReplayTheSpireMod:SealedPack","hubris:BlackHole"],"picked":"Astrolabe"}],"items_purged_floors":[14],"is_endless":true,"potions_floor_spawned":[1,16,18,25,29,30],"killed_by":"Champ","ascension_level":1}}