{"host":"vyjryxuuuxkt43k4","time":1610948377,"event":{"mods":["AchievementEnabler","BaseMod","Colored Map","DeckTracker","Keyboard Shortcuts","Minty Spire (QoL Compilation)","Permanent Neow","Quick Restart","StSLib","SuperFastMode","everything is the same but u backflip on backflip"],"gold_per_floor":[110,185,212,212,229,229,259,41,41,54,64,14,28,38,38,134,134,144,144,154,173,73,73,87,87,134,134,134,153,46,46,46,146,146,160,64,80,130,144,179,179,205,287,287,307,320,22,39,39,39,39,39,39,64,64],"floor_reached":56,"language":"KOR","playtime":4698,"items_purged":["Strike_R","Defend_R"],"score":1853,"play_id":"a9c74b39-b4de-4c9b-985c-754d990b08fa","local_time":"20210118143937","is_ascension_mode":true,"campfire_choices":[{"data":"Hemokinesis","floor":6.0,"key":"SMITH"},{"floor":15.0,"key":"REST"},{"data":"Barricade","floor":23.0,"key":"SMITH"},{"data":"Body Slam","floor":25.0,"key":"SMITH"},{"data":"Seeing Red","floor":28.0,"key":"SMITH"},{"data":"Dark Embrace","floor":32.0,"key":"SMITH"},{"data":"Corruption","floor":41.0,"key":"SMITH"},{"floor":44.0,"key":"RECALL"},{"floor":49.0,"key":"REST"},{"floor":52.0,"key":"DIG"}],"circlet_count":0,"master_deck":["AscendersBane","Inflame","Barricade+1","Seeing Red+1","Carnage","Impervious","Blood for Blood","Shrug It Off","Body Slam+1","Intimidate+1","Dark Embrace+1","Sever Soul","Corruption+1","Wild Strike+1","Whirlwind+1","Double Tap+1","Heavy Blade+1","Battle Trance+1","Flame Barrier+1","Second Wind","Evolve","Intimidate+1","Feel No Pain+1"],"relics":["Burning Blood","Self Forming Clay","Dead Branch","Mark of Pain","MealTicket","Astrolabe","Turnip","Shovel","Singing Bowl","Question Card","Paper Frog","Bronze Scales","Lantern","Ornamental Fan","Sundial"],"acts_visited":["Exordium","TheCity","TheBeyond","TheEnding"],"potions_floor_usage":[55],"damage_taken":[{"damage":1.0,"enemies":"Small Slimes","floor":1.0,"turns":4.0},{"damage":14.0,"enemies":"Jaw Worm","floor":5.0,"turns":3.0},{"damage":12.0,"enemies":"Gremlin Nob","floor":7.0,"turns":3.0},{"damage":10.0,"enemies":"2 Louse","floor":10.0,"turns":2.0},{"damage":21.0,"enemies":"Exordium Wildlife","floor":11.0,"turns":5.0},{"damage":8.0,"enemies":"Exordium Thugs","floor":13.0,"turns":5.0},{"damage":3.0,"enemies":"Gremlin Gang","floor":14.0,"turns":3.0},{"damage":8.0,"enemies":"The Guardian","floor":16.0,"turns":15.0},{"damage":29.0,"enemies":"3 Byrds","floor":18.0,"turns":8.0},{"damage":8.0,"enemies":"Chosen","floor":20.0,"turns":6.0},{"damage":3.0,"enemies":"Snecko","floor":21.0,"turns":5.0},{"damage":8.0,"enemies":"Cultist and Chosen","floor":24.0,"turns":6.0},{"damage":8.0,"enemies":"Sentry and Sphere","floor":29.0,"turns":3.0},{"damage":26.0,"enemies":"Collector","floor":33.0,"turns":10.0},{"damage":8.0,"enemies":"Orb Walker","floor":35.0,"turns":3.0},{"damage":31.0,"enemies":"3 Shapes","floor":37.0,"turns":5.0},{"damage":24.0,"enemies":"Mind Bloom Boss Battle","floor":38.0,"turns":8.0},{"damage":31.0,"enemies":"Jaw Worm Horde","floor":39.0,"turns":5.0},{"damage":0.0,"enemies":"Giant Head","floor":40.0,"turns":6.0},{"damage":1.0,"enemies":"Nemesis","floor":42.0,"turns":3.0},{"damage":30.0,"enemies":"Sphere and 2 Shapes","floor":45.0,"turns":4.0},{"damage":0.0,"enemies":"Maw","floor":46.0,"turns":3.0},{"damage":6.0,"enemies":"Writhing Mass","floor":48.0,"turns":4.0},{"damage":30.0,"enemies":"Donu and Deca","floor":50.0,"turns":3.0},{"damage":18,"enemies":"Shield and Spear","floor":54,"turns":7},{"damage":25,"enemies":"The Heart","floor":55,"turns":5}],"seed_played":"-4720742606572548377","potions_obtained":[{"floor":1.0,"key":"BlessingOfTheForge"},{"floor":11.0,"key":"Weak Potion"},{"floor":13.0,"key":"SneckoOil"},{"floor":14.0,"key":"BlessingOfTheForge"},{"floor":18.0,"key":"Regen Potion"},{"floor":33.0,"key":"BloodPotion"},{"floor":37.0,"key":"BloodPotion"},{"floor":40.0,"key":"EssenceOfSteel"},{"floor":42.0,"key":"Strength Potion"},{"floor":45.0,"key":"SteroidPotion"},{"floor":48.0,"key":"GamblersBrew"}],"is_trial":false,"path_per_floor":["M","?","T","?","M","R","E","$","T","M","M","?","M","M","R","B",null,"M","?","M","M","$","R","M","R","T","?","R","M","$","?","R","B",null,"M","?","M","?","M","E","R","E","T","R","M","M","$","M","R","B",null,"R","$","E","B",null],"character_chosen":"IRONCLAD","items_purchased":["Barricade","Dark Embrace","Sever Soul","Bronze Scales","Lantern"],"campfire_rested":2,"item_purchase_floors":[8,30,30,47,47],"current_hp_per_floor":[56,45,45,45,37,37,31,31,31,27,12,12,10,13,37,35,69,46,46,44,47,47,47,45,45,45,45,45,43,58,43,43,38,73,71,71,63,45,37,43,43,48,48,48,26,32,47,47,73,49,78,78,87,77,58],"gold":64,"neow_bonus":"REMOVE_TWO","is_daily":false,"chose_seed":false,"campfire_upgraded":6,"win_rate":0.0,"timestamp":1610948377,"path_taken":["M","?","?","?","M","R","E","$","T","M","M","?","?","M","R","BOSS","M","?","M","M","$","R","?","R","T","?","R","M","$","?","R","BOSS","M","?","?","?","M","E","R","E","T","R","M","M","?","?","R","BOSS","R","$","E","BOSS"],"items_purchased_type":["Card","Card","Card","Relic","Relic"],"build_version":"2020-12-22","purchased_purges":2,"victory":true,"max_hp_per_floor":[80,80,80,80,80,80,80,80,80,80,80,80,80,80,80,80,80,80,80,80,80,80,80,80,80,80,80,80,80,80,85,85,85,85,85,85,85,85,85,85,85,85,85,85,87,87,87,87,87,87,87,87,87,89,89],"card_choices":[{"not_picked":["Reckless Charge","Thunderclap"],"picked":"Hemokinesis","floor":1.0},{"not_picked":["Fire Breathing","Thunderclap"],"picked":"Inflame","floor":5.0},{"not_picked":["Twin Strike","Thunderclap","Clash"],"picked":"SKIP","floor":7.0},{"not_picked":["Wild Strike","Flex"],"picked":"Seeing Red","floor":10.0},{"not_picked":["Cleave","Armaments"],"picked":"Carnage","floor":11.0},{"not_picked":["Headbutt","Cleave","Combust"],"picked":"SKIP","floor":13.0},{"not_picked":["Thunderclap","Heavy Blade","Dual Wield"],"picked":"SKIP","floor":14.0},{"not_picked":["Juggernaut","Demon Form"],"picked":"Impervious","floor":16.0},{"not_picked":["Wild Strike+1","Clothesline","Heavy Blade+1"],"picked":"SKIP","floor":18.0},{"not_picked":["Shrug It Off","Uppercut"],"picked":"Blood for Blood","floor":20.0},{"not_picked":["Cleave","Heavy Blade"],"picked":"Shrug It Off","floor":21.0},{"not_picked":["Ghostly Armor","Thunderclap"],"picked":"Body Slam","floor":24.0},{"not_picked":["Hemokinesis+1","Thunderclap"],"picked":"Intimidate+1","floor":29.0},{"not_picked":["Demon Form","Barricade"],"picked":"Corruption","floor":33.0},{"not_picked":["Pommel Strike","Inflame"],"picked":"Heavy Blade+1","floor":35.0},{"not_picked":["Perfected Strike+1","Wild Strike+1","Heavy Blade"],"picked":"SKIP","floor":37.0},{"not_picked":["Inflame","Shrug It Off+1"],"picked":"Battle Trance+1","floor":38.0},{"not_picked":["Clothesline+1","Sword Boomerang"],"picked":"Flame Barrier+1","floor":39.0},{"not_picked":["Spot Weakness+1","Rampage"],"picked":"Second Wind","floor":40.0},{"not_picked":["Sword Boomerang+1","Wild Strike+1"],"picked":"Evolve","floor":42.0},{"not_picked":["Searing Blow+1","Uppercut+1","Hemokinesis+1","Carnage+1"],"picked":"Singing Bowl","floor":45.0},{"not_picked":["Disarm+1","Uppercut","Sword Boomerang+1"],"picked":"Intimidate+1","floor":46.0},{"not_picked":["Whirlwind","Sword Boomerang+1","Dark Embrace"],"picked":"Feel No Pain+1","floor":48.0},{"not_picked":["Anger","Wild Strike+1","Sword Boomerang","Hemokinesis+1"],"picked":"Singing Bowl","floor":54}],"player_experience":440105,"relics_obtained":[{"floor":7.0,"key":"Self Forming Clay"},{"floor":9.0,"key":"Dead Branch"},{"floor":26.0,"key":"MealTicket"},{"floor":38.0,"key":"Shovel"},{"floor":40.0,"key":"Singing Bowl"},{"floor":42.0,"key":"Question Card"},{"floor":43.0,"key":"Paper Frog"},{"floor":52.0,"key":"Ornamental Fan"},{"floor":54,"key":"Sundial"}],"event_choices":[{"damage_healed":0.0,"max_hp_gain":0.0,"max_hp_loss":0.0,"gold_gain":75.0,"event_name":"World of Goop","player_choice":"Gather Gold","floor":2.0,"gold_loss":0.0,"damage_taken":11.0},{"cards_removed":["Strike_R"],"damage_healed":0.0,"max_hp_gain":0.0,"max_hp_loss":0.0,"gold_gain":0.0,"event_name":"Living Wall","player_choice":"Forget","floor":4.0,"gold_loss":0.0,"damage_taken":0.0},{"cards_removed":["Strike_R"],"damage_healed":0.0,"max_hp_gain":0.0,"max_hp_loss":0.0,"gold_gain":0.0,"event_name":"The Cleric","player_choice":"Card Removal","floor":12.0,"gold_loss":50.0,"damage_taken":0.0},{"cards_removed":["Bash"],"damage_healed":0.0,"max_hp_gain":0.0,"max_hp_loss":0.0,"gold_gain":0.0,"event_name":"Purifier","player_choice":"Purged","floor":19.0,"gold_loss":0.0,"damage_taken":0.0},{"cards_removed":["Defend_R"],"damage_healed":0.0,"max_hp_gain":0.0,"max_hp_loss":0.0,"gold_gain":0.0,"event_name":"Back to Basics","player_choice":"Elegance","floor":27.0,"gold_loss":0.0,"damage_taken":0.0},{"damage_healed":0.0,"max_hp_gain":5.0,"max_hp_loss":0.0,"gold_gain":0.0,"event_name":"Forgotten Altar","player_choice":"Shed Blood","floor":31.0,"gold_loss":0.0,"damage_taken":20.0},{"damage_healed":0.0,"max_hp_gain":0.0,"max_hp_loss":0.0,"gold_gain":0.0,"event_name":"WeMeetAgain","player_choice":"Paid Gold","floor":36.0,"gold_loss":96.0,"damage_taken":0.0,"relics_obtained":["Turnip"]},{"damage_healed":0.0,"max_hp_gain":0.0,"max_hp_loss":0.0,"gold_gain":0.0,"event_name":"MindBloom","player_choice":"Fight","floor":38.0,"gold_loss":0.0,"damage_taken":0.0}],"is_beta":false,"boss_relics":[{"not_picked":["Tiny House","Philosopher\u0027s Stone"],"picked":"Mark of Pain"},{"not_picked":["Runic Dome","Coffee Dripper"],"picked":"Astrolabe"}],"items_purged_floors":[8,22],"is_endless":false,"potions_floor_spawned":[1,11,13,14,18,21,33,37,40,42,45,48],"ascension_level":11}}