{"host":"e6sgj53qqwx3piqv","time":1610937003,"event":{"mods":["AchievementEnabler","Aspiration","BaseMod","BetterRewards","Colored Powertips","Downfall","Hermit","Hubris","Infinite Spire","Minty Spire (QoL Compilation)","Quick Restart","Rare Cards Sparkle","Shop Mod","StSLib","The Cursed","The Disciple","The Jungle","The Runesmith"],"gold_per_floor":[99,119,119,138,153,253,253,28,44,63,63,76,76,126,141,141,141,141],"floor_reached":16,"language":"ENG","playtime":9254,"items_purged":[],"score":94,"play_id":"e1076d6a-ce06-4c51-8e32-5cbbc89f5651","local_time":"20210117213003","is_ascension_mode":false,"campfire_choices":[{"data":"hexamod:Sear","floor":1,"key":"SMITH"},{"data":"expansioncontent:QuickStudy","floor":11,"key":"SMITH"},{"data":"hexamod:GhostOfSpirePast","floor":13,"key":"SMITH"}],"circlet_count":0,"master_deck":["hexamod:Strike","hexamod:Strike","hexamod:Strike","hexamod:Strike","hexamod:Defend","hexamod:Defend","hexamod:Defend","hexamod:Defend","hexamod:Sear+1","hexamod:Float","hexamod:ExtraCrispy","hexamod:InspiringFlames","hexamod:SpectersWail","hexamod:Firestarter","hexamod:DynamicBlow","expansioncontent:QuickStudy+1","hexamod:RadiantFlame","hexamod:BacktrackSmack","hexamod:NightmareGuise","hexamod:TurnItUp","hexamod:GhostOfSpirePast+1","hexamod:ExtraCrispy","hexamod:Firestarter"],"relics":["hexamod:SpiritBrand","downfall:CloakOfManyFaces","CultistMask","FaceOfCleric","NlothsMask","GremlinMask","SsserpentHead"],"acts_visited":["Exordium"],"potions_floor_usage":[6],"damage_taken":[{"damage":0,"enemies":"Jaw Worm","floor":2,"turns":3},{"damage":6,"enemies":"Cultist","floor":4,"turns":4},{"damage":0,"enemies":"Small Slimes","floor":5,"turns":3},{"damage":4,"enemies":"downfall:FaceTrader","floor":6,"turns":11},{"damage":0,"enemies":"downfall:FleeingMerchant","floor":8,"turns":4},{"damage":24,"enemies":"Exordium Thugs","floor":9,"turns":4},{"damage":9,"enemies":"Blue Slaver","floor":10,"turns":4},{"damage":5,"enemies":"3 Louse","floor":12,"turns":3},{"damage":33,"enemies":"Gremlin Gang","floor":15,"turns":6},{"damage":24,"enemies":"DF_ARCHETYPE_STREAMLINE","floor":16,"turns":3}],"seed_played":"-5803791290457101606","potions_obtained":[{"floor":4,"key":"champ:CounterPotion"},{"floor":5,"key":"AttackPotion"},{"floor":6,"key":"hexamod:SoulburnPotion"},{"floor":9,"key":"Regen Potion"}],"is_trial":false,"path_per_floor":["R","M","?","M","M","?","T","$","M","M","R","M","R","?","M","B"],"character_chosen":"THE_SPIRIT","items_purchased":["expansioncontent:QuickStudy","hexamod:RadiantFlame","hexamod:BacktrackSmack"],"campfire_rested":0,"item_purchase_floors":[8,8,8],"current_hp_per_floor":[77,77,77,71,71,67,67,68,45,37,37,33,33,33,11,0,0,0],"gold":141,"neow_bonus":"TEN_PERCENT_HP_BONUS","is_daily":false,"chose_seed":false,"campfire_upgraded":3,"win_rate":0.0,"timestamp":1610937003,"path_taken":["R","M","?","?","M","?","T","?","M","M","R","M","R","?","M","BOSS"],"items_purchased_type":["Card","Card","Card"],"build_version":"2020-12-22","purchased_purges":0,"victory":false,"max_hp_per_floor":[77,77,77,77,77,77,77,78,79,80,80,81,81,81,82,82,82,82],"card_choices":[{"not_picked":["hexamod:RecurringNightmare","hexamod:FirstSeal"],"picked":"hexamod:ExtraCrispy","floor":2},{"not_picked":["hexamod:NightmareStrike","hexamod:SpectersWail"],"picked":"hexamod:InspiringFlames","floor":4},{"not_picked":["hexamod:InspiringFlames","hexamod:ShieldOfDarkness"],"picked":"hexamod:SpectersWail","floor":5},{"not_picked":["hexamod:FourthSeal","hexamod:HeatShield"],"picked":"hexamod:Firestarter","floor":6},{"not_picked":["hexamod:BurningTouch","hexamod:HeatMetal"],"picked":"hexamod:DynamicBlow","floor":8},{"not_picked":["hexamod:Haunt","hexamod:ThermalTransfer"],"picked":"hexamod:NightmareGuise","floor":9},{"not_picked":["hexamod:InspiringFlames","hexamod:BurningTouch"],"picked":"hexamod:TurnItUp","floor":10},{"not_picked":["hexamod:FastForward","hexamod:InspiringFlames"],"picked":"hexamod:GhostOfSpirePast","floor":12},{"not_picked":["hexamod:BacktrackSmack","hexamod:NightmareStrike"],"picked":"hexamod:Firestarter","floor":15}],"player_experience":147667,"relics_obtained":[{"floor":6,"key":"downfall:CloakOfManyFaces"}],"event_choices":[],"is_beta":false,"boss_relics":[],"items_purged_floors":[],"is_endless":false,"potions_floor_spawned":[4,5,6,9],"killed_by":"DF_ARCHETYPE_STREAMLINE","ascension_level":0}}