{"host":"3a1ypf1irl30q4k8","time":1610983443,"event":{"mods":["AchievementEnabler","BaseMod","Bestiary","Colored Map","Minty Spire (QoL Compilation)","Relic Stats"],"gold_per_floor":[119,133,150,161,236,266,266,279,328,345,361,394,411,426,426,521,521,538,538,538,538,59,90,90,121,121,147,159,53,53,72,72,168,168,186,199,199,26,26,26,38,73,149,160,160,188,200,238,250,262,274,286,25,60,60],"floor_reached":56,"language":"ENG","playtime":4228,"items_purged":["Strike_R","Strike_R","Writhe"],"score":1487,"play_id":"22b88988-d53d-4431-b2b5-b6ca7952ff0a","local_time":"20210118152403","is_ascension_mode":true,"campfire_choices":[{"floor":7.0,"key":"REST"},{"floor":15.0,"key":"REST"},{"data":"Rupture","floor":30.0,"key":"SMITH"},{"floor":32.0,"key":"REST"},{"data":"Power Through","floor":40.0,"key":"SMITH"},{"floor":47.0,"key":"REST"},{"floor":49.0,"key":"RECALL"},{"data":"Feel No Pain","floor":52,"key":"SMITH"}],"circlet_count":0,"master_deck":["Defend_R","Defend_R","Defend_R","Defend_R","Bash","Shrug It Off","Pommel Strike","Inflame","Reckless Charge","Pummel","Sever Soul","Thunderclap","Power Through+1","Corruption","Battle Trance","Brutality","Havoc+1","Dual Wield","Havoc","Shrug It Off+1","True Grit+1","Clothesline","Feel No Pain+1","Seeing Red+1","Cleave","Rupture+1","Battle Trance+1","Feel No Pain+1","Double Tap+1","Rupture+1","Dark Embrace+1","Shrug It Off+1","Burning Pact+1","Entrench+1","Combust+1","Warcry+1","Impervious+1","Juggernaut"],"relics":["Burning Blood","NeowsBlessing","Charon\u0027s Ashes","Oddly Smooth Stone","Matryoshka","Snecko Eye","Bag of Marbles","Toxic Egg 2","Champion Belt","Dream Catcher","Regal Pillow","Shuriken","Empty Cage","Nunchaku","Centennial Puzzle","Sundial","MawBank","Dead Branch","HornCleat"],"acts_visited":["Exordium","TheCity","TheBeyond","TheEnding"],"potions_floor_usage":[],"damage_taken":[{"damage":0.0,"enemies":"Small Slimes","floor":1.0,"turns":1.0},{"damage":0.0,"enemies":"Cultist","floor":2.0,"turns":1.0},{"damage":0.0,"enemies":"2 Louse","floor":3.0,"turns":1.0},{"damage":7.0,"enemies":"Large Slime","floor":4.0,"turns":6.0},{"damage":50.0,"enemies":"Lagavulin","floor":6.0,"turns":6.0},{"damage":11.0,"enemies":"Exordium Thugs","floor":8.0,"turns":4.0},{"damage":0.0,"enemies":"2 Fungi Beasts","floor":10.0,"turns":2.0},{"damage":11.0,"enemies":"Blue Slaver","floor":11.0,"turns":3.0},{"damage":28.0,"enemies":"Gremlin Nob","floor":12.0,"turns":4.0},{"damage":16.0,"enemies":"Looter","floor":13.0,"turns":3.0},{"damage":0.0,"enemies":"Red Slaver","floor":14.0,"turns":2.0},{"damage":9.0,"enemies":"Slime Boss","floor":16.0,"turns":9.0},{"damage":13.0,"enemies":"Spheric Guardian","floor":18.0,"turns":3.0},{"damage":9.0,"enemies":"Gremlin Leader","floor":23.0,"turns":5.0},{"damage":38.0,"enemies":"Slavers","floor":25.0,"turns":5.0},{"damage":0.0,"enemies":"Gremlin Leader","floor":27.0,"turns":3.0},{"damage":0.0,"enemies":"2 Thieves","floor":28.0,"turns":2.0},{"damage":28.0,"enemies":"Snake Plant","floor":31.0,"turns":4.0},{"damage":19.0,"enemies":"Champ","floor":33.0,"turns":10.0},{"damage":2.0,"enemies":"3 Shapes","floor":35.0,"turns":4.0},{"damage":21.0,"enemies":"3 Darklings","floor":36.0,"turns":5.0},{"damage":33.0,"enemies":"Writhing Mass","floor":41.0,"turns":7.0},{"damage":3.0,"enemies":"Nemesis","floor":42.0,"turns":5.0},{"damage":14.0,"enemies":"4 Shapes","floor":44.0,"turns":4.0},{"damage":46.0,"enemies":"Reptomancer","floor":46.0,"turns":5.0},{"damage":17.0,"enemies":"Nemesis","floor":48.0,"turns":5.0},{"damage":28.0,"enemies":"Donu and Deca","floor":50.0,"turns":6.0},{"damage":15,"enemies":"Shield and Spear","floor":54,"turns":5},{"damage":24,"enemies":"The Heart","floor":55,"turns":6}],"seed_played":"-2549777472968509941","potions_obtained":[{"floor":2.0,"key":"Energy Potion"},{"floor":6.0,"key":"SneckoOil"},{"floor":8.0,"key":"Explosive Potion"},{"floor":14.0,"key":"Strength Potion"},{"floor":16.0,"key":"EntropicBrew"},{"floor":23.0,"key":"PowerPotion"},{"floor":31.0,"key":"SkillPotion"},{"floor":35.0,"key":"ColorlessPotion"},{"floor":36.0,"key":"Weak Potion"},{"floor":46.0,"key":"Strength Potion"}],"is_trial":false,"path_per_floor":["M","M","M","M","?","E","R","M","T","M","M","E","M","M","R","B",null,"M","?","?","?","$","E","?","E","T","E","M","$","R","M","R","B",null,"M","M","?","$","$","R","M","E","T","M","?","E","R","E","R","B",null,"R","$","E","B",null],"character_chosen":"IRONCLAD","items_purchased":["Toxic Egg 2","Shrug It Off+1","True Grit+1","BloodPotion","Rupture","Battle Trance+1","Burning Pact+1","Impervious+1"],"campfire_rested":4,"item_purchase_floors":[22,22,22,22,29,29,38,53],"current_hp_per_floor":[80,80,80,79,71,27,51,46,46,52,47,25,15,21,45,42,80,73,73,58,58,58,85,85,53,53,59,65,65,65,43,83,70,85,85,70,70,70,70,70,43,46,46,38,74,34,71,60,60,38,74,74,74,65,47],"gold":60,"neow_bonus":"THREE_ENEMY_KILL","is_daily":false,"chose_seed":false,"campfire_upgraded":3,"win_rate":0.0,"timestamp":1610983443,"path_taken":["M","M","M","M","?","E","R","M","T","M","M","E","M","M","R","BOSS","M","?","?","?","$","E","?","E","T","E","M","$","R","M","R","BOSS","M","M","?","?","$","R","M","E","T","M","?","E","R","E","R","BOSS","R","$","E","BOSS"],"items_purchased_type":["Relic","Card","Card","Potion","Card","Card","Card","Card"],"build_version":"2020-12-22","purchased_purges":3,"victory":true,"max_hp_per_floor":[80,80,80,80,80,80,80,80,80,80,80,80,80,80,80,80,80,80,80,85,85,85,85,85,85,85,85,85,85,85,85,85,85,85,85,85,85,85,85,85,85,85,85,85,74,74,74,74,74,74,74,74,74,74,74],"relic_stats":{"Regal Pillow":30,"counters":[29,126],"Dead Branch":[101],"Charon\u0027s Ashes":[1247],"MawBank":84,"Burning Blood":148,"Dream Catcher":2,"Nunchaku":[5],"Centennial Puzzle":[18],"Shuriken":[19],"Sundial":[4],"Snecko Eye":[185,162,187,224],"Champion Belt":[58],"obtain_stats":[{"Regal Pillow":26,"NeowsBlessing":0,"Dead Branch":48,"Oddly Smooth Stone":9,"Charon\u0027s Ashes":6,"Empty Cage":34,"MawBank":46,"Burning Blood":0,"Dream Catcher":25,"Nunchaku":42,"Centennial Puzzle":43,"Matryoshka":12,"HornCleat":54,"Shuriken":27,"Sundial":43,"Snecko Eye":17,"Bag of Marbles":19,"Champion Belt":23,"Toxic Egg 2":22},{"Regal Pillow":15,"NeowsBlessing":0,"Dead Branch":26,"Oddly Smooth Stone":6,"Charon\u0027s Ashes":5,"Empty Cage":19,"MawBank":25,"Burning Blood":0,"Dream Catcher":15,"Nunchaku":23,"Centennial Puzzle":23,"Matryoshka":9,"HornCleat":28,"Shuriken":16,"Sundial":23,"Snecko Eye":12,"Bag of Marbles":13,"Champion Belt":14,"Toxic Egg 2":13},{"Regal Pillow":55,"NeowsBlessing":0,"Dead Branch":109,"Oddly Smooth Stone":19,"Charon\u0027s Ashes":15,"Empty Cage":74,"MawBank":104,"Burning Blood":0,"Dream Catcher":55,"Nunchaku":95,"Centennial Puzzle":95,"Matryoshka":28,"HornCleat":120,"Shuriken":58,"Sundial":95,"Snecko Eye":42,"Bag of Marbles":45,"Champion Belt":50,"Toxic Egg 2":45}]},"card_choices":[{"not_picked":["Heavy Blade","Iron Wave"],"picked":"Perfected Strike","floor":1.0},{"not_picked":["Rampage","Second Wind"],"picked":"Shrug It Off","floor":2.0},{"not_picked":["Heavy Blade","Warcry"],"picked":"Pommel Strike","floor":3.0},{"not_picked":["Sword Boomerang","Searing Blow"],"picked":"Inflame","floor":4.0},{"not_picked":["Searing Blow","Carnage"],"picked":"Reckless Charge","floor":6.0},{"not_picked":["Blood for Blood","Inflame"],"picked":"Pummel","floor":8.0},{"not_picked":["Searing Blow","Sword Boomerang"],"picked":"Sever Soul","floor":10.0},{"not_picked":["Second Wind","Dropkick"],"picked":"Thunderclap","floor":11.0},{"not_picked":["Spot Weakness","Body Slam"],"picked":"Power Through","floor":12.0},{"not_picked":["Intimidate","Body Slam"],"picked":"Corruption","floor":13.0},{"not_picked":["Twin Strike","Rupture"],"picked":"Battle Trance","floor":14.0},{"not_picked":["Exhume","Juggernaut"],"picked":"Brutality","floor":16.0},{"not_picked":["Metallicize","Heavy Blade"],"picked":"Havoc+1","floor":18.0},{"not_picked":["Clash+1","Iron Wave+1"],"picked":"Clothesline","floor":23.0},{"not_picked":["Shrug It Off+1","Perfected Strike","Warcry+1"],"picked":"SKIP","floor":25.0},{"not_picked":["Power Through+1","Clothesline"],"picked":"Seeing Red+1","floor":27.0},{"not_picked":["Perfected Strike","Havoc+1"],"picked":"Cleave","floor":28.0},{"not_picked":["Flame Barrier+1","Evolve+1"],"picked":"Feel No Pain+1","floor":31.0},{"not_picked":["Brutality","Exhume+1"],"picked":"Double Tap+1","floor":33.0},{"not_picked":["Carnage","Perfected Strike"],"picked":"Rupture+1","floor":35.0},{"not_picked":["Dropkick","Infernal Blade+1"],"picked":"Dark Embrace+1","floor":36.0},{"not_picked":["Body Slam","Pommel Strike","Twin Strike"],"picked":"SKIP","floor":41.0},{"not_picked":["Rupture+1","Twin Strike+1"],"picked":"Entrench+1","floor":42.0},{"not_picked":["Clash+1","Wild Strike+1","Flex+1"],"picked":"SKIP","floor":44.0},{"not_picked":["Reaper","Double Tap+1"],"picked":"Combust+1","floor":46.0},{"not_picked":["Anger+1","Perfected Strike"],"picked":"Warcry+1","floor":48.0},{"not_picked":["Havoc+1","Iron Wave"],"picked":"Juggernaut","floor":54}],"player_experience":1105319,"relics_obtained":[{"floor":6.0,"key":"Charon\u0027s Ashes"},{"floor":9.0,"key":"Oddly Smooth Stone"},{"floor":12.0,"key":"Matryoshka"},{"floor":23.0,"key":"Champion Belt"},{"floor":25.0,"key":"Dream Catcher"},{"floor":26.0,"key":"Regal Pillow"},{"floor":27.0,"key":"Shuriken"},{"floor":42.0,"key":"Nunchaku"},{"floor":43.0,"key":"Centennial Puzzle"},{"floor":43.0,"key":"Sundial"},{"floor":46.0,"key":"MawBank"},{"floor":48.0,"key":"Dead Branch"},{"floor":54,"key":"HornCleat"}],"event_choices":[{"damage_healed":0.0,"max_hp_gain":0.0,"max_hp_loss":0.0,"gold_gain":75.0,"event_name":"FaceTrader","player_choice":"Touch","floor":5.0,"gold_loss":0.0,"damage_taken":8.0},{"damage_healed":0.0,"max_hp_gain":0.0,"max_hp_loss":0.0,"gold_gain":0.0,"event_name":"The Mausoleum","player_choice":"Opened","floor":19.0,"gold_loss":0.0,"damage_taken":0.0,"relics_obtained":["Bag of Marbles"],"cards_obtained":["Writhe"]},{"damage_healed":0.0,"max_hp_gain":5.0,"max_hp_loss":0.0,"gold_gain":0.0,"event_name":"Forgotten Altar","player_choice":"Shed Blood","floor":20.0,"gold_loss":0.0,"damage_taken":20.0},{"damage_healed":0.0,"max_hp_gain":0.0,"max_hp_loss":0.0,"gold_gain":0.0,"cards_transformed":["Strike_R","Strike_R"],"event_name":"Drug Dealer","player_choice":"Became Test Subject","floor":21.0,"gold_loss":0.0,"damage_taken":0.0,"cards_obtained":["Dual Wield","Havoc"]},{"damage_healed":0.0,"max_hp_gain":0.0,"max_hp_loss":0.0,"gold_gain":0.0,"event_name":"The Library","player_choice":"Read","floor":24.0,"gold_loss":0.0,"damage_taken":0.0,"cards_obtained":["Feel No Pain"]},{"damage_healed":0.0,"max_hp_gain":0.0,"max_hp_loss":0.0,"gold_gain":0.0,"event_name":"Duplicator","player_choice":"Copied","floor":37.0,"gold_loss":0.0,"damage_taken":0.0,"cards_obtained":["Shrug It Off"]},{"damage_healed":74.0,"max_hp_gain":0.0,"max_hp_loss":11.0,"gold_gain":0.0,"event_name":"The Moai Head","player_choice":"Heal","floor":45.0,"gold_loss":0.0,"damage_taken":0.0}],"is_beta":false,"boss_relics":[{"not_picked":["Velvet Choker","SacredBark"],"picked":"Snecko Eye"},{"not_picked":["Pandora\u0027s Box","Tiny House"],"picked":"Empty Cage"}],"items_purged_floors":[22,38,53],"is_endless":false,"potions_floor_spawned":[2,6,8,14,16,23,31,35,36,46],"ascension_level":3}}