{"host":"bf9sa99gaumonoeu","time":1610969204,"event":{"mods":["AchievementEnabler","Act Like it!","Aspiration","BaseMod","Bestiary","Better Note","Block Reminder","Colored Map","Colored Powertips","Fox Events","Friendly Minions","Gensokyo","GifTheSpireLib","Googly Eyes","Hallownest","Hermit","Highlight Path","Hubris","Jorbs\u0027s Wanderer Trilogy","KinomotoSakuraMod(????)","Koishi","Marisa????????","Minty Spire (QoL Compilation)","Rare Cards Sparkle","Reimu??????","Relic Stats","Remilia??????","Replay The Spire","StS++","StSLib","The Administrix","The Animator","The Bug Knight","The Construct","The Cursed","The Hierophant","The Mystic","The Necromancer","The Poker Player","The Runesmith","The Senshi","The Servant 0.9.4"],"gold_per_floor":[111,131,146,161,179,179,179,179,225,225,225,85,85,118,118,192,192,208,76,88,88,88,88,98,133,158,173,173,204,0,0,0],"floor_reached":31,"language":"ENG","playtime":1996,"items_purged":["Strike_G"],"score":496,"play_id":"f2805d5f-2f20-4f82-96f5-9ccd9469637f","local_time":"20210118092644","is_ascension_mode":true,"campfire_choices":[{"data":"Quick Slash","floor":6.0,"key":"SMITH"},{"data":"Bane","floor":8.0,"key":"SMITH"},{"data":"Bane","floor":10.0,"key":"SMITH"},{"data":"Accuracy","floor":15.0,"key":"SMITH"},{"floor":23,"key":"REST"},{"floor":28,"key":"REST"}],"circlet_count":0,"master_deck":["AscendersBane","Strike_G","Strike_G","Strike_G","Defend_G+1","Defend_G","Defend_G+2","Defend_G+1","Defend_G","Survivor","Neutralize","Bouncing Flask","Bane+1","Infinite Blades+1","Bane+1","Quick Slash+1","Dodge and Roll+1","Replay:Bag of Tricks","Accuracy+1","Replay:Bag of Tricks","Footwork","Slice","Prepared","hubris:Sniper","ReplayTheSpireMod:Scrap Shanks","StSpp:Throw","aspiration:Lunge"],"relics":["ReplayTheSpireMod:DimensionalGlitch","hubris:Icosahedron","ReplayTheSpireMod:Lightbulb","hubris:GlazedTorus","Centennial Puzzle","Runic Pyramid","Simple Rune","Replay:Mystery Machine","Replay:Rubber Ducky","ReplayTheSpireMod:Ninjato"],"acts_visited":["Gensokyo:Gensokyo","Gensokyo:Gensokyoer"],"potions_floor_usage":[27,29],"damage_taken":[{"damage":0.0,"enemies":"Gensokyo:3_Fairies","floor":1.0,"turns":6.0},{"damage":1.0,"enemies":"Gensokyo:2_Kodama","floor":2.0,"turns":6.0},{"damage":5.0,"enemies":"Gensokyo:Python","floor":3.0,"turns":4.0},{"damage":1.0,"enemies":"Gensokyo:VengefulSpirit","floor":4.0,"turns":4.0},{"damage":6.0,"enemies":"Gensokyo:Gryphon_and_Rabbit","floor":5.0,"turns":4.0},{"damage":7.0,"enemies":"Gensokyo:Mamizou","floor":14.0,"turns":5.0},{"damage":16.0,"enemies":"Gensokyo:Reimu","floor":16.0,"turns":6.0},{"damage":10,"enemies":"Gensokyo:AngelMirror","floor":18,"turns":4},{"damage":20,"enemies":"Gensokyo:3_Dogs","floor":20,"turns":5},{"damage":8,"enemies":"Gensokyo:Wraith","floor":24,"turns":4},{"damage":11,"enemies":"Gensokyo:Reisen","floor":25,"turns":7},{"damage":4,"enemies":"Gensokyo:Chomper_and_Gloop","floor":27,"turns":4},{"damage":27,"enemies":"Gensokyo:Koishi","floor":29,"turns":4},{"damage":12,"enemies":"Gensokyo:Monolith_and_Dog","floor":31,"turns":2}],"seed_played":"8300522398014105897","potions_obtained":[{"floor":1.0,"key":"Explosive Potion"},{"floor":2.0,"key":"AttackPotion"},{"floor":5.0,"key":"Strength Potion"},{"floor":24,"key":"Elixir"},{"floor":25,"key":"EssenceOfSteel"},{"floor":27,"key":"PowerPotion"}],"is_trial":false,"path_per_floor":["M","M","M","M","M","R","?","R","T","R","?","?","?","E","R","B",null,"M","$","M","?","?","R","M","E","T","M","R","E","?","M"],"character_chosen":"THE_SILENT","items_purchased":["Slice"],"campfire_rested":2,"item_purchase_floors":[19],"current_hp_per_floor":[59,58,53,52,46,46,46,46,46,46,46,46,46,39,39,23,55,45,45,25,25,25,43,35,24,24,20,38,11,11,0,0],"gold":0,"neow_bonus":"BOSS_RELIC","is_daily":false,"chose_seed":false,"campfire_upgraded":4,"win_rate":0.0,"timestamp":1610969204,"path_taken":["M","M","M","M","M","R","?","R","T","R","?","?","?","E","R","BOSS","M","$","M","?","?","R","?","E","T","?","R","E","?","M"],"items_purchased_type":["Card"],"build_version":"2020-12-22","purchased_purges":1,"victory":false,"max_hp_per_floor":[66,66,66,66,66,66,66,66,66,66,66,66,66,66,66,66,66,66,66,66,66,60,60,60,60,60,60,60,60,60,60,60],"relic_stats":{"Centennial Puzzle":[24],"counters":[14,65],"obtain_stats":[{"ReplayTheSpireMod:Ninjato":29,"Replay:Mystery Machine":25,"Replay:Rubber Ducky":26,"Frozen Eye":29,"Centennial Puzzle":14,"hubris:Icosahedron":7,"Simple Rune":22,"Kunai":29,"ReplayTheSpireMod:DimensionalGlitch":0,"ReplayTheSpireMod:Lightbulb":9,"Ring of the Snake":0,"hubris:GlazedTorus":12,"Runic Pyramid":17},{"ReplayTheSpireMod:Ninjato":13,"Replay:Mystery Machine":11,"Replay:Rubber Ducky":11,"Frozen Eye":12,"Centennial Puzzle":6,"hubris:Icosahedron":5,"Simple Rune":9,"Kunai":13,"ReplayTheSpireMod:DimensionalGlitch":0,"ReplayTheSpireMod:Lightbulb":5,"Ring of the Snake":0,"hubris:GlazedTorus":5,"Runic Pyramid":7},{"ReplayTheSpireMod:Ninjato":63,"Replay:Mystery Machine":55,"Replay:Rubber Ducky":55,"Frozen Eye":59,"Centennial Puzzle":29,"hubris:Icosahedron":24,"Simple Rune":44,"Kunai":60,"ReplayTheSpireMod:DimensionalGlitch":0,"ReplayTheSpireMod:Lightbulb":24,"Ring of the Snake":0,"hubris:GlazedTorus":24,"Runic Pyramid":35}]},"card_choices":[{"not_picked":["ReplayTheSpireMod:Exploit Weakness","ReplayTheSpireMod:Tripwire"],"picked":"Bouncing Flask","floor":1.0},{"not_picked":["Escape Plan","ReplayTheSpireMod:Scrap Shanks"],"picked":"Bane","floor":2.0},{"not_picked":["Poisoned Stab","Prepared"],"picked":"Infinite Blades","floor":3.0},{"not_picked":["Deadly Poison","PiercingWail"],"picked":"Bane","floor":4.0},{"not_picked":["Deflect","hubris:SlightOfHand"],"picked":"Quick Slash","floor":5.0},{"not_picked":["Distraction","Calculated Gamble"],"picked":"Accuracy","floor":14.0},{"not_picked":["Unload","StSpp:NonchalentStrike"],"picked":"Replay:Bag of Tricks","floor":16.0},{"not_picked":["Dagger Throw","Dodge and Roll+1"],"picked":"Footwork","floor":18},{"not_picked":["Dagger Spray","Poisoned Stab"],"picked":"Prepared","floor":20},{"not_picked":["Backflip","StSpp:Dive"],"picked":"hubris:Sniper","floor":24},{"not_picked":["Hidden Blade","StSpp:Dive"],"picked":"ReplayTheSpireMod:Scrap Shanks","floor":25},{"not_picked":["StSpp:PoisonousPunch","Leg Sweep"],"picked":"StSpp:Throw","floor":27},{"not_picked":["ReplayTheSpireMod:Scrap Shanks","Hidden Blade+1"],"picked":"aspiration:Lunge","floor":29}],"player_experience":965664,"relics_obtained":[{"floor":9.0,"key":"ReplayTheSpireMod:Lightbulb"},{"floor":14.0,"key":"Centennial Puzzle"},{"floor":25,"key":"Replay:Mystery Machine"},{"floor":26,"key":"Replay:Rubber Ducky"},{"floor":29,"key":"ReplayTheSpireMod:Ninjato"}],"event_choices":[],"is_beta":false,"boss_relics":[{"not_picked":["RedLine:ReiMu","Ring of Chaos"],"picked":"Runic Pyramid"}],"items_purged_floors":[19],"is_endless":false,"potions_floor_spawned":[1,2,5,24,25,27],"killed_by":"Gensokyo:Monolith_and_Dog","ascension_level":20}}