{"host":"9tdk3zzhmpo6o3dg","time":1610960747,"event":{"mods":["AchievementEnabler","BaseMod","Downfall","Hermit","Koishi","Marisa（F雨　魔理沙）","Minty Spire (QoL Compilation)","SOS（斯巴达之子）","Shop Mod","StSLib","The Alterego","The Animator","The Cursed","The Hierophant","The Marked","The Servant 0.9.4","WarShipGirlsR/战舰少女R mod","Yuri Mod"],"gold_per_floor":[115,115,65,140,156,156,173,173,173,190,190,190,223,242,242,370,370,385,401,422,198,198,198,212,248,260,272,302,314,326,361,373,505,517,552,583,620,542,579,626,654,701,713,766,796,808,845,168,168,168],"floor_reached":51,"language":"ZHS","playtime":2780,"items_purged":["rmod:strick","rmod:strick"],"score":811,"play_id":"3bb2352c-9c6e-4136-8129-576f79b07e1f","local_time":"20210118170547","is_ascension_mode":false,"campfire_choices":[{"data":"rmod:intelligenceanalysis","floor":6.0,"key":"SMITH"},{"data":"rmod:aluminumsupply","floor":8.0,"key":"SMITH"},{"data":"rmod:expedition","floor":11.0,"key":"SMITH"},{"data":"rmod:expedition+1","floor":15.0,"key":"SMITH"},{"data":"rmod:aviationdawn","floor":23.0,"key":"SMITH"},{"data":"rmod:robin","floor":27.0,"key":"SMITH"},{"data":"rmod:highspeedmaneuver","floor":30,"key":"SMITH"},{"data":"rmod:acesubmarine","floor":32,"key":"SMITH"},{"data":"rmod:u235","floor":46,"key":"SMITH"},{"floor":49,"key":"REST"}],"circlet_count":0,"master_deck":["rmod:strick","rmod:defend","rmod:defend","rmod:defend","rmod:defend","rmod:basicallowance","rmod:maingunfire","rmod:robin+1","rmod:intelligenceanalysis+1","rmod:aluminumsupply+1","rmod:expedition+2","rmod:mineteam","rmod:acesubmarine+1","rmod:windflower","rmod:luckystar","rmod:generalist+1","rmod:aviationdawn+1","rmod:aviationdawn+1","rmod:supportaircraftcarrier+1","rmod:diaomin+1","rmod:highspeedmaneuver+1","rmod:diamondstrike","rmod:openingtorpedo+1","rmod:victimresponsibility","rmod:victimresponsibility+1","rmod:ammunitionsupply+1","rmod:aviationdawn","rmod:u235+1","rmod:advancebysurprise+1","Thinking Ahead"],"relics":["NeowsBlessing","Meat on the Bone","Ornamental Fan","Golden Idol","rmod:extraamm","rmod:mogul","Oddly Smooth Stone","MawBank","HornCleat","rmod:monthlycard","Strawberry","Toy Ornithopter","CaptainsWheel","Ancient Tea Set","Toolbox","yuri:PortableGlitches"],"acts_visited":["Exordium","TheCity","TheBeyond"],"potions_floor_usage":[33,40,50],"damage_taken":[{"damage":0.0,"enemies":"Jaw Worm","floor":1.0,"turns":1.0},{"damage":0.0,"enemies":"Small Slimes","floor":5.0,"turns":1.0},{"damage":0.0,"enemies":"2 Louse","floor":7.0,"turns":1.0},{"damage":7.0,"enemies":"Looter","floor":10.0,"turns":4.0},{"damage":15.0,"enemies":"3 Sentries","floor":13.0,"turns":6.0},{"damage":13.0,"enemies":"Red Slaver","floor":14.0,"turns":2.0},{"damage":29.0,"enemies":"Slime Boss","floor":16.0,"turns":7.0},{"damage":10.0,"enemies":"3 Byrds","floor":18.0,"turns":5.0},{"damage":18.0,"enemies":"Chosen","floor":19.0,"turns":5.0},{"damage":17.0,"enemies":"Sentry and Sphere","floor":20.0,"turns":5.0},{"damage":2.0,"enemies":"Cultist and Chosen","floor":24.0,"turns":5.0},{"damage":18.0,"enemies":"Book of Stabbing","floor":25.0,"turns":5.0},{"damage":0,"enemies":"Chosen and Byrds","floor":28,"turns":4},{"damage":8,"enemies":"Centurion and Healer","floor":31,"turns":6},{"damage":18,"enemies":"Automaton","floor":33,"turns":7},{"damage":16,"enemies":"3 Darklings","floor":35,"turns":6},{"damage":0,"enemies":"Orb Walker","floor":36,"turns":3},{"damage":2,"enemies":"Maw","floor":37,"turns":8},{"damage":20,"enemies":"4 Shapes","floor":39,"turns":4},{"damage":0,"enemies":"Giant Head","floor":40,"turns":6},{"damage":3,"enemies":"3 Darklings","floor":41,"turns":5},{"damage":8,"enemies":"Nemesis","floor":42,"turns":6},{"damage":4,"enemies":"Reptomancer","floor":44,"turns":7},{"damage":12,"enemies":"Spire Growth","floor":45,"turns":2},{"damage":10,"enemies":"Writhing Mass","floor":47,"turns":5},{"damage":20,"enemies":"Time Eater","floor":50,"turns":9}],"seed_played":"-5370503093914014953","potions_obtained":[{"floor":5.0,"key":"Fire Potion"},{"floor":13.0,"key":"SkillPotion"},{"floor":14.0,"key":"ColorlessPotion"},{"floor":16.0,"key":"SteroidPotion"},{"floor":19.0,"key":"Dexterity Potion"},{"floor":24.0,"key":"SmokeBomb"},{"floor":28,"key":"Energy Potion"},{"floor":33,"key":"LiquidBronze"},{"floor":37,"key":"Energy Potion"},{"floor":40,"key":"SpeedPotion"},{"floor":45,"key":"Swift Potion"}],"is_trial":false,"path_per_floor":["M","?","?","?","M","R","M","R","T","M","R","?","E","M","R","B",null,"M","M","M","$","?","R","M","E","T","R","M","?","R","M","R","B",null,"M","M","M","?","M","E","M","E","T","E","M","R","M","$","R","B",null],"character_chosen":"PRAEFECT","items_purchased":["Oddly Smooth Stone","Toolbox","yuri:PortableGlitches","Thinking Ahead"],"campfire_rested":1,"item_purchase_floors":[21,48,48,48],"current_hp_per_floor":[75,75,75,64,64,64,64,64,64,57,57,39,36,35,35,18,75,65,47,42,42,42,42,40,34,34,34,46,46,46,38,38,32,75,59,59,57,57,49,56,53,45,45,53,53,53,43,43,67,52],"gold":168,"neow_bonus":"THREE_ENEMY_KILL","is_daily":false,"chose_seed":false,"campfire_upgraded":9,"win_rate":0.0,"timestamp":1610960747,"path_taken":["M","?","?","?","M","R","M","R","T","M","R","?","E","M","R","BOSS","M","M","M","$","?","R","M","E","T","R","?","?","R","M","R","BOSS","M","M","M","?","M","E","M","E","T","E","M","R","M","$","R","BOSS"],"items_purchased_type":["Relic","Relic","Relic","Card"],"build_version":"2020-12-22","purchased_purges":2,"victory":true,"max_hp_per_floor":[75,75,75,75,75,75,75,75,75,75,75,75,75,75,75,75,75,75,75,75,75,75,75,75,75,75,75,75,75,75,75,75,75,75,75,75,75,75,75,82,82,82,82,82,82,82,82,82,82,82],"card_choices":[{"not_picked":["rmod:aviationdawn","rmod:supportescort"],"picked":"rmod:robin","floor":1.0},{"not_picked":["rmod:heivgo","rmod:bulid"],"picked":"rmod:intelligenceanalysis","floor":5.0},{"not_picked":["rmod:ammunitionsupply","rmod:supportescort"],"picked":"rmod:aluminumsupply","floor":7.0},{"not_picked":["rmod:heivgo","rmod:aluminumsupply"],"picked":"rmod:expedition","floor":10.0},{"not_picked":["rmod:aggressivemary","rmod:chargemoney"],"picked":"rmod:mineteam","floor":13.0},{"not_picked":["rmod:luckystar","rmod:fuelsupply"],"picked":"rmod:acesubmarine","floor":14.0},{"not_picked":["rmod:expeditionaryescort","rmod:abidefaith"],"picked":"rmod:windflower","floor":16.0},{"not_picked":["rmod:mineteam+1","rmod:selfconfidence"],"picked":"rmod:luckystar","floor":18.0},{"not_picked":["rmod:salvage","rmod:goodfighter+1"],"picked":"rmod:generalist+1","floor":19.0},{"not_picked":["rmod:capitalist","rmod:supportescort+1"],"picked":"rmod:aviationdawn","floor":20.0},{"not_picked":["rmod:intelligenceanalysis","rmod:fuelsupply"],"picked":"rmod:aviationdawn+1","floor":24.0},{"not_picked":["rmod:supportescort","rmod:unsinkable"],"picked":"rmod:supportaircraftcarrier","floor":25.0},{"not_picked":["rmod:wolves+1","rmod:garrisonisland"],"picked":"rmod:diaomin+1","floor":28},{"not_picked":["rmod:maintain","rmod:fletcher","rmod:ammunitionsupply"],"picked":"SKIP","floor":31},{"not_picked":["rmod:luckystar+1","rmod:spoils"],"picked":"rmod:diamondstrike","floor":35},{"not_picked":["rmod:gendarmerie","rmod:tearstotiara","rmod:firesupport"],"picked":"SKIP","floor":36},{"not_picked":["rmod:aluminumsupply","rmod:chargemoney+1"],"picked":"rmod:openingtorpedo+1","floor":37},{"not_picked":["rmod:selfconfidence+1","rmod:ammunitionsupply"],"picked":"rmod:victimresponsibility","floor":39},{"not_picked":["rmod:acesubmarine","rmod:heivgo","rmod:diamondstrike+1"],"picked":"SKIP","floor":40},{"not_picked":["rmod:fuelsupply+1","rmod:firesupport+1"],"picked":"rmod:victimresponsibility+1","floor":41},{"not_picked":["rmod:aluminumsupply+1","rmod:aggressivemary"],"picked":"rmod:ammunitionsupply+1","floor":42},{"not_picked":["rmod:unsinkable","rmod:tearstotiara"],"picked":"rmod:aviationdawn","floor":44},{"not_picked":["rmod:fuelsupply+1","rmod:diaomin+1"],"picked":"rmod:u235","floor":45},{"not_picked":["rmod:aviationdawn","rmod:fletcherpendant"],"picked":"rmod:advancebysurprise+1","floor":47}],"player_experience":182810,"relics_obtained":[{"floor":9.0,"key":"Ornamental Fan"},{"floor":13.0,"key":"rmod:extraamm"},{"floor":25.0,"key":"MawBank"},{"floor":26.0,"key":"HornCleat"},{"floor":40,"key":"Strawberry"},{"floor":42,"key":"Toy Ornithopter"},{"floor":43,"key":"CaptainsWheel"},{"floor":44,"key":"Ancient Tea Set"}],"event_choices":[{"damage_healed":0.0,"max_hp_gain":0.0,"max_hp_loss":0.0,"gold_gain":0.0,"event_name":"Big Fish","player_choice":"Box","floor":2.0,"gold_loss":0.0,"damage_taken":0.0,"relics_obtained":["Meat on the Bone"],"cards_obtained":["Regret"]},{"cards_removed":["Regret"],"damage_healed":0.0,"max_hp_gain":0.0,"max_hp_loss":0.0,"gold_gain":0.0,"event_name":"The Cleric","player_choice":"Card Removal","floor":3.0,"gold_loss":50.0,"damage_taken":0.0},{"damage_healed":0.0,"max_hp_gain":0.0,"max_hp_loss":0.0,"gold_gain":75.0,"event_name":"World of Goop","player_choice":"Gather Gold","floor":4.0,"gold_loss":0.0,"damage_taken":11.0},{"damage_healed":0.0,"max_hp_gain":0.0,"max_hp_loss":0.0,"gold_gain":0.0,"event_name":"Golden Idol","player_choice":"Take Damage","floor":12.0,"gold_loss":0.0,"damage_taken":18.0,"relics_obtained":["Golden Idol"]},{"damage_healed":0.0,"max_hp_gain":0.0,"max_hp_loss":0.0,"gold_gain":0.0,"event_name":"The Woman in Blue","player_choice":"Bought 0 Potions","floor":22.0,"gold_loss":0.0,"damage_taken":0.0},{"damage_healed":0,"gold_gain":0,"player_choice":"Read","damage_taken":0,"max_hp_gain":0,"max_hp_loss":0,"event_name":"The Library","floor":29,"gold_loss":0,"cards_obtained":["rmod:highspeedmaneuver"]},{"cards_removed":["rmod:strick"],"damage_healed":0,"gold_gain":0,"player_choice":"Upgrade and Remove","damage_taken":0,"max_hp_gain":0,"max_hp_loss":0,"event_name":"Designer","floor":38,"gold_loss":90,"cards_upgraded":["rmod:supportaircraftcarrier"]}],"is_beta":false,"boss_relics":[{"not_picked":["Black Star","SlaversCollar"],"picked":"rmod:mogul"},{"not_picked":["Coffee Dripper","Pandora\u0027s Box"],"picked":"rmod:monthlycard"}],"items_purged_floors":[21,48],"is_endless":false,"potions_floor_spawned":[5,13,14,16,19,24,28,33,37,40,42,45],"ascension_level":0}}