{"host":"cavdxv3q5sroy46w","time":1610945738,"event":{"mods":["AchievementEnabler","BaseMod","Block Reminder","Colored Map","Colored Powertips","Hermit","Minty Spire (QoL Compilation)","Quick Restart","Relic Stats","Replay The Spire","Shop Mod","StSLib","The Bug Knight"],"gold_per_floor":[118,118,47,66,66,100,100,134,134,150,150,167,167,16,16,112,112,129,139,139,139,39,73,73,73,93,57,80,95,130,130,80,100,100,198,248,263,70,70,70,70,70,87,115,115,128,50,50,50],"floor_reached":48,"language":"ENG","playtime":1971,"items_purged":["Strike_G","Strike_G","Strike_G","Strike_G"],"score":720,"play_id":"47aacdb3-0232-480b-bd2a-cf9dcb311767","local_time":"20210117235538","is_ascension_mode":true,"campfire_choices":[{"data":"Neutralize","floor":7.0,"key":"SMITH"},{"data":"Bane","floor":11.0,"key":"SMITH"},{"floor":15.0,"key":"REST"},{"floor":31.0,"key":"REST"},{"floor":34,"key":"REST"},{"floor":42,"key":"REST"}],"circlet_count":0,"master_deck":["Strike_G","Defend_G","Defend_G","Defend_G+1","Defend_G","Survivor","Neutralize+1","Hidden Blade","Sucker Punch","Deflect","Corpse Explosion","Bane+1","Venomology+1","Noxious Fumes","Venomology","Catalyst","Footwork","Footwork","Prepared+1","PiercingWail+1","Finesse"],"relics":["Ring of the Snake","NeowsBlessing","White Beast Statue","Turnip","PreservedInsect","ReplayTheSpireMod:Ninjato","Lantern","Fusion Hammer","Vajra","Smiling Mask","Strawberry","Tiny House","Strange Spoon","Bag of Marbles"],"acts_visited":["Exordium","TheCity","TheBeyond"],"potions_floor_usage":[33,35,35,35,37,43,44,44,44,44,44,46,46,46,48,48,48],"damage_taken":[{"damage":0.0,"enemies":"Cultist","floor":1.0,"turns":1.0},{"damage":0.0,"enemies":"Small Slimes","floor":4.0,"turns":1.0},{"damage":0.0,"enemies":"Lagavulin","floor":6.0,"turns":1.0},{"damage":19.0,"enemies":"Gremlin Nob","floor":8.0,"turns":4.0},{"damage":5.0,"enemies":"Jaw Worm","floor":10.0,"turns":5.0},{"damage":2.0,"enemies":"Red Slaver","floor":12.0,"turns":4.0},{"damage":69.0,"enemies":"Fading Forest","floor":16.0,"turns":11.0},{"damage":6.0,"enemies":"3 Byrds","floor":18.0,"turns":2.0},{"damage":12.0,"enemies":"Snake Plant","floor":19.0,"turns":4.0},{"damage":0.0,"enemies":"Gremlin Leader","floor":23.0,"turns":4.0},{"damage":13.0,"enemies":"Centurion and Healer","floor":26.0,"turns":4.0},{"damage":2.0,"enemies":"Cultist and Chosen","floor":29.0,"turns":4.0},{"damage":13.0,"enemies":"HollowMod:Nosk","floor":30.0,"turns":10.0},{"damage":0,"enemies":"3 Cultists","floor":33,"turns":2},{"damage":66,"enemies":"Pondfish","floor":35,"turns":13},{"damage":29,"enemies":"Orb Walker","floor":37,"turns":5},{"damage":3,"enemies":"3 Darklings","floor":43,"turns":3},{"damage":9,"enemies":"HollowMod:StalkingDevout","floor":44,"turns":6},{"damage":23,"enemies":"Transient","floor":46,"turns":5},{"damage":44,"enemies":"Giant Head","floor":48,"turns":9}],"seed_played":"-1552144094077081225","potions_obtained":[{"floor":4.0,"key":"GamblersBrew"},{"floor":6.0,"key":"Poison Potion"},{"floor":8.0,"key":"SpeedPotion"},{"floor":12.0,"key":"Regen Potion"},{"floor":16.0,"key":"Weak Potion"},{"floor":18.0,"key":"AttackPotion"},{"floor":19.0,"key":"Reflective Coating"},{"floor":23.0,"key":"Energy Potion"},{"floor":26.0,"key":"Explosive Potion"},{"floor":29.0,"key":"DuplicationPotion"},{"floor":30.0,"key":"FairyPotion"},{"floor":33,"key":"FearPotion"},{"floor":35,"key":"Toxic Potion"},{"floor":36,"key":"Poison Potion"},{"floor":37,"key":"Adrenaline Potion"},{"floor":44,"key":"SkillPotion"},{"floor":46,"key":"Dexterity Potion"}],"is_trial":false,"path_per_floor":["M","T","?","M","$","E","R","E","T","M","R","M","?","$","R","B",null,"M","M","?","?","$","E","PTL","PTL","M","$","T","M","E","R","$","M","R","B",null,"M","$","?","?","$","R","M","E","T","M","$","E"],"character_chosen":"THE_SILENT","items_purchased":["Noxious Fumes","Footwork","Strange Spoon","Regen Potion"],"campfire_rested":4,"item_purchase_floors":[14,27,38,47],"current_hp_per_floor":[63,63,63,63,63,63,63,44,44,39,39,37,37,37,58,20,58,52,40,40,40,40,40,40,40,27,27,27,25,19,42,42,42,65,23,69,40,40,40,40,40,64,61,52,52,29,29,0,0],"gold":50,"neow_bonus":"THREE_ENEMY_KILL","is_daily":false,"chose_seed":false,"campfire_upgraded":2,"win_rate":0.0,"timestamp":1610945738,"path_taken":["M","?","?","?","$","E","R","E","T","M","R","?","?","$","R","BOSS","M","M","?","?","?","E","PTL","PTL","?","$","T","M","E","R","$","M","R","BOSS","M","$","?","?","$","R","M","E","T","M","?","E"],"items_purchased_type":["Card","Card","Relic","Potion"],"build_version":"2020-12-22","purchased_purges":4,"victory":false,"max_hp_per_floor":[70,70,70,70,70,70,70,70,70,70,70,70,70,70,70,70,70,70,70,70,70,70,70,70,70,70,70,70,70,77,77,77,77,77,77,82,82,82,82,82,82,82,82,82,82,82,82,82,82],"relic_stats":{"Strange Spoon":[12],"counters":[20,98],"Turnip":[13],"PreservedInsect":263,"Smiling Mask":175,"obtain_stats":[{"Lantern":9,"ReplayTheSpireMod:Ninjato":8,"Tiny House":36,"NeowsBlessing":0,"Vajra":23,"PreservedInsect":6,"Smiling Mask":28,"White Beast Statue":2,"Strange Spoon":38,"Strawberry":30,"Turnip":3,"Fusion Hammer":17,"Bag of Marbles":44,"Ring of the Snake":0},{"Lantern":4,"ReplayTheSpireMod:Ninjato":4,"Tiny House":15,"NeowsBlessing":0,"Vajra":10,"PreservedInsect":3,"Smiling Mask":11,"White Beast Statue":1,"Strange Spoon":16,"Strawberry":13,"Turnip":1,"Fusion Hammer":7,"Bag of Marbles":18,"Ring of the Snake":0},{"Lantern":7,"ReplayTheSpireMod:Ninjato":7,"Tiny House":70,"NeowsBlessing":0,"Vajra":37,"PreservedInsect":3,"Smiling Mask":41,"White Beast Statue":1,"Strange Spoon":75,"Strawberry":55,"Turnip":1,"Fusion Hammer":27,"Bag of Marbles":84,"Ring of the Snake":0}],"Ring of the Snake":[40]},"card_choices":[{"not_picked":["Dodge and Roll","Underhanded Strike"],"picked":"Hidden Blade","floor":1.0},{"not_picked":["Escape Plan","Flying Knee"],"picked":"Sucker Punch","floor":4.0},{"not_picked":["Sucker Punch","Setup"],"picked":"Deflect","floor":6.0},{"not_picked":["Deadly Poison","Heel Hook"],"picked":"Corpse Explosion","floor":8.0},{"not_picked":["Flying Knee","Dagger Spray"],"picked":"Bane","floor":10.0},{"not_picked":["Backstab","Slice"],"picked":"Venomology","floor":12.0},{"not_picked":["Glass Knife","Envenom"],"picked":"Venomology","floor":16.0},{"not_picked":["Poisoned Stab","Concentrate"],"picked":"Catalyst","floor":18.0},{"not_picked":["Dagger Throw","Bane","Acrobatics+1"],"picked":"SKIP","floor":19.0},{"not_picked":["Dagger Spray","Bouncing Flask"],"picked":"Footwork","floor":23.0},{"not_picked":["Slice","PiercingWail","Endless Agony"],"picked":"SKIP","floor":26.0},{"not_picked":["Hidden Blade","Dagger Throw"],"picked":"Prepared+1","floor":29.0},{"not_picked":["Cloak And Dagger","Prepared"],"picked":"PiercingWail+1","floor":30.0},{"not_picked":["Prepared","Burst","Infinite Blades"],"picked":"SKIP","floor":33},{"not_picked":["Prepared","Outmaneuver+1","Backflip"],"picked":"SKIP","floor":37},{"not_picked":["Mind Blast","Discovery"],"picked":"Finesse","floor":39},{"not_picked":["Dodge and Roll+1","Outmaneuver","PiercingWail"],"picked":"SKIP","floor":43},{"not_picked":["Quick Slash+1","Prepared","Blade Dance"],"picked":"SKIP","floor":44},{"not_picked":["Outmaneuver+1","Quick Slash","Dodge and Roll+1"],"picked":"SKIP","floor":46}],"player_experience":257472,"relics_obtained":[{"floor":2.0,"key":"White Beast Statue"},{"floor":6.0,"key":"PreservedInsect"},{"floor":8.0,"key":"ReplayTheSpireMod:Ninjato"},{"floor":9.0,"key":"Lantern"},{"floor":23.0,"key":"Vajra"},{"floor":28.0,"key":"Smiling Mask"},{"floor":30.0,"key":"Strawberry"},{"floor":44,"key":"Bag of Marbles"}],"event_choices":[{"damage_healed":0.0,"max_hp_gain":0.0,"max_hp_loss":0.0,"gold_gain":0.0,"event_name":"WeMeetAgain","player_choice":"Paid Gold","floor":3.0,"gold_loss":71.0,"damage_taken":0.0,"relics_obtained":["Turnip"]},{"damage_healed":0.0,"max_hp_gain":0.0,"max_hp_loss":0.0,"gold_gain":0.0,"event_name":"Living Wall","player_choice":"Grow","floor":13.0,"gold_loss":0.0,"damage_taken":0.0,"cards_upgraded":["Venomology"]},{"damage_healed":0.0,"max_hp_gain":0.0,"max_hp_loss":0.0,"gold_gain":0.0,"event_name":"Vampires","player_choice":"Ignored","floor":21.0,"gold_loss":0.0,"damage_taken":0.0},{"damage_healed":0,"gold_gain":0,"player_choice":"Memory 1","damage_taken":0,"max_hp_gain":0,"max_hp_loss":0,"event_name":"SensoryStone","floor":39,"gold_loss":0},{"cards_removed":["Defend_G"],"damage_healed":0,"gold_gain":0,"player_choice":"Removed Skill","damage_taken":0,"max_hp_gain":0,"max_hp_loss":0,"event_name":"Falling","floor":40,"gold_loss":0}],"is_beta":false,"boss_relics":[{"not_picked":["WristBlade","Replay:Wanted Poster"],"picked":"Fusion Hammer"},{"not_picked":["Painkiller Herb","Runic Dome"],"picked":"Tiny House"}],"items_purged_floors":[14,22,32,38],"is_endless":false,"potions_floor_spawned":[4,6,8,10,12,16,18,19,23,26,29,30,33,35,37,43,44,46],"killed_by":"Giant Head","ascension_level":6}}