{"host":"a5lz0e76zb3fcwkm","time":1610965823,"event":{"mods":["AchievementEnabler","BaseMod","Colored Map","Colored Powertips","Minty Spire (QoL Compilation)","StSLib","SuperFastMode"],"gold_per_floor":[110,122,142,152,163,163,49,49,49,83,83,83,83],"floor_reached":12,"language":"KOR","playtime":299,"items_purged":["Strike_G"],"score":185,"play_id":"76dd55f5-426b-4802-867e-686d0a660336","local_time":"20210118193023","is_ascension_mode":true,"campfire_choices":[{"data":"Bullet Time","floor":6,"key":"SMITH"},{"data":"Crippling Poison","floor":8,"key":"SMITH"}],"circlet_count":0,"master_deck":["AscendersBane","Strike_G","Strike_G","Strike_G","Defend_G","Defend_G","Defend_G","Defend_G","Defend_G","Survivor","Neutralize","Crippling Poison+1","Acrobatics","Catalyst","Bullet Time+1","Well Laid Plans","Calculated Gamble"],"relics":["Ring of the Snake","Turnip","Mango"],"acts_visited":["Exordium"],"potions_floor_usage":[10],"damage_taken":[{"damage":3,"enemies":"Cultist","floor":1,"turns":4},{"damage":0,"enemies":"Small Slimes","floor":2,"turns":4},{"damage":2,"enemies":"Jaw Worm","floor":3,"turns":5},{"damage":5,"enemies":"Exordium Thugs","floor":4,"turns":5},{"damage":4,"enemies":"3 Louse","floor":5,"turns":4},{"damage":35,"enemies":"3 Sentries","floor":10,"turns":12},{"damage":6,"enemies":"Gremlin Nob","floor":12,"turns":3}],"seed_played":"-8138183528158356084","potions_obtained":[{"floor":3,"key":"AttackPotion"},{"floor":10,"key":"GamblersBrew"}],"is_trial":false,"path_per_floor":["M","M","M","M","M","R","$","R","T","E","?","E"],"character_chosen":"THE_SILENT","items_purchased":["Well Laid Plans"],"campfire_rested":0,"item_purchase_floors":[7],"current_hp_per_floor":[53,53,51,46,42,42,42,42,42,21,21,15,15],"gold":83,"neow_bonus":"TWENTY_PERCENT_HP_BONUS","is_daily":false,"chose_seed":false,"campfire_upgraded":2,"win_rate":0.0,"timestamp":1610965823,"path_taken":["M","?","M","M","M","R","$","R","T","E","?","E"],"items_purchased_type":["Card"],"build_version":"2020-12-22","purchased_purges":1,"victory":false,"max_hp_per_floor":[78,78,78,78,78,78,78,78,78,92,92,92,92],"card_choices":[{"not_picked":["Dagger Spray","Backflip"],"picked":"Crippling Poison","floor":1},{"not_picked":["Choke","Slice"],"picked":"Acrobatics","floor":2},{"not_picked":["Outmaneuver","Slice","Dagger Spray"],"picked":"SKIP","floor":3},{"not_picked":["Deadly Poison","Dagger Spray"],"picked":"Catalyst","floor":4},{"not_picked":["Sucker Punch","Concentrate"],"picked":"Bullet Time","floor":5},{"not_picked":["Backstab","Eviscerate"],"picked":"Calculated Gamble","floor":10}],"player_experience":1762294,"relics_obtained":[{"floor":9,"key":"Turnip"},{"floor":10,"key":"Mango"}],"event_choices":[{"cards_removed":["Strike_G"],"damage_healed":0,"gold_gain":0,"player_choice":"Purged","damage_taken":0,"max_hp_gain":0,"max_hp_loss":0,"event_name":"Purifier","floor":11,"gold_loss":0}],"is_beta":false,"boss_relics":[],"items_purged_floors":[7],"is_endless":false,"potions_floor_spawned":[3,10],"killed_by":"Gremlin Nob","ascension_level":20}}