{"host":"8i4doyxqctgl5qb0","time":1610937286,"event":{"mods":["AchievementEnabler","BaseMod","Block Reminder","Colored Powertips","Minty Spire (QoL Compilation)","Permanent Neow","Potion Indicator Mod","Rare Cards Sparkle","StSLib","SuperFastMode","The Jungle"],"gold_per_floor":[110,110,285,64,82,82,32,32,32,32,32,32,32,53,53,53,53],"floor_reached":16,"language":"ZHS","playtime":324,"items_purged":["Doubt"],"score":141,"play_id":"b764bee4-708c-4fa4-8523-8d951417d9be","local_time":"20210118103446","is_ascension_mode":true,"campfire_choices":[{"floor":6,"key":"REST"},{"data":"Neutralize","floor":8,"key":"SMITH"},{"floor":12,"key":"REST"},{"data":"Venomology","floor":15,"key":"SMITH"}],"circlet_count":0,"master_deck":["Strike_G","Strike_G","Strike_G","Strike_G","Defend_G","Defend_G","Defend_G","Defend_G","Defend_G","Survivor","Neutralize+1","Poisoned Stab","Crippling Poison","Regret","Venomology+1"],"relics":["Ring of the Snake","WingedGreaves","Snake Skull","Darkstone Periapt","Mango","Golden Idol"],"acts_visited":["Exordium"],"potions_floor_usage":[14,16,16,16,16,16],"damage_taken":[{"damage":4.0,"enemies":"Small Slimes","floor":1.0,"turns":4.0},{"damage":1,"enemies":"2 Louse","floor":5,"turns":4},{"damage":2,"enemies":"Jaw Worm","floor":14,"turns":4},{"damage":88,"enemies":"Slime Boss","floor":16,"turns":16}],"seed_played":"3290996826443655075","potions_obtained":[{"floor":1.0,"key":"EntropicBrew"},{"floor":5,"key":"Fire Potion"},{"floor":14,"key":"CunningPotion"}],"is_trial":false,"path_per_floor":["M","?","?","$","M","R","?","R","T","?","?","R","$","M","R","B"],"character_chosen":"THE_SILENT","items_purchased":["Snake Skull"],"campfire_rested":2,"item_purchase_floors":[4],"current_hp_per_floor":[41,41,41,41,40,61,61,61,61,81,59,86,86,84,84,0,0],"gold":53,"neow_bonus":"ONE_RARE_RELIC","is_daily":false,"chose_seed":false,"campfire_upgraded":2,"win_rate":0.0,"timestamp":1610937286,"path_taken":["M","?","?","$","M","R","?","R","T","?","?","R","?","M","R","BOSS"],"items_purchased_type":["Relic"],"build_version":"2020-12-22","purchased_purges":1,"victory":false,"max_hp_per_floor":[70,70,70,70,70,70,70,70,70,90,90,90,90,90,90,90,90],"card_choices":[{"not_picked":["Infinite Blades","Deadly Poison"],"picked":"Poisoned Stab","floor":1.0},{"not_picked":["PiercingWail","Sucker Punch"],"picked":"Crippling Poison","floor":5},{"not_picked":["All Out Attack","Concentrate"],"picked":"Venomology","floor":14}],"player_experience":163711,"relics_obtained":[{"floor":9,"key":"Darkstone Periapt"}],"event_choices":[{"damage_healed":0.0,"max_hp_gain":0.0,"max_hp_loss":0.0,"gold_gain":0.0,"event_name":"Golden Wing","player_choice":"Ignored","floor":2.0,"gold_loss":0.0,"damage_taken":0.0},{"damage_healed":0.0,"max_hp_gain":0.0,"max_hp_loss":0.0,"gold_gain":175.0,"event_name":"Liars Game","player_choice":"AGREE","floor":3.0,"gold_loss":0.0,"damage_taken":0.0,"cards_obtained":["Doubt"]},{"cards_removed":["Strike_G"],"damage_healed":0,"gold_gain":0,"player_choice":"Card Removal","damage_taken":0,"max_hp_gain":0,"max_hp_loss":0,"event_name":"The Cleric","floor":7,"gold_loss":50},{"damage_healed":0,"gold_gain":0,"player_choice":"Box","damage_taken":0,"relics_obtained":["Mango"],"max_hp_gain":0,"max_hp_loss":0,"event_name":"Big Fish","floor":10,"gold_loss":0,"cards_obtained":["Regret"]},{"damage_healed":0,"gold_gain":0,"player_choice":"Take Damage","damage_taken":22,"relics_obtained":["Golden Idol"],"max_hp_gain":0,"max_hp_loss":0,"event_name":"Golden Idol","floor":11,"gold_loss":0}],"is_beta":false,"boss_relics":[],"items_purged_floors":[4],"is_endless":false,"potions_floor_spawned":[1,5,14],"killed_by":"Slime Boss","ascension_level":7}}