{"host":"0z6l31g9ps0v9zzp","time":1610990326,"event":{"mods":["Act Like it!","BaseMod","CapriCore","HololiveMod","Minty Spire (QoL Compilation)","StSLib"],"gold_per_floor":[85,85,85,112,37,70,98,127,153,173,173,203,203,236,236,314,314,329,329,509,531,531,567,567,604,604,604,604,106,137,137,137,222,222,235,235,286,302,302,338,338,380,380,419,459,471,506,506,506,510,510],"floor_reached":50,"language":"ZHS","playtime":1821,"items_purged":["Hololive_Defend+1"],"score":2198,"play_id":"95d671d5-fb2e-4979-80b8-89e7d9baccdf","local_time":"20210119011846","daily_mods":["Heirloom","Flight"],"is_ascension_mode":true,"campfire_choices":[{"data":"Hololive_CallShiroganeNoel","floor":13.0,"key":"SMITH"},{"data":"Hololive_CallUsadaPekora","floor":15.0,"key":"SMITH"},{"data":"Hololive_DurableLive","floor":24.0,"key":"SMITH"},{"data":"Hololive_CallSpadeEcho","floor":27.0,"key":"SMITH"},{"data":"Hololive_Thief","floor":28.0,"key":"SMITH"},{"data":"Hololive_CallArtia","floor":32.0,"key":"SMITH"},{"data":"Hololive_StrengthChampion","floor":41.0,"key":"SMITH"},{"floor":49.0,"key":"RECALL"}],"circlet_count":0,"master_deck":["AscendersBane","Hololive_CallHoushouMarine","Hololive_CallShiroganeNoel+1","Hololive_CallUruhaRushia+1","Hololive_CallShiranuiFlare","Hololive_CallUsadaPekora+1","Hololive_StrengthChampion+1","Hololive_Defend+1","Hololive_CocoNews","Hololive_FlyingPonyTail","Hololive_CallMomosuzuNene+18","Hololive_CallArtia+1","Hololive_Thief+1","Hololive_DurableLive+1","Hololive_CallSpadeEcho+1","Hololive_CallAiraniIofifteen+1","Hololive_CallYogiri","Hololive_CallAkaiHaato+1","Hololive_CallInugamiKorone","Hololive_CallOkamiMio","Hololive_CallHoshimachiSuisei","Hololive_CallNekomataOkayu","Hololive_CallDoris","Hololive_CallYuzukiChoco"],"relics":["Hololive_TheStar","Turnip","Toy Ornithopter","MealTicket","Dream Catcher","Art of War","Oddly Smooth Stone","Boot","Hololive_Finger","Ice Cream","Orichalcum","Calipers","Peace Pipe","Potion Belt","Philosopher\u0027s Stone","Prayer Wheel","Regal Pillow","Lizard Tail","Bottled Tornado","Question Card","PreservedInsect","The Courier"],"acts_visited":["Exordium","TheCity","TheBeyond"],"potions_floor_usage":[50,50],"damage_taken":[{"damage":0.0,"enemies":"Small Slimes","floor":1.0,"turns":4.0},{"damage":0.0,"enemies":"Lagavulin","floor":6.0,"turns":5.0},{"damage":0.0,"enemies":"3 Sentries","floor":7.0,"turns":5.0},{"damage":0.0,"enemies":"Lagavulin","floor":8.0,"turns":5.0},{"damage":0.0,"enemies":"2 Louse","floor":10.0,"turns":3.0},{"damage":0.0,"enemies":"Gremlin Nob","floor":12.0,"turns":4.0},{"damage":0.0,"enemies":"3 Sentries","floor":14.0,"turns":5.0},{"damage":0.0,"enemies":"Slime Boss","floor":16.0,"turns":3.0},{"damage":0.0,"enemies":"Shell Parasite","floor":18.0,"turns":2.0},{"damage":0.0,"enemies":"2 Thieves","floor":21.0,"turns":3.0},{"damage":0.0,"enemies":"Book of Stabbing","floor":23.0,"turns":3.0},{"damage":11.0,"enemies":"Slavers","floor":25.0,"turns":4.0},{"damage":0.0,"enemies":"Book of Stabbing","floor":30.0,"turns":2.0},{"damage":0.0,"enemies":"Automaton","floor":33.0,"turns":6.0},{"damage":0.0,"enemies":"Orb Walker","floor":35.0,"turns":2.0},{"damage":0.0,"enemies":"2 Orb Walkers","floor":37.0,"turns":4.0},{"damage":0.0,"enemies":"3 Shapes","floor":38.0,"turns":2.0},{"damage":0.0,"enemies":"Giant Head","floor":40.0,"turns":6.0},{"damage":0.0,"enemies":"Reptomancer","floor":42.0,"turns":6.0},{"damage":0.0,"enemies":"Nemesis","floor":44.0,"turns":5.0},{"damage":0.0,"enemies":"Giant Head","floor":45.0,"turns":6.0},{"damage":0.0,"enemies":"Sphere and 2 Shapes","floor":46.0,"turns":3.0},{"damage":0.0,"enemies":"Reptomancer","floor":47.0,"turns":5.0},{"damage":52,"enemies":"Awakened One","floor":50,"turns":8}],"seed_played":"5164083913415736540","potions_obtained":[{"floor":6.0,"key":"SkillPotion"},{"floor":8.0,"key":"ColorlessPotion"},{"floor":10.0,"key":"SkillPotion"},{"floor":33.0,"key":"SpeedPotion"},{"floor":40.0,"key":"BlessingOfTheForge"},{"floor":44.0,"key":"EssenceOfSteel"}],"is_trial":true,"path_per_floor":["M","?","?","T","?","E","E","E","T","M","?","E","R","E","R","B",null,"M","?","?","M","?","E","R","E","T","R","R","$","E","?","R","B",null,"M","?","?","M","?","E","R","E","T","E","E","M","E","?","R","B"],"character_chosen":"Hololive_HololiveCharacter","items_purchased":["Hololive_CallYogiri","Peace Pipe"],"campfire_rested":0,"item_purchase_floors":[29,29],"current_hp_per_floor":[27,18,23,23,23,23,23,28,28,28,21,21,21,21,21,21,32,32,32,13,13,13,13,13,7,7,7,7,22,22,15,15,15,34,35,35,36,37,37,37,37,37,37,37,37,37,37,37,37,21,21],"gold":510,"neow_bonus":"","is_daily":false,"chose_seed":false,"campfire_upgraded":7,"win_rate":0.0,"timestamp":1610990326,"path_taken":["M","?","?","?","?","E","E","E","T","M","?","E","R","E","R","BOSS","M","?","?","?","?","E","R","E","T","R","R","$","E","?","R","BOSS","M","?","?","M","?","E","R","E","T","E","E","?","E","?","R","BOSS"],"items_purchased_type":["Card","Relic"],"build_version":"2020-12-22","purchased_purges":1,"victory":false,"max_hp_per_floor":[30,30,35,35,35,35,35,35,35,35,35,35,35,35,35,35,35,35,35,35,35,35,35,35,35,35,35,35,35,35,40,40,40,40,41,41,42,43,43,43,43,43,43,43,43,43,43,43,43,43,43],"card_choices":[{"not_picked":["Hololive_RevenueBasedLive","Hololive_ManjiGathering","Hololive_Psychosis"],"picked":"Hololive_CocoNews","floor":1.0},{"not_picked":["Hololive_ILoveYou","Hololive_LuckPotion","Hololive_Spy"],"picked":"Hololive_FlyingPonyTail","floor":6.0},{"not_picked":["Hololive_Drill","Hololive_Spy","Hololive_Yoholoon","Hololive_Rebound"],"picked":"SKIP","floor":7.0},{"not_picked":["Hololive_RevenueBasedLive","Hololive_Trident","Hololive_CallHoushouMarine"],"picked":"Hololive_CallMomosuzuNene","floor":8.0},{"not_picked":["Hololive_LuckPotion","Hololive_HuntDinosaur","Hololive_FlyingPonyTail"],"picked":"Hololive_CallArtia","floor":10.0},{"not_picked":["Hololive_FlyingPonyTail","Hololive_Rebound","Hololive_BringToTrial"],"picked":"Hololive_Thief","floor":12.0},{"not_picked":["Hololive_FlyingPonyTail","Hololive_Sequa","Hololive_HuntDinosaur","Hololive_LuckPotion"],"picked":"SKIP","floor":14.0},{"not_picked":["Hololive_DDD","Hololive_Thief","Hololive_ASMR"],"picked":"Hololive_DurableLive","floor":16.0},{"not_picked":["Hololive_CallMoonaHoshinova","Hololive_Sequa","Hololive_CocoNews"],"picked":"Hololive_CallSpadeEcho","floor":18.0},{"not_picked":["Hololive_Trident","Hololive_OvertimeWork","Hololive_Rebound","Hololive_Psychosis"],"picked":"SKIP","floor":21.0},{"not_picked":["Hololive_WolfAndLamb","Hololive_CallTokoyamiTowa","Hololive_Rebound"],"picked":"Hololive_CallAiraniIofifteen+1","floor":23.0},{"not_picked":["Hololive_Sequa","Hololive_HuntDinosaur","Hololive_Trident","Hololive_Drill"],"picked":"SKIP","floor":25.0},{"not_picked":["Hololive_CallShishiroBotan","Hololive_CallMoonaHoshinova","Hololive_CallMurasakiShion"],"picked":"Hololive_CallAkaiHaato+1","floor":30.0},{"not_picked":["Hololive_ScarfAndHalo","Hololive_MaximGun","Hololive_Thief"],"picked":"Hololive_AWSL","floor":33.0},{"not_picked":["Hololive_CallHoushouMarine","Hololive_CallSpadeEcho+1","Hololive_RevenueBasedLive"],"picked":"Hololive_CallInugamiKorone","floor":35.0},{"not_picked":["Hololive_CallInugamiKorone","Hololive_Psychosis","Hololive_DevilCharm+1"],"picked":"Hololive_CallOkamiMio","floor":38.0},{"not_picked":["Hololive_Rebound","Hololive_Sequa+1","Hololive_DurableLive","Hololive_StrengthChampion"],"picked":"SKIP","floor":38.0},{"not_picked":["Hololive_OvertimeWork","Hololive_Breathe+1","Hololive_Rebound+1"],"picked":"Hololive_CallHoshimachiSuisei","floor":40.0},{"not_picked":["Hololive_RevenueBasedLive","Hololive_Sequa","Hololive_StrengthChampion","Hololive_ILoveYou"],"picked":"SKIP","floor":42.0},{"not_picked":["Hololive_Breathe","Hololive_WolfAndLamb","Hololive_Drill","Hololive_Recruit"],"picked":"SKIP","floor":44.0},{"not_picked":["Hololive_CallAZKi","Hololive_Spy","Hololive_RevenueBasedLive+1","Hololive_CallInugamiKorone"],"picked":"Hololive_CallNekomataOkayu","floor":45.0},{"not_picked":["Hololive_CocoNews+1","Hololive_FlyingPonyTail","Hololive_OvertimeWork","Hololive_Breathe"],"picked":"Hololive_CallDoris","floor":46.0},{"not_picked":["Hololive_Rebound","Hololive_CallKiryuuCoco","Hololive_HuntDinosaur","Hololive_CallOkamiMio"],"picked":"Hololive_CallYuzukiChoco","floor":46.0},{"not_picked":["Hololive_HuntDinosaur","Hololive_FlyingPonyTail","Hololive_OvertimeWork","Hololive_WolfAndLamb","Hololive_Breathe+1"],"picked":"SKIP","floor":47.0}],"player_experience":328068,"relics_obtained":[{"floor":6.0,"key":"Toy Ornithopter"},{"floor":7.0,"key":"MealTicket"},{"floor":8.0,"key":"Dream Catcher"},{"floor":9.0,"key":"Art of War"},{"floor":12.0,"key":"Oddly Smooth Stone"},{"floor":14.0,"key":"Boot"},{"floor":23.0,"key":"Ice Cream"},{"floor":25.0,"key":"Orichalcum"},{"floor":26.0,"key":"Calipers"},{"floor":30.0,"key":"Potion Belt"},{"floor":37.0,"key":"Prayer Wheel"},{"floor":40.0,"key":"Regal Pillow"},{"floor":42.0,"key":"Lizard Tail"},{"floor":43.0,"key":"Bottled Tornado"},{"floor":44.0,"key":"Question Card"},{"floor":45.0,"key":"PreservedInsect"},{"floor":47.0,"key":"The Courier"}],"event_choices":[{"damage_healed":0.0,"max_hp_gain":0.0,"max_hp_loss":0.0,"gold_gain":0.0,"event_name":"Shining Light","player_choice":"Entered Light","floor":2.0,"gold_loss":0.0,"damage_taken":9.0,"cards_upgraded":["Hololive_Defend","Hololive_CallUruhaRushia"]},{"damage_healed":0.0,"max_hp_gain":5.0,"max_hp_loss":0.0,"gold_gain":0.0,"event_name":"Big Fish","player_choice":"Donut","floor":3.0,"gold_loss":0.0,"damage_taken":0.0},{"cards_removed":["Hololive_Strike"],"damage_healed":0.0,"max_hp_gain":0.0,"max_hp_loss":0.0,"gold_gain":0.0,"event_name":"The Cleric","player_choice":"Card Removal","floor":5.0,"gold_loss":75.0,"damage_taken":0.0},{"cards_removed":["Hololive_Strike"],"damage_healed":0.0,"max_hp_gain":0.0,"max_hp_loss":0.0,"gold_gain":0.0,"event_name":"Golden Wing","player_choice":"Card Removal","floor":11.0,"gold_loss":0.0,"damage_taken":7.0},{"damage_healed":0.0,"max_hp_gain":0.0,"max_hp_loss":0.0,"gold_gain":0.0,"event_name":"Back to Basics","player_choice":"Simplicity","floor":19.0,"gold_loss":0.0,"damage_taken":0.0,"cards_upgraded":["Hololive_Defend"]},{"damage_healed":0.0,"max_hp_gain":0.0,"max_hp_loss":0.0,"gold_gain":180.0,"event_name":"Knowing Skull","player_choice":"GOLD GOLD ","floor":20.0,"potions_obtained":[],"gold_loss":0.0,"damage_taken":19.0,"cards_obtained":[]},{"damage_healed":0.0,"max_hp_gain":0.0,"max_hp_loss":0.0,"gold_gain":0.0,"event_name":"Vampires","player_choice":"Ignored","floor":22.0,"gold_loss":0.0,"damage_taken":0.0},{"damage_healed":0.0,"max_hp_gain":5.0,"max_hp_loss":0.0,"gold_gain":0.0,"event_name":"Forgotten Altar","player_choice":"Shed Blood","floor":31.0,"gold_loss":0.0,"damage_taken":12.0},{"damage_healed":0.0,"max_hp_gain":0.0,"max_hp_loss":0.0,"gold_gain":0.0,"event_name":"Tomb of Lord Red Mask","player_choice":"Ignored","floor":36.0,"gold_loss":0.0,"damage_taken":0.0},{"damage_healed":0.0,"max_hp_gain":0.0,"max_hp_loss":0.0,"gold_gain":0.0,"event_name":"Mysterious Sphere","player_choice":"Fight","floor":37.0,"gold_loss":0.0,"damage_taken":0.0},{"cards_removed":["Hololive_AWSL"],"damage_healed":0.0,"max_hp_gain":0.0,"max_hp_loss":0.0,"gold_gain":0.0,"event_name":"Falling","player_choice":"Removed Skill","floor":39.0,"gold_loss":0.0,"damage_taken":0.0},{"damage_healed":0.0,"max_hp_gain":0.0,"max_hp_loss":0.0,"gold_gain":0.0,"event_name":"SecretPortal","player_choice":"Ignored","floor":48.0,"gold_loss":0.0,"damage_taken":0.0}],"is_beta":false,"boss_relics":[{"not_picked":["Cursed Key","Pandora\u0027s Box"],"picked":"Hololive_Finger"},{"not_picked":["Calling Bell","SacredBark"],"picked":"Philosopher\u0027s Stone"}],"items_purged_floors":[29],"is_endless":false,"potions_floor_spawned":[6,8,10,18,33,40,44,45],"killed_by":"Awakened One","ascension_level":20}}