{"host":"h4qgcirtxz6qax9j","time":1610979961,"event":{"mods":["AchievementEnabler","BaseMod","Colored Powertips","Hermit","Minty Spire (QoL Compilation)","StSLib","SuperFastMode","The Servant 0.9.4"],"gold_per_floor":[119,119,119,190,214,214,239,239,287,287,310,381,399,154,154,277,277,301,314,74,94,117,117,142,142,219,144,175,19,19,19,19,144,144,169,169,122,142,161,161,205,205,205,205,238,189,189,220,220,220],"floor_reached":51,"language":"KOR","playtime":1421,"items_purged":[],"score":800,"play_id":"0fee2f7d-1908-46ce-a22f-a3b1c406c8bd","local_time":"20210118232601","is_ascension_mode":true,"campfire_choices":[{"data":"KidneyShot","floor":6,"key":"SMITH"},{"floor":8,"key":"REST"},{"floor":15,"key":"REST"},{"floor":23,"key":"REST"},{"data":"MurderousAura","floor":25,"key":"SMITH"},{"floor":30,"key":"REST"},{"floor":32,"key":"REST"},{"floor":40,"key":"REST"},{"data":"SilverBlades","floor":44,"key":"SMITH"},{"floor":49,"key":"REST"}],"circlet_count":0,"master_deck":["Strike_S","Strike_S","Strike_S","Defend_S","Defend_S+1","Defend_S","Defend_S+1","KidneyShot+1","Exchange","Swift Strike","BottledTime","SilverBlades+1","MurderousAura+1","SilverBlades+1","Desolation+1","BottledTime+1","GearUp+1","Moonlight","Rearm+1","Rearm","ShatteredReality","FastForward+1","Starlight"],"relics":["Uniform","Golden Idol","KneeBrace","War Paint","Pen Nib","Bottled Tornado","StoneMask","Meat on the Bone","White Beast Statue","Gremlin Horn","Orichalcum","Enchiridion","SlaversCollar","Broom","Peace Pipe","Darkstone Periapt","Spirit Poop","StrikeDummy"],"acts_visited":["Exordium","TheCity","TheBeyond"],"potions_floor_usage":[28,33,38,38,41,41,45,45],"damage_taken":[{"damage":5,"enemies":"Small Slimes","floor":1,"turns":4},{"damage":3,"enemies":"Jaw Worm","floor":5,"turns":5},{"damage":0,"enemies":"Cultist","floor":7,"turns":4},{"damage":1,"enemies":"Large Slime","floor":11,"turns":6},{"damage":17,"enemies":"Gremlin Nob","floor":12,"turns":4},{"damage":5,"enemies":"Blue Slaver","floor":13,"turns":4},{"damage":26,"enemies":"Hexaghost","floor":16,"turns":9},{"damage":24,"enemies":"2 Thieves","floor":18,"turns":4},{"damage":17,"enemies":"Spheric Guardian","floor":19,"turns":5},{"damage":13,"enemies":"Snecko","floor":21,"turns":5},{"damage":16,"enemies":"Centurion and Healer","floor":22,"turns":7},{"damage":20,"enemies":"Chosen and Byrds","floor":24,"turns":6},{"damage":66,"enemies":"Gremlin Leader","floor":28,"turns":7},{"damage":16,"enemies":"Champ","floor":33,"turns":8},{"damage":27,"enemies":"Orb Walker","floor":35,"turns":5},{"damage":28,"enemies":"3 Darklings","floor":38,"turns":6},{"damage":41,"enemies":"4 Shapes","floor":39,"turns":8},{"damage":46,"enemies":"Nemesis","floor":41,"turns":9},{"damage":56,"enemies":"Reptomancer","floor":45,"turns":7},{"damage":28,"enemies":"Giant Head","floor":48,"turns":7},{"damage":28,"enemies":"Time Eater","floor":50,"turns":8}],"seed_played":"6278384623533962790","potions_obtained":[{"floor":1,"key":"FairyPotion"},{"floor":5,"key":"SteroidPotion"},{"floor":12,"key":"BlessingOfTheForge"},{"floor":28,"key":"SpeedPotion"},{"floor":33,"key":"Swift Potion"},{"floor":35,"key":"EssenceOfSteel"},{"floor":38,"key":"EssenceOfSteel"},{"floor":39,"key":"LiquidMemories"},{"floor":41,"key":"DistilledChaos"},{"floor":45,"key":"Swift Potion"},{"floor":48,"key":"DistilledChaos"}],"is_trial":false,"path_per_floor":["M","?","?","T","M","R","M","R","T","?","M","?","M","$","R","B",null,"M","M","$","M","M","R","M","R","T","?","E","$","R","?","R","B",null,"M","?","$","M","M","R","E","?","T","R","E","$","?","E","R","B",null],"character_chosen":"THE_SERVANT","items_purchased":["Bottled Tornado","Meat on the Bone","Orichalcum","Rearm","Starlight"],"campfire_rested":7,"item_purchase_floors":[14,20,29,37,46],"current_hp_per_floor":[60,65,48,48,45,45,45,66,66,66,65,48,43,43,64,38,70,52,38,38,40,42,64,50,50,50,50,29,29,52,36,59,46,80,56,56,56,43,26,51,20,87,87,87,46,46,46,33,59,46],"gold":220,"neow_bonus":"RANDOM_COLORLESS","is_daily":false,"chose_seed":false,"campfire_upgraded":3,"win_rate":0.0,"timestamp":1610979961,"path_taken":["M","?","?","?","?","R","M","R","T","?","M","?","M","?","R","BOSS","M","M","$","M","M","R","M","R","T","?","E","$","R","?","R","BOSS","M","?","$","?","M","R","E","?","T","R","E","$","?","E","R","BOSS"],"items_purchased_type":["Relic","Relic","Relic","Card","Card"],"build_version":"2020-12-22","purchased_purges":0,"victory":true,"max_hp_per_floor":[65,70,70,70,70,70,70,70,70,70,70,70,70,70,70,70,70,72,73,73,74,76,76,78,78,78,78,79,79,79,79,79,80,80,81,81,81,82,86,86,87,87,87,87,88,88,88,89,89,90],"card_choices":[{"not_picked":["Trip","Jack Of All Trades"],"picked":"Swift Strike","floor":0},{"not_picked":["Revamp","TimeTheft","Misdirection"],"picked":"SKIP","floor":1},{"not_picked":["ShatteredReality","Defy"],"picked":"BottledTime","floor":5},{"not_picked":["Snipe","DoubleEdge"],"picked":"SilverBlades","floor":7},{"not_picked":["BottledTime","Manipulate"],"picked":"MurderousAura","floor":11},{"not_picked":["DoubleEdge","ShatteredReality"],"picked":"SilverBlades","floor":12},{"not_picked":["ShatteredReality","DoubleEdge","ShiftingGears"],"picked":"SKIP","floor":13},{"not_picked":["Replace+1","Read"],"picked":"Desolation+1","floor":18},{"not_picked":["Defy+1","Rewind+1","Unruled"],"picked":"SKIP","floor":19},{"not_picked":["Spin+1","Comet","MoonPhase"],"picked":"SKIP","floor":21},{"not_picked":["Potential","Revamp"],"picked":"BottledTime+1","floor":22},{"not_picked":["MurderousAura","Revamp"],"picked":"GearUp+1","floor":24},{"not_picked":["Hightail","Luminosity+1"],"picked":"Moonlight","floor":28},{"not_picked":["Alleviate","FastForward+1"],"picked":"Rearm+1","floor":35},{"not_picked":["Read","FastForward+1"],"picked":"ShatteredReality","floor":38},{"not_picked":["Revamp+1","Collapse+1","Rewind+1"],"picked":"SKIP","floor":39},{"not_picked":["Defy","Alleviate+1"],"picked":"FastForward+1","floor":41},{"not_picked":["Replace","ReturningBlade+1","Potential"],"picked":"SKIP","floor":45},{"not_picked":["Sunlight","Gouge","Initiator"],"picked":"SKIP","floor":48}],"player_experience":61934,"relics_obtained":[{"floor":4,"key":"KneeBrace"},{"floor":9,"key":"War Paint"},{"floor":12,"key":"Pen Nib"},{"floor":26,"key":"White Beast Statue"},{"floor":28,"key":"Gremlin Horn"},{"floor":31,"key":"Enchiridion"},{"floor":41,"key":"Broom"},{"floor":43,"key":"Peace Pipe"},{"floor":45,"key":"Darkstone Periapt"},{"floor":48,"key":"StrikeDummy"}],"event_choices":[{"damage_healed":0,"gold_gain":0,"player_choice":"Donut","damage_taken":0,"max_hp_gain":5,"max_hp_loss":0,"event_name":"Big Fish","floor":2,"gold_loss":0},{"damage_healed":0,"gold_gain":0,"player_choice":"Take Damage","damage_taken":17,"relics_obtained":["Golden Idol"],"max_hp_gain":0,"max_hp_loss":0,"event_name":"Golden Idol","floor":3,"gold_loss":0},{"damage_healed":0,"gold_gain":0,"player_choice":"Grow","damage_taken":0,"max_hp_gain":0,"max_hp_loss":0,"event_name":"Living Wall","floor":10,"gold_loss":0,"cards_upgraded":["SilverBlades"]},{"damage_healed":0,"gold_gain":0,"player_choice":"Searched \u00272\u0027 times","damage_taken":0,"max_hp_gain":0,"max_hp_loss":0,"event_name":"Dead Adventurer","floor":12,"gold_loss":0},{"cards_removed":["Strike_S"],"damage_healed":0,"gold_gain":0,"player_choice":"Gave Gold","damage_taken":0,"max_hp_gain":0,"max_hp_loss":0,"event_name":"Beggar","floor":27,"gold_loss":75},{"damage_healed":0,"gold_gain":0,"player_choice":"Obtained Book","damage_taken":16,"max_hp_gain":0,"max_hp_loss":0,"event_name":"Cursed Tome","floor":31,"gold_loss":0},{"damage_healed":0,"gold_gain":0,"player_choice":"Ignored","damage_taken":0,"max_hp_gain":0,"max_hp_loss":0,"event_name":"SecretPortal","floor":36,"gold_loss":0},{"damage_healed":67,"gold_gain":0,"player_choice":"Heal","damage_taken":0,"max_hp_gain":0,"max_hp_loss":0,"event_name":"MindBloom","floor":42,"gold_loss":0,"cards_obtained":["Doubt"]},{"cards_removed":["Doubt"],"damage_healed":0,"gold_gain":0,"player_choice":"Offered Curse","damage_taken":0,"relics_obtained":["Spirit Poop"],"max_hp_gain":0,"max_hp_loss":0,"event_name":"Bonfire Elementals","floor":47,"gold_loss":0}],"is_beta":false,"boss_relics":[{"not_picked":["Calling Bell","Astrolabe"],"picked":"StoneMask"},{"not_picked":["Runic Dome","MysterySword"],"picked":"SlaversCollar"}],"items_purged_floors":[],"is_endless":false,"potions_floor_spawned":[1,5,12,19,22,28,33,35,38,39,41,45,48],"ascension_level":1}}