{"host":"h4qgcirtxz6qax9j","time":1610983959,"event":{"mods":["AchievementEnabler","BaseMod","Colored Powertips","Hermit","Minty Spire (QoL Compilation)","StSLib","SuperFastMode","The Servant 0.9.4"],"gold_per_floor":[117,132,82,100,175,175,201,219,243,261,261,272,272,302,302,302,302],"floor_reached":16,"language":"KOR","playtime":409,"items_purged":[],"score":129,"play_id":"196c7aea-87b5-406d-83f0-b0bc57267d0c","local_time":"20210119003239","is_ascension_mode":true,"campfire_choices":[{"data":"KidneyShot","floor":6,"key":"SMITH"},{"floor":11,"key":"REST"},{"floor":13,"key":"REST"},{"floor":15,"key":"REST"}],"circlet_count":0,"master_deck":["Strike_S","Strike_S","Strike_S","Strike_S+1","Defend_S","Defend_S","Defend_S","Defend_S","KidneyShot+1","Exchange","Starlight","SurpressingFire","Starlight+1","Moonlight","TheWorld","Ricochet","Contraction","Contraction"],"relics":["Uniform","NeowsBlessing","Akabeko","Regal Pillow","Whetstone"],"acts_visited":["Exordium"],"potions_floor_usage":[16,16,16],"damage_taken":[{"damage":0,"enemies":"2 Louse","floor":1,"turns":1},{"damage":0,"enemies":"Small Slimes","floor":2,"turns":1},{"damage":0,"enemies":"Jaw Worm","floor":4,"turns":1},{"damage":34,"enemies":"3 Sentries","floor":7,"turns":14},{"damage":0,"enemies":"Blue Slaver","floor":8,"turns":2},{"damage":3,"enemies":"Looter","floor":10,"turns":2},{"damage":14,"enemies":"Exordium Thugs","floor":12,"turns":3},{"damage":16,"enemies":"Gremlin Nob","floor":14,"turns":4},{"damage":70,"enemies":"The Guardian","floor":16,"turns":20}],"seed_played":"4454823489928823488","potions_obtained":[{"floor":1,"key":"EssenceOfSteel"},{"floor":10,"key":"Dexterity Potion"},{"floor":12,"key":"Dexterity Potion"}],"is_trial":false,"path_per_floor":["M","M","$","M","?","R","E","M","T","M","R","M","R","E","R","B"],"character_chosen":"THE_SERVANT","items_purchased":["Starlight"],"campfire_rested":3,"item_purchase_floors":[3],"current_hp_per_floor":[65,65,65,65,54,54,20,20,20,17,51,37,65,49,65,0,0],"gold":302,"neow_bonus":"THREE_ENEMY_KILL","is_daily":false,"chose_seed":false,"campfire_upgraded":1,"win_rate":0.0,"timestamp":1610983959,"path_taken":["M","M","$","M","?","R","E","M","T","M","R","M","R","E","R","BOSS"],"items_purchased_type":["Card"],"build_version":"2020-12-22","purchased_purges":0,"victory":false,"max_hp_per_floor":[65,65,65,65,65,65,65,65,65,65,65,65,65,65,65,65,65],"card_choices":[{"not_picked":["Hightail","Spin"],"picked":"Starlight","floor":1},{"not_picked":["Defy","Unruled"],"picked":"SurpressingFire","floor":2},{"not_picked":["FastForward","Revamp"],"picked":"Moonlight","floor":4},{"not_picked":["Sabotage","Revamp"],"picked":"TheWorld","floor":7},{"not_picked":["SpecialFormula","Potential"],"picked":"Ricochet","floor":8},{"not_picked":["TimeWarp","Revamp"],"picked":"Contraction","floor":10},{"not_picked":["Revamp","Gouge","Reset"],"picked":"SKIP","floor":12},{"not_picked":["DoubleEdge","Foresight"],"picked":"Contraction","floor":14}],"player_experience":66599,"relics_obtained":[{"floor":7,"key":"Akabeko"},{"floor":9,"key":"Regal Pillow"},{"floor":14,"key":"Whetstone"}],"event_choices":[{"damage_healed":0,"gold_gain":75,"player_choice":"Gather Gold","damage_taken":11,"max_hp_gain":0,"max_hp_loss":0,"event_name":"World of Goop","floor":5,"gold_loss":0}],"is_beta":false,"boss_relics":[],"items_purged_floors":[],"is_endless":false,"potions_floor_spawned":[1,10,12],"killed_by":"The Guardian","ascension_level":3}}