{"host":"ygfasg9u7olr7skw","time":1610962774,"event":{"mods":["AchievementEnabler","BaseMod","Better Note","Better Vampires","Colored Powertips","Minty Spire (QoL Compilation)","Replay The Spire","Spicy Shops","StSLib","The IronCluck"],"gold_per_floor":[117,210,229,5,22,22,22,22,36,36,117,292,311,322,322,332,332,437,437,450,450,400,106,106,106,106,118,145,156,174,193,193,210,210,315,315,329,352,364,35,64,64,73,132,132,132,56,70,70,81,81,186,204,221,33,47,64,83,83,96,96,164,164,164,164,164,185,185,285,285,305,324,324,324,324,324,40,40,51,51,83,83,94,113,122,141,141,242,242,259,272,286,111,124,124,124,138,164,164,191,191,191,191,191,292,292,304,324,124,124,138,169,169,169,201,227,302,146,165,44,44,149,149,165,105,305,325,24,24,44,44,44,44,72,86,0,15,35,52,52,164,164,182,211,211,226,237,248,248,276,302,302,319,333,333,360,360,360,360],"floor_reached":158,"language":"ENG","playtime":7857,"items_purged":["Strike_B","Strike_B","Rainbow","Pain","Writhe","Writhe","Defend_B"],"score":3155,"play_id":"0aa77c4b-bfbc-4e16-a75d-2534f610bb8f","local_time":"20210118043934","is_ascension_mode":false,"campfire_choices":[{"floor":8,"key":"REST"},{"floor":15,"key":"REST"},{"data":"Zap","floor":17,"key":"SMITH"},{"data":"Dualcast","floor":25,"key":"SMITH"},{"floor":32,"key":"REST"},{"data":"Skim","floor":34,"key":"SMITH"},{"floor":42,"key":"REST"},{"floor":46,"key":"REST"},{"floor":49,"key":"REST"},{"floor":51,"key":"REST"},{"data":"All For One","floor":59,"key":"SMITH"},{"floor":66,"key":"REST"},{"floor":68,"key":"REST"},{"floor":78,"key":"REST"},{"floor":80,"key":"REST"},{"floor":82,"key":"REST"},{"floor":87,"key":"REST"},{"floor":95,"key":"REST"},{"floor":99,"key":"REST"},{"floor":101,"key":"REST"},{"floor":104,"key":"REST"},{"floor":113,"key":"REST"},{"floor":129,"key":"REST"},{"floor":133,"key":"REST"},{"floor":140,"key":"REST"},{"floor":149,"key":"REST"},{"floor":152,"key":"REST"},{"floor":155,"key":"REST"},{"floor":157,"key":"DIG"}],"circlet_count":0,"master_deck":["Zap+1","Dualcast+1","Gash+1","All For One+1","Steam+1","Skim+1","Gash","Gash+1","Gash+1","Beam Cell+1","Genetic Algorithm","Gash+1","Gash+1","Gash+1","Seek","Scrape+1"],"relics":["Cracked Core","DollysMirror","Snack Pack","Empty Cage","Iron Hammer","CeramicFish","Runic Pyramid","Prayer Wheel","ReplayTheSpireMod:CursedCoin","ReplayTheSpireMod:TigerMarble","BranchBurnRelic","Turnip","Molten Egg 2","CaptainsWheel","Kintsugi","Bottled Lightning","Fusion Hammer","Replay:Wax Seal","BranchBurnRelic","Cursed Key","Busted Crown","Odd Mushroom","Frozen Eye","Replay:Bottled Snecko","Inserter","Toy Ornithopter","Garlic"],"acts_visited":["Exordium","TheCity","TheBeyond","Exordium","TheCity","TheBeyond","Exordium","TheCity","TheBeyond"],"potions_floor_usage":[18,18,35,35,35,39,48,58,60,69,105,122,158],"damage_taken":[{"damage":1,"enemies":"Jaw Worm","floor":1,"turns":4},{"damage":6,"enemies":"2 Louse","floor":3,"turns":2},{"damage":2,"enemies":"Small Slimes","floor":5,"turns":3},{"damage":6,"enemies":"3 Louse","floor":9,"turns":3},{"damage":3,"enemies":"2 Fungi Beasts","floor":13,"turns":3},{"damage":7,"enemies":"Looter","floor":14,"turns":4},{"damage":11,"enemies":"3 Louse","floor":16,"turns":4},{"damage":70,"enemies":"Slime Boss","floor":18,"turns":13},{"damage":5,"enemies":"Spheric Guardian","floor":20,"turns":3},{"damage":5,"enemies":"3 Byrds","floor":27,"turns":3},{"damage":12,"enemies":"Centurion and Healer","floor":29,"turns":4},{"damage":14,"enemies":"Snecko","floor":30,"turns":6},{"damage":0,"enemies":"Sentry and Sphere","floor":31,"turns":3},{"damage":16,"enemies":"Snake Plant","floor":33,"turns":4},{"damage":34,"enemies":"Collector","floor":35,"turns":7},{"damage":2,"enemies":"3 Darklings","floor":37,"turns":3},{"damage":10,"enemies":"Orb Walker","floor":38,"turns":4},{"damage":12,"enemies":"Writhing Mass","floor":39,"turns":4},{"damage":42,"enemies":"4 Shapes","floor":41,"turns":3},{"damage":51,"enemies":"Mind Bloom Boss Battle","floor":44,"turns":5},{"damage":48,"enemies":"Transient","floor":48,"turns":5},{"damage":41,"enemies":"Maw","floor":50,"turns":6},{"damage":76,"enemies":"Replay:Hell Engine","floor":52,"turns":7},{"damage":11,"enemies":"Jaw Worm","floor":54,"turns":2},{"damage":4,"enemies":"2 Louse","floor":56,"turns":2},{"damage":0,"enemies":"Cultist","floor":57,"turns":1},{"damage":13,"enemies":"Red Slaver","floor":58,"turns":2},{"damage":22,"enemies":"Exordium Wildlife","floor":60,"turns":2},{"damage":0,"enemies":"Lots of Slimes","floor":67,"turns":1},{"damage":68,"enemies":"Hexaghost","floor":69,"turns":4},{"damage":0,"enemies":"3 Byrds","floor":71,"turns":4},{"damage":0,"enemies":"Spheric Guardian","floor":72,"turns":1},{"damage":54,"enemies":"Snake Plant","floor":79,"turns":3},{"damage":55,"enemies":"Slavers","floor":81,"turns":3},{"damage":0,"enemies":"Centurion and Healer","floor":83,"turns":3},{"damage":0,"enemies":"Cultist and Chosen","floor":84,"turns":3},{"damage":0,"enemies":"3 Cultists","floor":86,"turns":4},{"damage":17,"enemies":"Champ","floor":88,"turns":4},{"damage":21,"enemies":"3 Darklings","floor":90,"turns":4},{"damage":17,"enemies":"Orb Walker","floor":91,"turns":3},{"damage":49,"enemies":"3 Darklings","floor":92,"turns":5},{"damage":34,"enemies":"Spire Growth","floor":94,"turns":3},{"damage":0,"enemies":"Jaw Worm Horde","floor":97,"turns":2},{"damage":10,"enemies":"Giant Head","floor":98,"turns":5},{"damage":0,"enemies":"Transient","floor":100,"turns":5},{"damage":24,"enemies":"Time Eater","floor":105,"turns":6},{"damage":0,"enemies":"2 Louse","floor":107,"turns":1},{"damage":0,"enemies":"Small Slimes","floor":108,"turns":2},{"damage":0,"enemies":"Cultist","floor":111,"turns":1},{"damage":24,"enemies":"3 Sentries","floor":112,"turns":2},{"damage":0,"enemies":"Lagavulin","floor":115,"turns":2},{"damage":0,"enemies":"The Mushroom Lair","floor":116,"turns":2},{"damage":0,"enemies":"Gremlin Gang","floor":119,"turns":2},{"damage":0,"enemies":"Slime Boss","floor":122,"turns":4},{"damage":0,"enemies":"3 Byrds","floor":124,"turns":2},{"damage":0,"enemies":"2 Thieves","floor":127,"turns":2},{"damage":0,"enemies":"Chosen and Byrds","floor":130,"turns":2},{"damage":19,"enemies":"Slavers","floor":134,"turns":3},{"damage":4,"enemies":"Snake Plant","floor":135,"turns":2},{"damage":0,"enemies":"Snecko","floor":137,"turns":2},{"damage":0,"enemies":"Shelled Parasite and Fungi","floor":138,"turns":2},{"damage":0,"enemies":"Centurion and Healer","floor":139,"turns":2},{"damage":33,"enemies":"Champ","floor":141,"turns":3},{"damage":0,"enemies":"Orb Walker","floor":143,"turns":2},{"damage":16,"enemies":"3 Darklings","floor":144,"turns":3},{"damage":0,"enemies":"Jaw Worm Horde","floor":146,"turns":2},{"damage":12,"enemies":"4 Shapes","floor":147,"turns":2},{"damage":32,"enemies":"Sphere and 2 Shapes","floor":148,"turns":2},{"damage":40,"enemies":"Reptomancer","floor":150,"turns":2},{"damage":0,"enemies":"Nemesis","floor":151,"turns":3},{"damage":0,"enemies":"3 Darklings","floor":153,"turns":2},{"damage":0,"enemies":"Jaw Worm Horde","floor":154,"turns":2},{"damage":61,"enemies":"R_Hoarder","floor":156,"turns":5},{"damage":121,"enemies":"Donu and Deca","floor":158,"turns":4}],"seed_played":"-8504300532388326237","potions_obtained":[{"floor":3,"key":"Toxic Potion"},{"floor":13,"key":"FairyPotion"},{"floor":14,"key":"Explosive Potion"},{"floor":18,"key":"Milkshake"},{"floor":20,"key":"FocusPotion"},{"floor":21,"key":"CultistPotion"},{"floor":21,"key":"Explosive Potion"},{"floor":33,"key":"DistilledChaos"},{"floor":35,"key":"Languid Potion"},{"floor":38,"key":"Milkshake"},{"floor":41,"key":"LiquidMemories"},{"floor":44,"key":"Block Potion"},{"floor":52,"key":"Strength Potion"},{"floor":57,"key":"Adrenaline Potion"},{"floor":58,"key":"LifebloodPotion"},{"floor":60,"key":"FairyPotion"},{"floor":69,"key":"Elixir"},{"floor":98,"key":"Flashbang"},{"floor":107,"key":"SkillPotion"},{"floor":119,"key":"Swift Potion"},{"floor":122,"key":"LiquidMemories"},{"floor":127,"key":"Strength Potion"},{"floor":130,"key":"Dexterity Potion"},{"floor":141,"key":"Milkshake"},{"floor":151,"key":"SteroidPotion"}],"is_trial":true,"path_per_floor":["M","?","M","$","M","PTL","PTL","R","M","$","T","?","M","M","R","M","R","B",null,"M","?","?","$","?","R","?","M","T","M","M","M","R","M","R","B",null,"M","M","M","$","M","R","?","?","T","R","$","M","R","M","R","B",null,"M","$","M","M","M","R","M","?","T","?","?","?","R","M","R","B",null,"M","M","?","PTL","PTL","?","$","R","M","R","E","R","M","M","?","M","R","B",null,"M","M","M","$","M","R","?","M","E","R","M","R","?","?","R","B",null,"M","M","$","?","M","E","R","?","E","?","?","$","M","$","R","B",null,"M","?","?","M","$","R","M","PTL","PTL","R","E","M","?","M","M","M","R","B",null,"M","M","?","M","M","M","R","E","E","R","M","M","R","E","R","B"],"character_chosen":"DEFECT","items_purchased":["DollysMirror","Iron Hammer","Skim","ReplayTheSpireMod:CursedCoin","ReplayTheSpireMod:TigerMarble","Dead Branch","CaptainsWheel","Gash+1","Replay:Wax Seal","Dead Branch","Frozen Eye","Replay:Bottled Snecko","Toy Ornithopter"],"campfire_rested":24,"item_purchase_floors":[4,23,23,40,40,40,47,55,77,77,118,120,128],"current_hp_per_floor":[74,44,38,38,36,36,36,58,52,52,52,52,53,46,68,59,59,22,75,70,70,70,70,70,70,70,67,67,57,45,49,71,57,57,29,75,75,67,61,61,21,43,62,31,31,53,53,26,48,28,50,1,75,66,66,64,68,59,59,46,21,21,21,21,21,43,47,69,12,75,75,75,75,75,75,61,61,80,34,58,34,58,80,80,80,80,80,65,80,63,52,17,17,24,48,48,66,68,80,80,80,80,80,80,79,80,80,80,80,80,80,58,80,80,80,80,69,69,75,75,80,80,80,80,80,80,80,80,80,80,80,80,80,61,63,63,71,79,80,80,53,80,80,68,68,78,72,52,76,44,58,80,80,80,80,46,46,0,0],"gold":360,"neow_bonus":"","is_daily":false,"chose_seed":false,"campfire_upgraded":4,"win_rate":0.0,"timestamp":1610962774,"path_taken":["M","?","M","$","M","PTL","PTL","R","M","$","T","?","M","M","R","M","R","BOSS","M","?","?","$","?","R","?","M","T","M","M","M","R","M","R","BOSS","M","M","M","$","M","R","?","?","T","R","$","M","R","M","R","BOSS","M","$","M","M","M","R","M","?","T","?","?","?","R","M","R","BOSS","M","M","?","PTL","PTL","?","$","R","M","R","E","R","M","M","?","M","R","BOSS","M","M","M","$","M","R","?","M","E","R","M","R","?","?","R","BOSS","M","M","$","?","?","E","R","?","E","?","?","?","M","$","R","BOSS","M","?","?","?","$","R","M","PTL","PTL","R","E","M","?","M","M","M","R","BOSS","M","M","?","M","?","?","R","E","E","R","?","M","R","E","R","BOSS"],"items_purchased_type":["Relic","Relic","Card","Relic","Relic","Relic","Relic","Card","Relic","Relic","Relic","Relic","Relic"],"build_version":"2020-12-22","purchased_purges":7,"victory":false,"max_hp_per_floor":[75,75,75,75,75,75,75,75,75,75,75,75,75,75,75,75,75,75,75,75,75,75,75,75,75,75,75,75,75,75,75,75,75,75,75,75,75,75,75,75,75,75,75,75,75,75,75,75,75,75,75,75,75,75,75,75,75,75,75,75,75,75,75,75,75,75,75,75,75,75,75,75,75,75,75,80,80,80,80,80,80,80,80,80,80,80,80,80,80,80,80,80,80,80,80,80,80,80,80,80,80,80,80,80,80,80,80,80,80,80,80,80,80,80,80,80,80,80,80,80,80,80,80,80,80,80,80,80,80,80,80,80,80,80,80,80,80,80,80,80,80,80,80,80,80,80,80,80,80,80,80,80,80,80,80,80,80,80,80],"card_choices":[{"not_picked":["Coolheaded","Leap","Stack"],"picked":"SKIP","floor":1},{"not_picked":["ReplayRNGCard","ReplaySolidLightProjector"],"picked":"Gash","floor":3},{"not_picked":["Rebound","Hologram","Sweeping Beam"],"picked":"SKIP","floor":5},{"not_picked":["Streamline","BootSequence","ReplaySort"],"picked":"SKIP","floor":9},{"not_picked":["Stack","Chaos","Streamline"],"picked":"SKIP","floor":13},{"not_picked":["Redo","Loop","Streamline"],"picked":"SKIP","floor":14},{"not_picked":["Cold Snap","Steam","Coolheaded"],"picked":"SKIP","floor":16},{"not_picked":["Amplify","ReplayRNGCard"],"picked":"All For One","floor":18},{"not_picked":["Redo","Hologram"],"picked":"Steam+1","floor":20},{"not_picked":["Stack","Barrage","Sweeping Beam"],"picked":"SKIP","floor":27},{"not_picked":["Melter","Cold Snap","Sunder"],"picked":"SKIP","floor":29},{"not_picked":["ReplaySort","Steam","Fission"],"picked":"SKIP","floor":30},{"not_picked":["Turbo","Ball Lightning","BasicCrystalCard"],"picked":"SKIP","floor":31},{"not_picked":["Lockon","Steam","Chaos"],"picked":"SKIP","floor":33},{"not_picked":["Core Surge","Hyperbeam"],"picked":"ReplayTheSpireMod:Fabricate Wheel","floor":35},{"not_picked":["Steam","Leap+1","Coolheaded+1"],"picked":"SKIP","floor":37},{"not_picked":["Conserve Battery+1","Storm+1","ReplayTheSpireMod:System Scan+1"],"picked":"SKIP","floor":38},{"not_picked":["Ball Lightning","ReplaySort+1","Self Repair"],"picked":"SKIP","floor":38},{"not_picked":["Doom and Gloom+1","Leap","Barrage"],"picked":"SKIP","floor":39},{"not_picked":["Reinforced Body","Barrage+1","ReplayTheSpireMod:Repulse+1"],"picked":"SKIP","floor":39},{"not_picked":["Tempest+1","Panic Button"],"picked":"Gash","floor":41},{"not_picked":["Coolheaded","Genetic Algorithm+1","Steam"],"picked":"SKIP","floor":41},{"not_picked":["Sweeping Beam+1","Hologram"],"picked":"Gash+1","floor":44},{"not_picked":["Stack","Ball Lightning+1","Streamline+1"],"picked":"SKIP","floor":48},{"not_picked":["Thunder Strike+1","Streamline+1","Compile Driver+1"],"picked":"SKIP","floor":48},{"not_picked":["BasicCrystalCard","Panic Button","Tempest"],"picked":"SKIP","floor":50},{"not_picked":["Turbo","Skim+1","Recycle+1"],"picked":"SKIP","floor":50},{"not_picked":["Sweeping Beam+1","Aggregate","ReplayTheSpireMod:Repulse"],"picked":"SKIP","floor":54},{"not_picked":["Conserve Battery","Hello World","Coolheaded"],"picked":"SKIP","floor":54},{"not_picked":["Steam Power","Conserve Battery","Hologram"],"picked":"SKIP","floor":56},{"not_picked":["Compile Driver+1","BasicCrystalCard","Go for the Eyes+1"],"picked":"SKIP","floor":56},{"not_picked":["Ball Lightning+1","Recycle","FTL+1"],"picked":"SKIP","floor":57},{"not_picked":["Reinforced Body","Stack","Barrage+1"],"picked":"SKIP","floor":57},{"not_picked":["Mirror Shield","Stack"],"picked":"Beam Cell+1","floor":58},{"not_picked":["Reinforced Body","Defragment","Steam"],"picked":"SKIP","floor":58},{"not_picked":["Defragment","Barrage+1","Coolheaded"],"picked":"SKIP","floor":60},{"not_picked":["Rebound+1","Stack","Steam"],"picked":"SKIP","floor":60},{"not_picked":["Turbo","Coolheaded"],"picked":"Genetic Algorithm","floor":67},{"not_picked":["Barrage+1","Rebound+1","Streamline+1"],"picked":"SKIP","floor":67},{"not_picked":["Stack","Barrage+1","BasicCrystalCard"],"picked":"SKIP","floor":71},{"not_picked":["BasicCrystalCard","Sweeping Beam+1","Hologram"],"picked":"SKIP","floor":71},{"not_picked":["Compile Driver+1","Steam+1","Beam Cell+1"],"picked":"SKIP","floor":72},{"not_picked":["Steam","Cold Snap+1","BasicCrystalCard"],"picked":"SKIP","floor":72},{"not_picked":["ReplayTheSpireMod:Repulse","Steam","Ball Lightning+1"],"picked":"SKIP","floor":79},{"not_picked":["Turbo","Echo Form","Conserve Battery"],"picked":"SKIP","floor":79},{"not_picked":["Storm","Reboot","Panic Button"],"picked":"SKIP","floor":81},{"not_picked":["Melter+1","Coolheaded","Steam+1"],"picked":"SKIP","floor":83},{"not_picked":["Skim","Capacitor","Heatsinks+1"],"picked":"SKIP","floor":83},{"not_picked":["Barrage+1","Cold Snap+1"],"picked":"Gash+1","floor":84},{"not_picked":["Go for the Eyes+1","Cold Snap+1","Redo+1"],"picked":"SKIP","floor":84},{"not_picked":["Go for the Eyes+1","Cold Snap+1","Redo+1"],"picked":"SKIP","floor":84},{"not_picked":["Sweeping Beam+1","Chaos","Scrape+1"],"picked":"SKIP","floor":86},{"not_picked":["FIFO Queue","Panic Button","Go for the Eyes+1"],"picked":"SKIP","floor":86},{"not_picked":["Turbo+1","BasicCrystalCard","Barrage+1"],"picked":"SKIP","floor":90},{"not_picked":["Time Bomb+1","Blizzard+1","Stack+1"],"picked":"SKIP","floor":90},{"not_picked":["Melter+1","Go for the Eyes+1","Rebound+1"],"picked":"SKIP","floor":91},{"not_picked":["Rip and Tear+1","Conserve Battery","Stack"],"picked":"SKIP","floor":91},{"not_picked":["Go for the Eyes+1","Electrodynamics","Ball Lightning+1"],"picked":"SKIP","floor":92},{"not_picked":["Steam+1","ReplaySolidLightProjector+1","Barrage+1"],"picked":"SKIP","floor":92},{"not_picked":["Rebound+1","Go for the Eyes+1","Beam Cell+1"],"picked":"SKIP","floor":94},{"not_picked":["Beam Cell+1","Compile Driver+1","Hello World"],"picked":"SKIP","floor":94},{"not_picked":["ReplayTheSpireMod:GoodbyeWorld+1","Fusion","Thunder Strike+1"],"picked":"SKIP","floor":97},{"not_picked":["Conserve Battery","Doom and Gloom+1","Blizzard+1"],"picked":"SKIP","floor":97},{"not_picked":["Cold Snap+1","Darkness+1","Barrage+1"],"picked":"SKIP","floor":98},{"not_picked":["Chill+1","ReplaySolidLightProjector+1"],"picked":"Gash+1","floor":100},{"not_picked":["BootSequence","Creative AI","BasicCrystalCard+1"],"picked":"SKIP","floor":100},{"not_picked":["Leap"],"picked":"SKIP","floor":107},{"not_picked":["BootSequence"],"picked":"SKIP","floor":107},{"not_picked":["Rip and Tear+1"],"picked":"SKIP","floor":108},{"not_picked":["FIFO Queue"],"picked":"SKIP","floor":108},{"not_picked":["Leap"],"picked":"SKIP","floor":111},{"not_picked":["ReplayTheSpireMod:Calculation Training"],"picked":"SKIP","floor":111},{"not_picked":["Consume"],"picked":"SKIP","floor":112},{"not_picked":["Doom and Gloom+1"],"picked":"SKIP","floor":115},{"not_picked":["FTL+1"],"picked":"SKIP","floor":119},{"not_picked":["ReplaySort"],"picked":"SKIP","floor":119},{"not_picked":["Sweeping Beam+1"],"picked":"SKIP","floor":124},{"not_picked":["Panic Button"],"picked":"SKIP","floor":124},{"not_picked":["Coolheaded+1"],"picked":"SKIP","floor":127},{"not_picked":["Turbo"],"picked":"SKIP","floor":127},{"not_picked":["Streamline+1"],"picked":"SKIP","floor":130},{"not_picked":["Coolheaded"],"picked":"SKIP","floor":130},{"not_picked":["Capacitor"],"picked":"SKIP","floor":134},{"not_picked":["Panic Button+1"],"picked":"SKIP","floor":135},{"not_picked":["Genetic Algorithm"],"picked":"SKIP","floor":135},{"not_picked":["White Noise"],"picked":"SKIP","floor":137},{"not_picked":["Blizzard+1"],"picked":"SKIP","floor":137},{"not_picked":["White Noise"],"picked":"SKIP","floor":137},{"not_picked":["Blizzard+1"],"picked":"SKIP","floor":137},{"not_picked":["Panic Button"],"picked":"SKIP","floor":138},{"not_picked":["Defragment"],"picked":"SKIP","floor":138},{"not_picked":["Compile Driver+1"],"picked":"SKIP","floor":139},{"not_picked":["Panic Button"],"picked":"SKIP","floor":139},{"not_picked":[],"picked":"Seek","floor":141},{"not_picked":["Time Bomb"],"picked":"SKIP","floor":143},{"not_picked":["Hologram"],"picked":"SKIP","floor":143},{"not_picked":[],"picked":"Scrape+1","floor":144},{"not_picked":["ReplayTheSpireMod:Reroute Power+1"],"picked":"SKIP","floor":144},{"not_picked":["Sweeping Beam+1"],"picked":"SKIP","floor":146},{"not_picked":["Rebound+1"],"picked":"SKIP","floor":146},{"not_picked":["Compile Driver+1"],"picked":"SKIP","floor":147},{"not_picked":["Consume"],"picked":"SKIP","floor":147},{"not_picked":["FIFO Queue"],"picked":"SKIP","floor":148},{"not_picked":["Barrage+1"],"picked":"SKIP","floor":148},{"not_picked":["Leap+1"],"picked":"SKIP","floor":150},{"not_picked":["Creative AI"],"picked":"SKIP","floor":151},{"not_picked":["Leap"],"picked":"SKIP","floor":153},{"not_picked":["Ball Lightning+1"],"picked":"SKIP","floor":153},{"not_picked":["Conserve Battery"],"picked":"SKIP","floor":154},{"not_picked":["Tempest"],"picked":"SKIP","floor":154},{"not_picked":["Melter+1"],"picked":"SKIP","floor":156}],"player_experience":329443,"relics_obtained":[{"floor":11,"key":"Snack Pack"},{"floor":28,"key":"CeramicFish"},{"floor":44,"key":"Turnip"},{"floor":45,"key":"Molten Egg 2"},{"floor":62,"key":"Bottled Lightning"},{"floor":116,"key":"Odd Mushroom"},{"floor":157,"key":"Garlic"}],"event_choices":[{"damage_healed":0,"gold_gain":175,"player_choice":"AGREE","damage_taken":0,"max_hp_gain":0,"max_hp_loss":0,"event_name":"Liars Game","floor":12,"gold_loss":0,"cards_obtained":["Doubt"]},{"damage_healed":0,"gold_gain":0,"player_choice":"Got Potions","damage_taken":0,"max_hp_gain":0,"max_hp_loss":0,"event_name":"Lab","floor":21,"gold_loss":0},{"damage_healed":0,"gold_gain":0,"player_choice":"Bet on Murderer","damage_taken":0,"max_hp_gain":0,"max_hp_loss":0,"event_name":"The Joust","floor":22,"gold_loss":50},{"cards_removed":["Strike_B"],"damage_healed":0,"gold_gain":0,"player_choice":"Purged","damage_taken":0,"max_hp_gain":0,"max_hp_loss":0,"event_name":"Purifier","floor":24,"gold_loss":0},{"damage_healed":19,"gold_gain":0,"player_choice":"Writhe","damage_taken":0,"max_hp_gain":0,"max_hp_loss":0,"event_name":"Winding Halls","floor":43,"gold_loss":0,"cards_obtained":["Writhe"]},{"damage_healed":0,"gold_gain":0,"player_choice":"Fight","damage_taken":0,"max_hp_gain":0,"max_hp_loss":0,"event_name":"MindBloom","floor":44,"gold_loss":0},{"damage_healed":0,"gold_gain":0,"player_choice":"Fled","damage_taken":25,"max_hp_gain":0,"max_hp_loss":0,"event_name":"Scrap Ooze","floor":61,"gold_loss":0},{"cards_removed":["Shame"],"damage_healed":0,"gold_gain":0,"player_choice":"Forget","damage_taken":0,"max_hp_gain":0,"max_hp_loss":0,"event_name":"Living Wall","floor":63,"gold_loss":0},{"damage_healed":0,"gold_gain":0,"player_choice":"Ignored","damage_taken":0,"max_hp_gain":0,"max_hp_loss":0,"event_name":"Shining Light","floor":64,"gold_loss":0},{"damage_healed":0,"gold_gain":0,"player_choice":"Searched \u00270\u0027 times","damage_taken":0,"max_hp_gain":0,"max_hp_loss":0,"event_name":"Dead Adventurer","floor":65,"gold_loss":0},{"cards_removed":["CommonCold"],"damage_healed":0,"gold_gain":0,"player_choice":"Elegance","damage_taken":0,"max_hp_gain":0,"max_hp_loss":0,"event_name":"Back to Basics","floor":73,"gold_loss":0},{"damage_healed":0,"gold_gain":0,"player_choice":"Shed Blood","damage_taken":19,"max_hp_gain":5,"max_hp_loss":0,"event_name":"Forgotten Altar","floor":76,"gold_loss":0},{"damage_healed":0,"gold_gain":0,"player_choice":"Read","damage_taken":0,"max_hp_gain":0,"max_hp_loss":0,"event_name":"The Library","floor":85,"gold_loss":0,"cards_obtained":["Gash"]},{"damage_healed":0,"gold_gain":0,"player_choice":"Ignored","damage_taken":0,"max_hp_gain":0,"max_hp_loss":0,"event_name":"Mysterious Sphere","floor":96,"gold_loss":0},{"damage_healed":0,"gold_gain":0,"player_choice":"Memory 1","damage_taken":0,"max_hp_gain":0,"max_hp_loss":0,"event_name":"SensoryStone","floor":102,"gold_loss":0},{"cards_removed":["Gash"],"damage_healed":0,"gold_gain":0,"player_choice":"Removed Attack","damage_taken":0,"max_hp_gain":0,"max_hp_loss":0,"event_name":"Falling","floor":103,"gold_loss":0},{"cards_removed":["Defend_B"],"damage_healed":0,"gold_gain":0,"player_choice":"Offered Basic","damage_taken":0,"max_hp_gain":0,"max_hp_loss":0,"event_name":"Bonfire Elementals","floor":110,"gold_loss":0},{"damage_healed":0,"gold_gain":0,"player_choice":"Searched \u00270\u0027 times","damage_taken":0,"max_hp_gain":0,"max_hp_loss":0,"event_name":"Dead Adventurer","floor":114,"gold_loss":0},{"damage_healed":0,"gold_gain":0,"player_choice":"Fought Mushrooms","damage_taken":0,"max_hp_gain":0,"max_hp_loss":0,"event_name":"Mushrooms","floor":116,"gold_loss":0},{"damage_healed":0,"gold_gain":75,"player_choice":"Gather Gold","damage_taken":11,"max_hp_gain":0,"max_hp_loss":0,"event_name":"World of Goop","floor":117,"gold_loss":0},{"damage_healed":0,"gold_gain":200,"player_choice":"Gold","damage_taken":0,"max_hp_gain":0,"max_hp_loss":0,"event_name":"Wheel of Change","floor":126,"gold_loss":0},{"damage_healed":0,"gold_gain":0,"player_choice":"Paid Fearfully","damage_taken":0,"max_hp_gain":0,"max_hp_loss":0,"event_name":"Masked Bandits","floor":136,"gold_loss":86},{"damage_healed":0,"gold_gain":0,"player_choice":"Got Potions","damage_taken":0,"max_hp_gain":0,"max_hp_loss":0,"event_name":"Lab","floor":145,"gold_loss":0}],"is_beta":false,"boss_relics":[{"not_picked":["Philosopher\u0027s Stone","Replay:Wanted Poster"],"picked":"Empty Cage"},{"not_picked":["Replay:Grab Bag","Sozu"],"picked":"Runic Pyramid"},{"not_picked":["Coffee Dripper","FrozenCore"],"picked":"Kintsugi"},{"not_picked":["FrozenCore","Runic Dome"],"picked":"Fusion Hammer"},{"not_picked":["Replay:Grab Bag","Tiny House"],"picked":"Cursed Key"},{"not_picked":["Replay:Bronze Core","Snecko Eye"],"picked":"Busted Crown"},{"not_picked":["Snecko Heart","Velvet Choker"],"picked":"Inserter"},{"not_picked":["Replay:Wanted Poster","Replay:Ancient Bell","Runic Dome"]}],"items_purged_floors":[4,23,40,55,93,109,128],"is_endless":true,"potions_floor_spawned":[3,13,14,18,20,31,33,35,38,41,44,52,57,58,60,69,79,81,84,88,90,92,98,107,111,119,122,127,130,135,138,141,144,146,148,151],"killed_by":"Donu and Deca","ascension_level":0}}