{"host":"og6lam4kt3nibbw0","time":1610992564,"event":{"mods":["AchievementEnabler","BaseMod","Colored Map","DeckTracker","Highlight Path","Keyboard Shortcuts","Minty Spire (QoL Compilation)","Permanent Neow","Quick Restart","StSLib","SuperFastMode"],"gold_per_floor":[114,125,207,221,221,221,254,254,279,279,9,9,25,25,25,25,25],"floor_reached":16,"language":"KOR","playtime":524,"items_purged":["Strike_G"],"score":196,"play_id":"6e2ad8a5-81ef-4409-8931-622b53ea8f0d","local_time":"20210119025604","is_ascension_mode":true,"campfire_choices":[{"data":"Underhanded Strike","floor":6.0,"key":"SMITH"},{"floor":8,"key":"REST"},{"data":"Blade Dance","floor":10,"key":"SMITH"},{"data":"Acrobatics","floor":12,"key":"SMITH"},{"floor":15,"key":"REST"}],"circlet_count":0,"master_deck":["AscendersBane","Strike_G","Strike_G","Strike_G","Strike_G","Defend_G","Defend_G","Defend_G","Defend_G","Defend_G","Survivor","Neutralize","Bandage Up","Underhanded Strike+1","Escape Plan","Crippling Poison","Blade Dance+1","Acrobatics+1"],"relics":["Ring of the Snake","Pear","Golden Idol","Pen Nib","Nunchaku","TheAbacus","FossilizedHelix"],"acts_visited":["Exordium"],"potions_floor_usage":[7,7,16],"damage_taken":[{"damage":6.0,"enemies":"Cultist","floor":1.0,"turns":5.0},{"damage":9.0,"enemies":"2 Louse","floor":2.0,"turns":3.0},{"damage":0.0,"enemies":"Jaw Worm","floor":4.0,"turns":5.0},{"damage":34,"enemies":"Lagavulin","floor":7,"turns":6},{"damage":6,"enemies":"Blue Slaver","floor":13,"turns":3},{"damage":52,"enemies":"Hexaghost","floor":16,"turns":10}],"seed_played":"255627617301062975","potions_obtained":[{"floor":1.0,"key":"FearPotion"},{"floor":4.0,"key":"DistilledChaos"},{"floor":7,"key":"LiquidMemories"}],"is_trial":false,"path_per_floor":["M","M","T","M","?","R","E","R","T","R","$","R","M","?","R","B"],"character_chosen":"THE_SILENT","items_purchased":["Acrobatics","TheAbacus"],"campfire_rested":2,"item_purchase_floors":[11,11],"current_hp_per_floor":[57,52,62,66,40,40,10,32,32,32,32,32,30,25,47,0,0],"gold":25,"neow_bonus":"RANDOM_COLORLESS","is_daily":false,"chose_seed":false,"campfire_upgraded":3,"win_rate":0.0,"timestamp":1610992564,"path_taken":["M","M","?","M","?","R","E","R","T","R","?","R","M","?","R","BOSS"],"items_purchased_type":["Card","Relic"],"build_version":"2020-12-22","purchased_purges":1,"victory":false,"max_hp_per_floor":[66,66,76,76,76,76,76,76,76,76,76,76,76,76,76,76,76],"card_choices":[{"not_picked":["Trip","Forethought"],"picked":"Bandage Up","floor":0.0},{"not_picked":["Tactician","Calculated Gamble"],"picked":"Underhanded Strike","floor":1.0},{"not_picked":["Choke","Backflip"],"picked":"Escape Plan","floor":2.0},{"not_picked":["All Out Attack","Skewer"],"picked":"Crippling Poison","floor":4.0},{"not_picked":["Eviscerate","Dagger Spray"],"picked":"Blade Dance","floor":7},{"not_picked":["Acrobatics","Dodge and Roll","Footwork"],"picked":"SKIP","floor":13}],"player_experience":920896,"relics_obtained":[{"floor":3.0,"key":"Pear"},{"floor":7,"key":"Pen Nib"},{"floor":9,"key":"Nunchaku"}],"event_choices":[{"damage_healed":0.0,"max_hp_gain":0.0,"max_hp_loss":0.0,"gold_gain":0.0,"event_name":"Golden Idol","player_choice":"Take Damage","floor":5.0,"gold_loss":0.0,"damage_taken":26.0,"relics_obtained":["Golden Idol"]},{"damage_healed":0,"gold_gain":0,"player_choice":"Success","damage_taken":5,"relics_obtained":["FossilizedHelix"],"max_hp_gain":0,"max_hp_loss":0,"event_name":"Scrap Ooze","floor":14,"gold_loss":0}],"is_beta":false,"boss_relics":[],"items_purged_floors":[11],"is_endless":false,"potions_floor_spawned":[1,4,7],"killed_by":"Hexaghost","ascension_level":20}}