{"host":"x7xd4wkamhrqrrvw","time":1610935812,"event":{"mods":["BaseMod","Minty Spire (QoL Compilation)","StSLib"],"gold_per_floor":[118,118,118,133,144,174,186,186,210,229,229,255,267,287,287,287,287],"floor_reached":16,"language":"ENG","playtime":644,"items_purged":[],"score":171,"play_id":"e5ed5e0b-5d97-4da3-89af-fd5fa560ff62","local_time":"20210118001012","is_ascension_mode":true,"campfire_choices":[{"data":"Corruption","floor":8,"key":"SMITH"},{"data":"Wild Strike","floor":11,"key":"SMITH"},{"data":"Dark Embrace","floor":15,"key":"SMITH"}],"circlet_count":0,"master_deck":["AscendersBane","Strike_R","Strike_R","Strike_R","Strike_R","Strike_R","Defend_R+1","Defend_R","Defend_R","Defend_R","Bash","Corruption+1","Infernal Blade+1","Wild Strike+1","Ghostly Armor","Shrug It Off","Disarm","Dark Embrace+1","Disarm"],"relics":["Burning Blood","War Paint","Omamori","Smiling Mask"],"acts_visited":["Exordium"],"potions_floor_usage":[6,6,7],"damage_taken":[{"damage":11,"enemies":"Jaw Worm","floor":1,"turns":5},{"damage":0,"enemies":"2 Louse","floor":4,"turns":2},{"damage":10,"enemies":"Cultist","floor":5,"turns":4},{"damage":50,"enemies":"3 Sentries","floor":6,"turns":10},{"damage":5,"enemies":"Exordium Thugs","floor":7,"turns":6},{"damage":1,"enemies":"Red Slaver","floor":10,"turns":5},{"damage":28,"enemies":"Gremlin Nob","floor":12,"turns":5},{"damage":0,"enemies":"Blue Slaver","floor":13,"turns":4},{"damage":7,"enemies":"Exordium Thugs","floor":14,"turns":5},{"damage":19,"enemies":"Hexaghost","floor":16,"turns":11}],"seed_played":"-6151366506429422144","potions_obtained":[{"floor":1,"key":"EssenceOfSteel"},{"floor":4,"key":"LiquidMemories"},{"floor":5,"key":"Swift Potion"}],"is_trial":false,"path_per_floor":["M","?","?","M","M","E","M","R","T","M","R","E","M","M","R","B"],"character_chosen":"IRONCLAD","items_purchased":[],"campfire_rested":0,"item_purchase_floors":[],"current_hp_per_floor":[67,67,72,78,74,30,31,31,31,36,36,14,20,19,19,0,0],"gold":287,"neow_bonus":"ONE_RANDOM_RARE_CARD","is_daily":false,"chose_seed":false,"campfire_upgraded":3,"win_rate":0.0,"timestamp":1610935812,"path_taken":["M","?","?","M","M","E","M","R","T","M","R","E","M","M","R","BOSS"],"items_purchased_type":[],"build_version":"2020-12-22","purchased_purges":0,"victory":false,"max_hp_per_floor":[80,80,85,85,85,85,85,85,85,85,85,85,85,85,85,85,85],"card_choices":[{"not_picked":["Fire Breathing","Pommel Strike"],"picked":"Infernal Blade","floor":1},{"not_picked":["Warcry","Dual Wield"],"picked":"Wild Strike","floor":4},{"not_picked":["Anger","Twin Strike"],"picked":"Ghostly Armor","floor":5},{"not_picked":["Perfected Strike","Clothesline"],"picked":"Shrug It Off","floor":6},{"not_picked":["Perfected Strike","Rage"],"picked":"Disarm","floor":7},{"not_picked":["Flex","Second Wind"],"picked":"Dark Embrace","floor":10},{"not_picked":["Rupture","Uppercut"],"picked":"Disarm","floor":12},{"not_picked":["Combust","Inflame","Clash"],"picked":"SKIP","floor":13},{"not_picked":["Anger","Armaments","Havoc"],"picked":"SKIP","floor":14}],"player_experience":327223,"relics_obtained":[{"floor":6,"key":"War Paint"},{"floor":9,"key":"Omamori"},{"floor":12,"key":"Smiling Mask"}],"event_choices":[{"damage_healed":0,"gold_gain":0,"player_choice":"Ignored","damage_taken":0,"max_hp_gain":0,"max_hp_loss":0,"event_name":"Liars Game","floor":2,"gold_loss":0},{"damage_healed":0,"gold_gain":0,"player_choice":"Donut","damage_taken":0,"max_hp_gain":5,"max_hp_loss":0,"event_name":"Big Fish","floor":3,"gold_loss":0}],"is_beta":false,"boss_relics":[],"items_purged_floors":[],"is_endless":false,"potions_floor_spawned":[1,4,5],"killed_by":"Hexaghost","ascension_level":10}}