{"host":"sygfylmorsvdndbx","time":1610999281,"event":{"mods":["AchievementEnabler","BaseMod","Highlight Path","Minty Spire (QoL Compilation)","Permanent Neow","Quick Restart","Relic Stats"],"gold_per_floor":[114,114,134,84,96,126,126,126,126,126,153,164,195,205,205,310,310,324,336,336,251,263,301,313,352,391,403,415,437,449,386,398,508,520,549,561,588,600,632,644,671,683,695,734,765,793,837,362,362,362,362,362,28,61,61],"floor_reached":56,"language":"ENG","playtime":7515,"items_purged":["Strike_G","Strike_G"],"score":1635,"play_id":"80d4581e-c3f1-4f4f-857b-b2af1dc9d52f","local_time":"20210118144801","is_ascension_mode":true,"campfire_choices":[{"data":"Footwork","floor":7,"key":"SMITH"},{"data":"Dash","floor":10,"key":"SMITH"},{"data":"Well Laid Plans","floor":15,"key":"SMITH"},{"floor":24,"key":"REST"},{"floor":27,"key":"RECALL"},{"floor":30,"key":"REST"},{"floor":32,"key":"REST"},{"floor":40,"key":"REST"},{"floor":49,"key":"REST"},{"floor":52,"key":"REST"}],"circlet_count":0,"master_deck":["Strike_G","Strike_G","Defend_G","Defend_G","Defend_G","Defend_G","Survivor","Neutralize","Apotheosis+1","Crippling Poison","Dash+1","Well Laid Plans+1","Footwork+1","Malaise","Dagger Spray","Noxious Fumes","Quick Slash","Noxious Fumes","Corpse Explosion","Bane","Leg Sweep","Apotheosis+1","Deflect","Blur","Blur+1","Burst","Backflip+1","Acrobatics+1","Doppelganger","Wraith Form v2","Footwork","Caltrops","Acrobatics","Dodge and Roll"],"relics":["Ring of the Serpent","Gremlin Horn","Bottled Flame","Potion Belt","Ancient Tea Set","Fusion Hammer","MawBank","Smiling Mask","Centennial Puzzle","Oddly Smooth Stone","Bag of Preparation","Pen Nib","Pantograph","Toolbox","Ninja Scroll"],"acts_visited":["Exordium","TheCity","TheBeyond","TheEnding"],"potions_floor_usage":[16,25,39,44,47,48,50,55,55,55,55],"damage_taken":[{"damage":2,"enemies":"2 Louse","floor":1,"turns":3},{"damage":0,"enemies":"Cultist","floor":3,"turns":4},{"damage":0,"enemies":"Small Slimes","floor":5,"turns":3},{"damage":7,"enemies":"Gremlin Nob","floor":6,"turns":5},{"damage":0,"enemies":"3 Sentries","floor":11,"turns":9},{"damage":0,"enemies":"Gremlin Gang","floor":12,"turns":4},{"damage":2,"enemies":"Lagavulin","floor":13,"turns":7},{"damage":0,"enemies":"Large Slime","floor":14,"turns":5},{"damage":8,"enemies":"Hexaghost","floor":16,"turns":9},{"damage":9,"enemies":"3 Byrds","floor":18,"turns":6},{"damage":0,"enemies":"Shell Parasite","floor":19,"turns":6},{"damage":0,"enemies":"Book of Stabbing","floor":23,"turns":7},{"damage":11,"enemies":"Slavers","floor":25,"turns":3},{"damage":6,"enemies":"Centurion and Healer","floor":29,"turns":4},{"damage":4,"enemies":"Automaton","floor":33,"turns":9},{"damage":0,"enemies":"Orb Walker","floor":35,"turns":5},{"damage":19,"enemies":"3 Shapes","floor":37,"turns":3},{"damage":18,"enemies":"Transient","floor":39,"turns":5},{"damage":0,"enemies":"Maw","floor":41,"turns":9},{"damage":0,"enemies":"Giant Head","floor":44,"turns":12},{"damage":6,"enemies":"4 Shapes","floor":45,"turns":6},{"damage":0,"enemies":"3 Darklings","floor":46,"turns":6},{"damage":18,"enemies":"Reptomancer","floor":47,"turns":8},{"damage":0,"enemies":"Time Eater","floor":50,"turns":17},{"damage":5,"enemies":"Shield and Spear","floor":54,"turns":8},{"damage":21,"enemies":"The Heart","floor":55,"turns":13}],"seed_played":"-3746525584143275696","potions_obtained":[{"floor":11,"key":"EssenceOfSteel"},{"floor":12,"key":"Dexterity Potion"},{"floor":13,"key":"SkillPotion"},{"floor":14,"key":"FearPotion"},{"floor":18,"key":"Ancient Potion"},{"floor":23,"key":"Regen Potion"},{"floor":29,"key":"Weak Potion"},{"floor":44,"key":"EssenceOfSteel"},{"floor":45,"key":"Weak Potion"},{"floor":47,"key":"PowerPotion"}],"is_trial":false,"path_per_floor":["M","?","M","?","M","E","R","?","T","R","E","M","E","M","R","B",null,"M","M","?","?","?","E","R","E","T","R","$","M","R","?","R","B",null,"M","?","M","?","M","R","M","?","T","E","M","M","E","$","R","B",null,"R","$","E","B",null],"character_chosen":"THE_SILENT","items_purchased":["Fruit Juice","Pantograph","Footwork","Caltrops","Acrobatics","Toolbox","Swift Potion"],"campfire_rested":6,"item_purchase_floors":[48,48,48,53,53,53,53],"current_hp_per_floor":[61,61,61,61,61,54,54,54,54,54,54,54,52,52,52,44,58,49,49,49,49,49,49,63,52,52,52,52,46,63,63,63,59,62,62,56,37,37,19,37,37,37,37,52,46,46,28,33,52,65,65,65,65,60,44],"gold":61,"neow_bonus":"RANDOM_COLORLESS_2","is_daily":false,"chose_seed":false,"campfire_upgraded":3,"win_rate":0.0,"timestamp":1610999281,"path_taken":["M","?","?","?","M","E","R","?","T","R","E","?","E","?","R","BOSS","M","M","?","?","?","E","R","E","T","R","$","?","R","?","R","BOSS","M","?","?","?","M","R","M","?","T","E","M","M","E","$","R","BOSS","R","$","E","BOSS"],"items_purchased_type":["Potion","Relic","Card","Card","Card","Relic","Potion"],"build_version":"2020-12-22","purchased_purges":2,"victory":true,"max_hp_per_floor":[63,63,63,63,63,63,63,63,63,63,63,63,63,63,63,63,63,63,63,63,63,63,63,63,63,63,63,63,63,63,63,63,63,63,63,63,63,60,60,60,60,60,60,60,60,60,60,65,65,65,65,65,65,65,65],"relic_stats":{"Centennial Puzzle":[24],"Gremlin Horn":[23,23],"counters":[26,176],"Pantograph":18,"Pen Nib":[3],"Bag of Preparation":[10],"MawBank":324,"Smiling Mask":75,"obtain_stats":[{"Potion Belt":11,"Gremlin Horn":6,"Oddly Smooth Stone":43,"Pen Nib":47,"Bag of Preparation":44,"Ancient Tea Set":13,"MawBank":21,"Smiling Mask":23,"Bottled Flame":9,"Centennial Puzzle":25,"Ninja Scroll":54,"Pantograph":48,"Toolbox":53,"Fusion Hammer":17,"Ring of the Serpent":34,"Ring of the Snake":0},{"Potion Belt":5,"Gremlin Horn":4,"Oddly Smooth Stone":19,"Pen Nib":23,"Bag of Preparation":20,"Ancient Tea Set":7,"MawBank":11,"Smiling Mask":12,"Bottled Flame":4,"Centennial Puzzle":13,"Ninja Scroll":25,"Pantograph":23,"Toolbox":24,"Fusion Hammer":9,"Ring of the Serpent":15,"Ring of the Snake":0},{"Potion Belt":24,"Gremlin Horn":15,"Oddly Smooth Stone":106,"Pen Nib":138,"Bag of Preparation":118,"Ancient Tea Set":35,"MawBank":61,"Smiling Mask":68,"Bottled Flame":15,"Centennial Puzzle":71,"Ninja Scroll":163,"Pantograph":138,"Toolbox":155,"Fusion Hammer":49,"Ring of the Serpent":84,"Ring of the Snake":0}]},"card_choices":[{"not_picked":["Secret Weapon","Magnetism"],"picked":"Apotheosis","floor":0},{"not_picked":["Backstab","Skewer"],"picked":"Crippling Poison","floor":1},{"not_picked":["Dodge and Roll","Blade Dance"],"picked":"Dash","floor":3},{"not_picked":["Slice","Sucker Punch"],"picked":"Well Laid Plans","floor":5},{"not_picked":["Crippling Poison","Calculated Gamble"],"picked":"Footwork","floor":6},{"not_picked":["Outmaneuver","Deflect"],"picked":"Dagger Spray","floor":11},{"not_picked":["Deadly Poison","Poisoned Stab"],"picked":"Noxious Fumes","floor":12},{"not_picked":["After Image","Footwork"],"picked":"Quick Slash","floor":13},{"not_picked":["Deadly Poison","Skewer"],"picked":"Noxious Fumes","floor":14},{"not_picked":["Grand Finale","Unload"],"picked":"Corpse Explosion","floor":16},{"not_picked":["Underhanded Strike","Acrobatics"],"picked":"Bane","floor":18},{"not_picked":["Crippling Poison","Caltrops+1"],"picked":"Leg Sweep","floor":19},{"not_picked":["Setup","Bane"],"picked":"Deflect","floor":23},{"not_picked":["Calculated Gamble","Tactician"],"picked":"Blur","floor":25},{"not_picked":["Backflip","Blade Dance"],"picked":"Blur+1","floor":29},{"not_picked":["Venomology","A Thousand Cuts"],"picked":"Burst","floor":33},{"not_picked":["Cloak And Dagger","Quick Slash+1","Outmaneuver"],"picked":"SKIP","floor":35},{"not_picked":["Sucker Punch","Concentrate+1","Cloak And Dagger"],"picked":"SKIP","floor":37},{"not_picked":["Deadly Poison+1","Endless Agony+1"],"picked":"Backflip+1","floor":39},{"not_picked":["Bane+1","Die Die Die"],"picked":"Acrobatics+1","floor":41},{"not_picked":["Flying Knee+1","Slice+1","Underhanded Strike"],"picked":"SKIP","floor":44},{"not_picked":["Quick Slash","Blade Dance+1"],"picked":"Doppelganger","floor":45},{"not_picked":["Prepared","Dagger Throw+1","Sucker Punch"],"picked":"SKIP","floor":46},{"not_picked":["Setup","Underhanded Strike+1"],"picked":"Wraith Form v2","floor":47},{"not_picked":["Slice+1","Dodge and Roll","Sucker Punch+1"],"picked":"SKIP","floor":54},{"not_picked":["Slice+1","Sucker Punch+1"],"picked":"Dodge and Roll","floor":54}],"player_experience":253508,"relics_obtained":[{"floor":6,"key":"Gremlin Horn"},{"floor":9,"key":"Bottled Flame"},{"floor":11,"key":"Potion Belt"},{"floor":13,"key":"Ancient Tea Set"},{"floor":23,"key":"Smiling Mask"},{"floor":25,"key":"Centennial Puzzle"},{"floor":43,"key":"Oddly Smooth Stone"},{"floor":44,"key":"Bag of Preparation"},{"floor":47,"key":"Pen Nib"},{"floor":54,"key":"Ninja Scroll"}],"event_choices":[{"damage_healed":0,"gold_gain":0,"player_choice":"Upgraded","damage_taken":0,"max_hp_gain":0,"max_hp_loss":0,"event_name":"Upgrade Shrine","floor":2,"gold_loss":0,"cards_upgraded":["Apotheosis"]},{"cards_removed":["Strike_G"],"damage_healed":0,"gold_gain":0,"player_choice":"Card Removal","damage_taken":0,"max_hp_gain":0,"max_hp_loss":0,"event_name":"The Cleric","floor":4,"gold_loss":50},{"damage_healed":0,"gold_gain":0,"player_choice":"1 cards matched","damage_taken":0,"max_hp_gain":0,"max_hp_loss":0,"event_name":"Match and Keep!","floor":8,"gold_loss":0,"cards_obtained":["Malaise"]},{"damage_healed":0,"gold_gain":0,"player_choice":"1 cards matched","damage_taken":0,"max_hp_gain":0,"max_hp_loss":0,"event_name":"Match and Keep!","floor":8,"gold_loss":0,"cards_obtained":["Malaise"]},{"damage_healed":0,"gold_gain":0,"player_choice":"Ignored","damage_taken":0,"max_hp_gain":0,"max_hp_loss":0,"event_name":"Vampires","floor":20,"gold_loss":0},{"damage_healed":0,"gold_gain":0,"player_choice":"Obtained Relic","damage_taken":0,"relics_obtained":["MawBank"],"max_hp_gain":0,"max_hp_loss":0,"event_name":"Addict","floor":21,"gold_loss":85},{"damage_healed":0,"gold_gain":0,"player_choice":"Copied","damage_taken":0,"max_hp_gain":0,"max_hp_loss":0,"event_name":"Duplicator","floor":22,"gold_loss":0,"cards_obtained":["Apotheosis"]},{"cards_removed":["Defend_G"],"damage_healed":0,"gold_gain":0,"player_choice":"Gave Gold","damage_taken":0,"max_hp_gain":0,"max_hp_loss":0,"event_name":"Beggar","floor":31,"gold_loss":75},{"damage_healed":0,"gold_gain":0,"player_choice":"Damaged","damage_taken":6,"max_hp_gain":0,"max_hp_loss":0,"event_name":"Wheel of Change","floor":36,"gold_loss":0},{"damage_healed":0,"gold_gain":0,"player_choice":"Max HP","damage_taken":0,"max_hp_gain":0,"max_hp_loss":3,"event_name":"Winding Halls","floor":38,"gold_loss":0},{"damage_healed":0,"gold_gain":0,"player_choice":"Ignored","damage_taken":0,"max_hp_gain":0,"max_hp_loss":0,"event_name":"Tomb of Lord Red Mask","floor":42,"gold_loss":0}],"is_beta":false,"boss_relics":[{"not_picked":["Ectoplasm","Calling Bell"],"picked":"Fusion Hammer"},{"not_picked":["Pandora\u0027s Box","Velvet Choker"],"picked":"Ring of the Serpent"}],"items_purged_floors":[48,53],"is_endless":false,"potions_floor_spawned":[11,12,13,14,18,23,29,44,45,46,47],"ascension_level":5}}