{"host":"08t08ld674si40tv","time":1610964316,"event":{"mods":["AchievementEnabler","BaseMod","Colored Map","Minty Spire (QoL Compilation)","StSLib","SuperFastMode"],"gold_per_floor":[110,110,160,171,183,215,237,268,268,287,287,320,400,425,425,499,499,516,532,532,294,312,340,340,373,373,273,273,273],"floor_reached":28,"language":"KOR","playtime":596,"items_purged":["Strike_G","Strike_G"],"score":768,"play_id":"9834e0af-d773-4de5-9a41-b40ce9b3f9e8","local_time":"20210118190516","is_ascension_mode":true,"campfire_choices":[{"data":"Blade Dance","floor":11,"key":"SMITH"},{"data":"Noxious Fumes","floor":15,"key":"SMITH"},{"floor":24,"key":"REST"}],"circlet_count":0,"master_deck":["AscendersBane","Strike_G","Strike_G","Defend_G","Defend_G","Defend_G","Defend_G","Defend_G","Survivor","Neutralize","Calculated Gamble","Blade Dance+1","Dash","PiercingWail","Backflip","Noxious Fumes+1","Acrobatics","Unload","Reflex"],"relics":["Ring of the Snake","Ancient Tea Set","Odd Mushroom","Gremlin Horn","Omamori","Vajra","Pantograph","Oddly Smooth Stone","NeowsBlessing","Sozu","Snake Skull","Du-Vu Doll","Lantern","Darkstone Periapt"],"acts_visited":["Exordium","TheCity"],"potions_floor_usage":[12,12,12,14,23,23],"damage_taken":[{"damage":0.0,"enemies":"Cultist","floor":1.0,"turns":1.0},{"damage":0.0,"enemies":"Jaw Worm","floor":4.0,"turns":1.0},{"damage":0.0,"enemies":"Small Slimes","floor":5.0,"turns":1.0},{"damage":0,"enemies":"Lagavulin","floor":6,"turns":1},{"damage":0,"enemies":"The Mushroom Lair","floor":7,"turns":1},{"damage":0,"enemies":"Gremlin Nob","floor":8,"turns":1},{"damage":12,"enemies":"Blue Slaver","floor":10,"turns":6},{"damage":5,"enemies":"3 Sentries","floor":12,"turns":9},{"damage":26,"enemies":"Gremlin Nob","floor":14,"turns":4},{"damage":0,"enemies":"Hexaghost","floor":16,"turns":1},{"damage":0,"enemies":"Shell Parasite","floor":18,"turns":1},{"damage":10,"enemies":"Spheric Guardian","floor":19,"turns":4},{"damage":17,"enemies":"Snecko","floor":22,"turns":7},{"damage":33,"enemies":"Slavers","floor":23,"turns":6},{"damage":27,"enemies":"Gremlin Leader","floor":25,"turns":7},{"damage":21,"enemies":"Book of Stabbing","floor":28,"turns":5}],"seed_played":"-6981505055774453615","potions_obtained":[{"floor":1.0,"key":"SpeedPotion"},{"floor":4.0,"key":"Regen Potion"},{"floor":10,"key":"EntropicBrew"},{"floor":14,"key":"EssenceOfSteel"},{"floor":16,"key":"Regen Potion"}],"is_trial":false,"path_per_floor":["M","?","?","M","M","E","?","E","T","M","R","E","T","E","R","B",null,"M","M","?","$","M","E","R","E","T","$","E"],"character_chosen":"THE_SILENT","items_purchased":["Snake Skull"],"campfire_rested":1,"item_purchase_floors":[21],"current_hp_per_floor":[59,59,53,53,53,53,53,53,53,41,41,51,51,25,25,50,62,62,52,52,52,35,17,36,9,9,9,0,0],"gold":273,"neow_bonus":"THREE_ENEMY_KILL","is_daily":false,"chose_seed":false,"campfire_upgraded":2,"win_rate":0.0,"timestamp":1610964316,"path_taken":["M","?","?","M","?","E","?","E","T","M","R","E","?","E","R","BOSS","M","M","?","$","M","E","R","E","T","$","E"],"items_purchased_type":["Relic"],"build_version":"2020-12-22","purchased_purges":2,"victory":false,"max_hp_per_floor":[66,66,66,66,66,66,66,66,66,66,66,66,66,66,66,66,66,66,66,66,66,66,66,66,66,66,66,66,66],"card_choices":[{"not_picked":["Underhanded Strike","PiercingWail"],"picked":"Calculated Gamble","floor":1.0},{"not_picked":["Calculated Gamble","Quick Slash","Sucker Punch"],"picked":"SKIP","floor":4.0},{"not_picked":["Bane","Tools of the Trade"],"picked":"Blade Dance","floor":5},{"not_picked":["Underhanded Strike","Terror"],"picked":"Dash","floor":6},{"not_picked":["Underhanded Strike","Setup"],"picked":"PiercingWail","floor":7},{"not_picked":["Skewer","Caltrops"],"picked":"Backflip","floor":8},{"not_picked":["Choke","Blade Dance","Slice"],"picked":"SKIP","floor":10},{"not_picked":["Wraith Form v2","Prepared"],"picked":"Noxious Fumes","floor":12},{"not_picked":["Quick Slash","Riddle With Holes"],"picked":"Acrobatics","floor":14},{"not_picked":["Dagger Throw","Bane","Prepared"],"picked":"SKIP","floor":18},{"not_picked":["Setup","Expertise","Acrobatics"],"picked":"SKIP","floor":19},{"not_picked":["Dagger Throw","Calculated Gamble","Sucker Punch"],"picked":"SKIP","floor":22},{"not_picked":["Infinite Blades","Sucker Punch","Predator"],"picked":"SKIP","floor":23},{"not_picked":["Outmaneuver","PiercingWail"],"picked":"Reflex","floor":25}],"player_experience":245531,"relics_obtained":[{"floor":6,"key":"Ancient Tea Set"},{"floor":7,"key":"Odd Mushroom"},{"floor":8,"key":"Gremlin Horn"},{"floor":9,"key":"Omamori"},{"floor":12,"key":"Vajra"},{"floor":13,"key":"Pantograph"},{"floor":14,"key":"Oddly Smooth Stone"},{"floor":23,"key":"Du-Vu Doll"},{"floor":25,"key":"Lantern"},{"floor":26,"key":"Darkstone Periapt"}],"event_choices":[{"damage_healed":0.0,"max_hp_gain":0.0,"max_hp_loss":0.0,"gold_gain":0.0,"event_name":"Liars Game","player_choice":"Ignored","floor":2.0,"gold_loss":0.0,"damage_taken":0.0},{"damage_healed":0.0,"max_hp_gain":0.0,"max_hp_loss":0.0,"gold_gain":50.0,"event_name":"FaceTrader","player_choice":"Touch","floor":3.0,"gold_loss":0.0,"damage_taken":6.0},{"damage_healed":0,"gold_gain":0,"player_choice":"Fought Mushrooms","damage_taken":0,"max_hp_gain":0,"max_hp_loss":0,"event_name":"Mushrooms","floor":7,"gold_loss":0},{"damage_healed":0,"gold_gain":0,"cards_transformed":["Strike_G"],"player_choice":"Transformed","damage_taken":0,"max_hp_gain":0,"max_hp_loss":0,"event_name":"Transmorgrifier","floor":20,"gold_loss":0,"cards_obtained":["Unload"]}],"is_beta":false,"boss_relics":[{"not_picked":["Snecko Eye","Empty Cage"],"picked":"Sozu"}],"items_purged_floors":[21,27],"is_endless":false,"potions_floor_spawned":[1,4,10,14,16,19,22],"killed_by":"Book of Stabbing","ascension_level":20}}