{"host":"y76x98twjnyyxs83","time":1610988943,"event":{"mods":["BaseMod","Colored Powertips","Minty Spire (QoL Compilation)","Permanent Neow","Quick Restart","Rare Cards Sparkle","Relic Stats","StSLib"],"gold_per_floor":[115,131,142,158,223,256,256,282,309,338,10,75,101,119,119,196,196,256,54,54,92,160,160,209,261,287,358,410,422,434,519,531,543,543],"floor_reached":33,"language":"ENG","playtime":1373,"items_purged":["Strike_P"],"score":855,"play_id":"7c07a224-e72f-49ba-8457-3d2c27f9eb17","local_time":"20210119005543","is_ascension_mode":true,"campfire_choices":[{"data":"CutThroughFate","floor":7.0,"key":"SMITH"},{"data":"Conclude","floor":15.0,"key":"SMITH"},{"data":"Omniscience","floor":23.0,"key":"SMITH"},{"data":"Wish","floor":30,"key":"SMITH"},{"data":"Tantrum","floor":32,"key":"SMITH"}],"circlet_count":0,"master_deck":["AscendersBane","Strike_P","Strike_P","Strike_P","Defend_P","Defend_P","Defend_P","Defend_P","Eruption","Vigilance","CutThroughFate+1","BowlingBash","Conclude+1","ReachHeaven","Adaptation","Wireheading","Omniscience+1","Wish+1","Swivel","Master of Strategy","Tantrum+1","Wallop+1","Halt","Protect","SandsOfTime","TalkToTheHand+1"],"relics":["Sozu","Mango","Bag of Preparation","Orichalcum","Bag of Marbles","Strawberry","Pocketwatch","Coffee Dripper","Omamori","Prayer Wheel","MawBank","Pear"],"acts_visited":["Exordium","TheCity"],"potions_floor_usage":[],"damage_taken":[{"damage":0.0,"enemies":"Jaw Worm","floor":1.0,"turns":5.0},{"damage":0.0,"enemies":"Small Slimes","floor":2.0,"turns":4.0},{"damage":6.0,"enemies":"2 Louse","floor":3.0,"turns":2.0},{"damage":4.0,"enemies":"Red Slaver","floor":4.0,"turns":3.0},{"damage":0.0,"enemies":"3 Sentries","floor":6.0,"turns":2.0},{"damage":17.0,"enemies":"Lagavulin","floor":8.0,"turns":5.0},{"damage":15.0,"enemies":"3 Sentries","floor":10.0,"turns":4.0},{"damage":14.0,"enemies":"Lagavulin Event","floor":12.0,"turns":3.0},{"damage":25.0,"enemies":"Gremlin Nob","floor":13.0,"turns":4.0},{"damage":0.0,"enemies":"Gremlin Gang","floor":14.0,"turns":2.0},{"damage":0.0,"enemies":"Slime Boss","floor":16.0,"turns":4.0},{"damage":18.0,"enemies":"3 Byrds","floor":18.0,"turns":4.0},{"damage":14.0,"enemies":"Shell Parasite","floor":21.0,"turns":3.0},{"damage":1.0,"enemies":"Centurion and Healer","floor":22.0,"turns":2.0},{"damage":0,"enemies":"Gremlin Leader","floor":25,"turns":3},{"damage":21,"enemies":"Book of Stabbing","floor":27,"turns":4},{"damage":0,"enemies":"Snecko","floor":28,"turns":2},{"damage":6,"enemies":"Snake Plant","floor":31,"turns":3},{"damage":35,"enemies":"Collector","floor":33,"turns":2}],"seed_played":"-7129839361207290636","potions_obtained":[],"is_trial":false,"path_per_floor":["M","M","M","M","?","E","R","E","T","E","$","?","E","M","R","B",null,"M","$","?","M","M","R","T","E","T","E","M","?","R","M","R","B"],"character_chosen":"WATCHER","items_purchased":["Bag of Marbles","Wireheading","Master of Strategy"],"campfire_rested":0,"item_purchase_floors":[11,11,19],"current_hp_per_floor":[61,61,55,51,51,65,65,48,48,33,33,26,1,1,1,1,67,49,49,49,35,34,34,34,34,34,23,23,23,23,17,17,0,0],"gold":543,"neow_bonus":"BOSS_RELIC","is_daily":false,"chose_seed":false,"campfire_upgraded":5,"win_rate":0.0,"timestamp":1610988943,"path_taken":["M","M","M","M","?","E","R","E","T","E","$","?","E","M","R","BOSS","M","$","?","M","M","R","?","E","T","E","M","?","R","M","R","BOSS"],"items_purchased_type":["Relic","Card","Card"],"build_version":"2020-12-22","purchased_purges":1,"victory":false,"max_hp_per_floor":[68,68,68,68,68,82,82,82,82,82,82,89,89,89,89,89,89,89,89,89,89,89,89,89,89,89,99,99,99,99,99,99,99,99],"relic_stats":{"Sozu":8,"counters":[19,61],"Prayer Wheel":2,"Bag of Preparation":[26],"Orichalcum":[66],"MawBank":84,"obtain_stats":[{"Pear":27,"Mango":6,"Bag of Preparation":8,"Omamori":24,"Orichalcum":10,"MawBank":26,"Sozu":0,"Strawberry":12,"Prayer Wheel":25,"Bag of Marbles":11,"Coffee Dripper":17,"PureWater":0,"Pocketwatch":13},{"Pear":16,"Mango":5,"Bag of Preparation":6,"Omamori":14,"Orichalcum":7,"MawBank":15,"Sozu":0,"Strawberry":8,"Prayer Wheel":15,"Bag of Marbles":7,"Coffee Dripper":11,"PureWater":0,"Pocketwatch":9},{"Pear":54,"Mango":16,"Bag of Preparation":21,"Omamori":47,"Orichalcum":25,"MawBank":50,"Sozu":0,"Strawberry":28,"Prayer Wheel":50,"Bag of Marbles":25,"Coffee Dripper":38,"PureWater":0,"Pocketwatch":32}],"Pocketwatch":[33]},"card_choices":[{"not_picked":["Evaluate","CrushJoints"],"picked":"CutThroughFate","floor":1.0},{"not_picked":["Consecrate","Swivel"],"picked":"BowlingBash","floor":2.0},{"not_picked":["Nirvana","SignatureMove","Evaluate"],"picked":"SKIP","floor":3.0},{"not_picked":["Nirvana","SignatureMove","Evaluate"],"picked":"SKIP","floor":3.0},{"not_picked":["Indignation","Prostrate"],"picked":"Conclude","floor":4.0},{"not_picked":["Collect","Devotion","Swivel"],"picked":"SKIP","floor":6.0},{"not_picked":["SandsOfTime","MentalFortress"],"picked":"ReachHeaven","floor":8.0},{"not_picked":["ThirdEye","FlyingSleeves"],"picked":"Adaptation","floor":10.0},{"not_picked":["SashWhip","WaveOfTheHand"],"picked":"Omniscience","floor":13.0},{"not_picked":["WreathOfFlame","Crescendo","BowlingBash"],"picked":"SKIP","floor":14.0},{"not_picked":["Scrawl","ConjureBlade"],"picked":"Wish","floor":16.0},{"not_picked":["Crescendo","FlyingSleeves+1"],"picked":"Swivel","floor":18.0},{"not_picked":["Consecrate","FlurryOfBlows"],"picked":"Wallop","floor":21.0},{"not_picked":["Collect","SashWhip"],"picked":"Halt","floor":22.0},{"not_picked":["Halt","BowlingBash"],"picked":"Protect","floor":25},{"not_picked":["Weave","FollowUp"],"picked":"SandsOfTime","floor":27},{"not_picked":["FlyingSleeves","Consecrate"],"picked":"TalkToTheHand+1","floor":28},{"not_picked":["Perseverance","ForeignInfluence","Protect"],"picked":"SKIP","floor":28},{"not_picked":["Prostrate","Consecrate","FlyingSleeves"],"picked":"SKIP","floor":31},{"not_picked":["ClearTheMind","Pray","SashWhip"],"picked":"SKIP","floor":31}],"player_experience":1155882,"relics_obtained":[{"floor":6.0,"key":"Mango"},{"floor":8.0,"key":"Bag of Preparation"},{"floor":10.0,"key":"Orichalcum"},{"floor":12.0,"key":"Strawberry"},{"floor":13.0,"key":"Pocketwatch"},{"floor":24.0,"key":"Omamori"},{"floor":25,"key":"Prayer Wheel"},{"floor":26,"key":"MawBank"},{"floor":27,"key":"Pear"}],"event_choices":[{"damage_healed":0.0,"max_hp_gain":0.0,"max_hp_loss":0.0,"gold_gain":65.0,"event_name":"Golden Wing","player_choice":"Gained Gold","floor":5.0,"gold_loss":0.0,"damage_taken":0.0},{"damage_healed":0.0,"max_hp_gain":0.0,"max_hp_loss":0.0,"gold_gain":0.0,"event_name":"Dead Adventurer","player_choice":"Searched \u00271\u0027 times","floor":12.0,"gold_loss":0.0,"damage_taken":0.0},{"damage_healed":0.0,"max_hp_gain":0.0,"max_hp_loss":0.0,"gold_gain":0.0,"event_name":"The Library","player_choice":"Read","floor":20.0,"gold_loss":0.0,"damage_taken":0.0,"cards_obtained":["Tantrum"]},{"damage_healed":0,"gold_gain":0,"player_choice":"Upgraded","damage_taken":0,"max_hp_gain":0,"max_hp_loss":0,"event_name":"Upgrade Shrine","floor":29,"gold_loss":0,"cards_upgraded":["Wallop"]}],"is_beta":false,"boss_relics":[{"not_picked":["Pandora\u0027s Box","Busted Crown"],"picked":"Coffee Dripper"}],"items_purged_floors":[11],"is_endless":false,"potions_floor_spawned":[2,3,12,13,14,16,21,22,27],"killed_by":"Collector","ascension_level":20}}