{"host":"h4qgcirtxz6qax9j","time":1610983348,"event":{"mods":["AchievementEnabler","BaseMod","Colored Powertips","Hermit","Minty Spire (QoL Compilation)","StSLib","SuperFastMode","The Servant 0.9.4"],"gold_per_floor":[118,118,118,135,150,150,163,173,173,189,189,189,217,236,236,333,333,348,294,311,311,32,32,60,60,83,83,105,116,128,128,128,232,232,244,260,286,75,94,94,94,94,118,118,19,19,19,48,48,48],"floor_reached":51,"language":"KOR","playtime":1503,"items_purged":[],"score":731,"play_id":"03907126-a22d-4616-a518-f68afeae9289","local_time":"20210119002228","is_ascension_mode":true,"campfire_choices":[{"data":"KidneyShot","floor":6.0,"key":"SMITH"},{"floor":11.0,"key":"REST"},{"data":"SurpressingFire","floor":15.0,"key":"SMITH"},{"data":"InstantArmor","floor":23.0,"key":"SMITH"},{"data":"FastForward","floor":25.0,"key":"SMITH"},{"floor":32.0,"key":"REST"},{"floor":40,"key":"REST"},{"data":"Moonlight","floor":42,"key":"SMITH"},{"data":"Dilation","floor":44,"key":"SMITH"},{"data":"Desolation","floor":46,"key":"SMITH"},{"data":"Potential","floor":49,"key":"SMITH"}],"circlet_count":0,"master_deck":["Strike_S","Strike_S","Strike_S","Strike_S","Defend_S","Defend_S","Defend_S","Defend_S","KidneyShot+1","Exchange","FastForward+1","Dilation+1","Desolation+1","Snipe","InstantArmor+1","Desolation","SurpressingFire+1","Solidify+1","Potential+1","Rearm+1","Starlight+1","Moonlight+1","TheWorld+1","Ricochet+1","SilverBlades+1","Potential+1","GearUp+1","GearUp+1"],"relics":["Uniform","Tiny Chest","Orichalcum","Gremlin Horn","Toxic Egg 2","Toy Ornithopter","Black Star","Membership Card","Meat on the Bone","CeramicFish","PaperSwan","Omamori","Frozen Egg 2","SlaversCollar","Shuriken","Juzu Bracelet","Anchor","TheAbacus"],"acts_visited":["Exordium","TheCity","TheBeyond"],"potions_floor_usage":[33,33,37,50],"damage_taken":[{"damage":6.0,"enemies":"2 Louse","floor":1.0,"turns":4.0},{"damage":2.0,"enemies":"Jaw Worm","floor":4.0,"turns":4.0},{"damage":0.0,"enemies":"Cultist","floor":5.0,"turns":5.0},{"damage":6.0,"enemies":"2 Fungi Beasts","floor":7.0,"turns":3.0},{"damage":25.0,"enemies":"Lots of Slimes","floor":8.0,"turns":5.0},{"damage":2.0,"enemies":"Blue Slaver","floor":10.0,"turns":3.0},{"damage":8.0,"enemies":"Gremlin Nob","floor":13.0,"turns":5.0},{"damage":4.0,"enemies":"3 Louse","floor":14.0,"turns":2.0},{"damage":23.0,"enemies":"The Guardian","floor":16.0,"turns":22.0},{"damage":3.0,"enemies":"Shell Parasite","floor":18.0,"turns":8.0},{"damage":12.0,"enemies":"Spheric Guardian","floor":20.0,"turns":4.0},{"damage":5.0,"enemies":"Book of Stabbing","floor":24.0,"turns":6.0},{"damage":3.0,"enemies":"3 Cultists","floor":28.0,"turns":5.0},{"damage":31.0,"enemies":"Snecko","floor":29.0,"turns":6.0},{"damage":2.0,"enemies":"Centurion and Healer","floor":30.0,"turns":6.0},{"damage":38,"enemies":"Collector","floor":33,"turns":10},{"damage":19,"enemies":"3 Shapes","floor":35,"turns":5},{"damage":22,"enemies":"Orb Walker","floor":36,"turns":5},{"damage":22,"enemies":"Jaw Worm Horde","floor":37,"turns":6},{"damage":0,"enemies":"Maw","floor":39,"turns":7},{"damage":10,"enemies":"4 Shapes","floor":48,"turns":3},{"damage":27,"enemies":"Donu and Deca","floor":50,"turns":10}],"seed_played":"-4906430325869383487","potions_obtained":[{"floor":4.0,"key":"Swift Potion"},{"floor":7.0,"key":"Weak Potion"},{"floor":8.0,"key":"SteroidPotion"},{"floor":10.0,"key":"CultistPotion"},{"floor":20.0,"key":"ColorlessPotion"},{"floor":24.0,"key":"LiquidMemories"},{"floor":36,"key":"Regen Potion"},{"floor":37,"key":"FearPotion"}],"is_trial":false,"path_per_floor":["M","?","T","M","M","R","M","M","T","M","R","T","E","M","R","B",null,"M","$","M","?","$","R","E","R","T","?","M","M","M","T","R","B",null,"M","M","M","$","M","R","?","R","T","R","$","R","?","M","R","B",null],"character_chosen":"THE_SERVANT","items_purchased":["Rearm+1","Membership Card","Meat on the Bone","SilverBlades+1","Shuriken","Juzu Bracelet","GearUp+1","TheAbacus"],"campfire_rested":3,"item_purchase_floors":[19,22,22,38,38,38,45,45],"current_hp_per_floor":[59,64,64,62,62,62,56,31,31,29,50,50,42,38,38,25,70,67,67,55,55,55,55,50,50,50,50,47,33,43,43,64,36,70,51,41,36,36,36,57,70,70,70,70,70,70,70,60,60,38],"gold":48,"neow_bonus":"RANDOM_COMMON_RELIC","is_daily":false,"chose_seed":false,"campfire_upgraded":8,"win_rate":0.0,"timestamp":1610983348,"path_taken":["M","?","?","M","?","R","M","M","T","M","R","?","E","M","R","BOSS","M","?","M","?","$","R","E","R","T","?","M","M","M","?","R","BOSS","M","M","?","$","M","R","?","R","T","R","$","R","?","M","R","BOSS"],"items_purchased_type":["Card","Relic","Relic","Card","Relic","Relic","Card","Relic"],"build_version":"2020-12-22","purchased_purges":0,"victory":true,"max_hp_per_floor":[65,70,70,70,70,70,70,70,70,70,70,70,70,70,70,70,70,70,70,70,70,70,70,70,70,70,70,70,70,70,70,70,70,70,70,70,70,70,70,70,70,70,70,70,70,70,70,70,70,70],"card_choices":[{"not_picked":["Alleviate","TimeWarp"],"picked":"FastForward","floor":1.0},{"not_picked":["BottledTime","Defy"],"picked":"Dilation","floor":4.0},{"not_picked":["FastForward","ReturningBlade"],"picked":"Desolation","floor":5.0},{"not_picked":["Alleviate","Ricochet"],"picked":"Snipe","floor":7.0},{"not_picked":["ReturningBlade","FastForward"],"picked":"InstantArmor","floor":8.0},{"not_picked":["Revamp","MoonPhase"],"picked":"Desolation","floor":10.0},{"not_picked":["Collapse","TrueSight","Moondial+1"],"picked":"SKIP","floor":13.0},{"not_picked":["Alleviate+1","Starlight"],"picked":"SurpressingFire","floor":14.0},{"not_picked":["Embodiment","LightFlow"],"picked":"Solidify+1","floor":16.0},{"not_picked":["Spin","MoonPhase+1"],"picked":"Potential+1","floor":18.0},{"not_picked":["Advance+1","Unruled"],"picked":"Starlight","floor":20.0},{"not_picked":["Deny+1","Alleviate+1","RealityMarble"],"picked":"SKIP","floor":24.0},{"not_picked":["Rewind+1","Manipulate+1"],"picked":"Moonlight","floor":28.0},{"not_picked":["TimeWarp","FastForward+1","Barrier+1"],"picked":"SKIP","floor":29.0},{"not_picked":["Misdirection+1","Unruled+1","RealityMarble"],"picked":"SKIP","floor":30.0},{"not_picked":["Sunlight","Embodiment+1"],"picked":"TheWorld+1","floor":33},{"not_picked":["Luminosity+1","FanOfKnives+1","DoubleEdge+1"],"picked":"SKIP","floor":35},{"not_picked":["TimeWarp+1","Revamp+1","ShatteredReality+1"],"picked":"SKIP","floor":36},{"not_picked":["ShatteredReality","Spin+1"],"picked":"Ricochet+1","floor":37},{"not_picked":["Defy+1","FlawlessForm+1"],"picked":"Potential","floor":39},{"not_picked":["DoubleEdge+1","Snipe+1"],"picked":"GearUp+1","floor":48}],"player_experience":64926,"relics_obtained":[{"floor":3.0,"key":"Orichalcum"},{"floor":9.0,"key":"Gremlin Horn"},{"floor":12.0,"key":"Toxic Egg 2"},{"floor":13.0,"key":"Toy Ornithopter"},{"floor":24.0,"key":"CeramicFish"},{"floor":24.0,"key":"PaperSwan"},{"floor":26.0,"key":"Omamori"},{"floor":31.0,"key":"Frozen Egg 2"},{"floor":43,"key":"Anchor"}],"event_choices":[{"damage_healed":0.0,"max_hp_gain":5.0,"max_hp_loss":0.0,"gold_gain":0.0,"event_name":"Big Fish","player_choice":"Donut","floor":2.0,"gold_loss":0.0,"damage_taken":0.0},{"damage_healed":0.0,"max_hp_gain":0.0,"max_hp_loss":0.0,"gold_gain":0.0,"event_name":"Ghosts","player_choice":"Ignored","floor":21.0,"gold_loss":0.0,"damage_taken":0.0},{"damage_healed":0.0,"max_hp_gain":0.0,"max_hp_loss":0.0,"gold_gain":0.0,"event_name":"Accursed Blacksmith","player_choice":"Forge","floor":27.0,"gold_loss":0.0,"damage_taken":0.0,"cards_upgraded":["Starlight"]},{"damage_healed":13,"gold_gain":0,"player_choice":"Heal","damage_taken":0,"max_hp_gain":0,"max_hp_loss":0,"event_name":"MindBloom","floor":41,"gold_loss":0,"cards_obtained":["Doubt"]},{"damage_healed":0,"gold_gain":0,"player_choice":"Memory 1","damage_taken":0,"max_hp_gain":0,"max_hp_loss":0,"event_name":"SensoryStone","floor":47,"gold_loss":0}],"is_beta":false,"boss_relics":[{"not_picked":["Runic Pyramid","Velvet Choker"],"picked":"Black Star"},{"not_picked":["Cursed Key","Astrolabe"],"picked":"SlaversCollar"}],"items_purged_floors":[],"is_endless":false,"potions_floor_spawned":[4,7,8,10,20,24,28,36,37],"ascension_level":2}}