{"host":"qqgw5gp46oujbhdl","time":1610978084,"event":{"mods":["Aspiration","BaseMod","BetterRewards","Downfall","Hermit","Infinite Spire","Melee Mod","Minty Spire (QoL Compilation)","StSLib","The Death Knight","The Disciple","The Forsaken","The Hierophant","The Servant 0.9.4","The Spell Scribe","The Valiant","TheBandit","Wandering Minibosses"],"gold_per_floor":[99,112,128,228,242,260,260,260,270,13,13,28,28,178,214,214,214,214],"floor_reached":16,"language":"POL","playtime":3200,"items_purged":["champ:Defend"],"score":94,"play_id":"7de78fed-c779-4dea-8fef-5ed944f0a146","local_time":"20210118145444","is_ascension_mode":false,"campfire_choices":[{"data":"champ:Taunt","floor":1,"key":"SMITH"},{"floor":11,"key":"RECALL"},{"data":"expansioncontent:QuickStudy","floor":13,"key":"SMITH"}],"circlet_count":0,"master_deck":["champ:Strike","champ:Strike","champ:Strike","champ:Strike","champ:Defend","champ:Defend","champ:Defend","champ:Execute","champ:Taunt+1","champ:RisingSlash","champ:GutPunch","champ:Lariat","champ:ShieldSlam","champ:PreciseThrust","expansioncontent:QuickStudy+1","champ:FanOfKnives","downfall:Icky"],"relics":["champ:ChampionCrown","Centennial Puzzle","infinitespire:Beetle Shell"],"acts_visited":["Exordium"],"potions_floor_usage":[15,16],"damage_taken":[{"damage":25,"enemies":"Cultist","floor":2,"turns":4},{"damage":3,"enemies":"Small Slimes","floor":3,"turns":4},{"damage":15,"enemies":"2 Louse","floor":5,"turns":3},{"damage":15,"enemies":"Large Slime","floor":6,"turns":6},{"damage":32,"enemies":"Exordium Thugs","floor":9,"turns":5},{"damage":30,"enemies":"downfall:FleeingMerchant","floor":10,"turns":4},{"damage":0,"enemies":"Exordium Wildlife","floor":12,"turns":2},{"damage":13,"enemies":"2 Fungi Beasts","floor":15,"turns":3},{"damage":82,"enemies":"IC_STATUS_ARCHETYPE","floor":16,"turns":8}],"seed_played":"6004595682988151998","potions_obtained":[{"floor":2,"key":"Swift Potion"},{"floor":9,"key":"ColorlessPotion"},{"floor":12,"key":"PowerPotion"}],"is_trial":false,"path_per_floor":["R","M","M","?","M","M","T","?","M","$","R","M","R","?","M","B"],"character_chosen":"THE_CHAMP","items_purchased":["expansioncontent:QuickStudy"],"campfire_rested":0,"item_purchase_floors":[10],"current_hp_per_floor":[99,94,91,91,86,81,81,81,74,69,69,69,69,69,66,0,0,0],"gold":214,"neow_bonus":"TEN_PERCENT_HP_BONUS","is_daily":false,"chose_seed":false,"campfire_upgraded":2,"win_rate":0.0,"timestamp":1610978084,"path_taken":["R","M","M","?","M","M","T","?","M","$","R","M","R","?","M","BOSS"],"items_purchased_type":["Card"],"build_version":"2020-12-22","purchased_purges":1,"victory":false,"max_hp_per_floor":[99,99,99,99,99,99,99,99,99,99,99,99,99,99,99,99,99,99],"card_choices":[{"not_picked":["champ:CrownThrow","champ:DefensiveShout"],"picked":"champ:RisingSlash","floor":2},{"not_picked":["champ:BringItOn","champ:FaceSlap"],"picked":"champ:GutPunch","floor":3},{"not_picked":["champ:StanceDance","champ:Shatter"],"picked":"champ:Lariat","floor":5},{"not_picked":["champ:GutPunch","champ:FocusedDefense"],"picked":"champ:ShieldSlam","floor":6},{"not_picked":["champ:ShieldSlam","champ:DefensiveShout"],"picked":"champ:PreciseThrust","floor":9},{"not_picked":["champ:CrownThrow","champ:PerfectedStrike","champ:Circumvent"],"picked":"SKIP","floor":10},{"not_picked":["champ:Lariat","champ:RapidStrikes"],"picked":"champ:FanOfKnives","floor":12},{"not_picked":["champ:Haymaker","champ:FanOfKnives","champ:DefensiveShout"],"picked":"SKIP","floor":15}],"player_experience":386982,"relics_obtained":[{"floor":7,"key":"Centennial Puzzle"},{"floor":8,"key":"infinitespire:Beetle Shell"}],"event_choices":[],"is_beta":false,"boss_relics":[],"items_purged_floors":[10],"is_endless":false,"potions_floor_spawned":[2,9,12],"killed_by":"IC_STATUS_ARCHETYPE","ascension_level":0}}