{"host":"rl5ku05escnl5kxo","time":1610952669,"event":{"mods":["Act Like it!","BaseMod","Hallownest","Minty Spire (QoL Compilation)","StSLib","The Bug Knight"],"gold_per_floor":[17,36,36,9,9,9,42,42,42,42,61,61,61,72,72,172,172,191,43,43,17,36,36,51,51,51,62,424,424,424,439,439,439,439],"floor_reached":33,"language":"ENG","playtime":2147,"items_purged":[],"score":243,"play_id":"4a8931d2-c702-4fa6-aa9a-262115783ef4","local_time":"20210117225109","is_ascension_mode":false,"campfire_choices":[{"data":"HollowMod:ShadowDash","floor":6,"key":"SMITH"},{"data":"HollowMod:VengefulVoid","floor":8,"key":"SMITH"},{"data":"HollowMod:FocusHealStart","floor":10,"key":"SMITH"},{"data":"HollowMod:PerfectDash","floor":13,"key":"SMITH"},{"data":"HollowMod:PogoStrike","floor":15,"key":"SMITH"},{"data":"HollowMod:VengefulVoid","floor":23,"key":"SMITH"},{"data":"HollowMod:WraithStrike","floor":25,"key":"SMITH"},{"floor":30,"key":"REST"},{"floor":32,"key":"REST"}],"circlet_count":0,"master_deck":["HollowMod:NailStrikeStart","HollowMod:NailStrikeStart","HollowMod:NailStrikeStart","HollowMod:NailStrikeStart+1","HollowMod:QuickDashStart","HollowMod:QuickDashStart","HollowMod:QuickDashStart","HollowMod:QuickDashStart","HollowMod:FocusHealStart+1","HollowMod:PogoStrike+1","HollowMod:GoodIntentions","HollowMod:VengefulVoid+1","HollowMod:ShadowDash+1","HollowMod:VengefulVoid+1","HollowMod:PerfectDash+1","HollowMod:CloakDash","HollowMod:HornetsHelp","HollowMod:GoodIntentions+1","HollowMod:HeavyBlow","HollowMod:VengefulVoid+1","HollowMod:WraithStrike+1","HollowMod:PerfectDash","HollowMod:PerfectDash"],"relics":["HollowMod:VesselMask","HollowMod:MillibellesNoteRelic","Smiling Mask","Sozu","Lantern","Red Mask"],"acts_visited":["Exordium","Exordium"],"potions_floor_usage":[7,16],"damage_taken":[{"damage":0,"enemies":"Cultist","floor":1,"turns":4},{"damage":0,"enemies":"2 Louse","floor":2,"turns":3},{"damage":36,"enemies":"HollowMod:MossKnight","floor":7,"turns":22},{"damage":0,"enemies":"Small Slimes","floor":11,"turns":2},{"damage":0,"enemies":"HollowMod:HuskWarrior","floor":14,"turns":16},{"damage":59,"enemies":"The Guardian","floor":16,"turns":18},{"damage":2,"enemies":"Hallownest:3_Youths","floor":18,"turns":11},{"damage":9,"enemies":"Hallownest:2_Mistakes","floor":22,"turns":9},{"damage":5,"enemies":"Hallownest:Master_and_Novice","floor":24,"turns":4},{"damage":42,"enemies":"Hallownest:2_Flukemon","floor":27,"turns":9},{"damage":17,"enemies":"Hallownest:3_Mistakes","floor":31,"turns":8},{"damage":84,"enemies":"Hallownest:BossMantisLord","floor":33,"turns":8}],"seed_played":"-2873880808757400019","potions_obtained":[{"floor":1,"key":"Dexterity Potion"},{"floor":11,"key":"AttackPotion"}],"is_trial":false,"path_per_floor":["M","M","?","$","?","R","E","R","T","R","M","?","R","M","R","B",null,"M","$","?","$","M","R","M","R","T","M","?","?","R","M","R","B"],"character_chosen":"THE_BUGKNIGHT","items_purchased":["HollowMod:ShadowDash","Lantern","HollowMod:HeavyBlow"],"campfire_rested":2,"item_purchase_floors":[4,19,21],"current_hp_per_floor":[89,89,71,71,89,89,63,63,63,63,69,69,69,81,81,28,89,87,87,87,87,84,84,79,79,79,37,37,37,63,52,78,0,0],"gold":439,"neow_bonus":"TWENTY_PERCENT_HP_BONUS","is_daily":false,"chose_seed":false,"campfire_upgraded":7,"win_rate":0.0,"timestamp":1610952669,"path_taken":["M","M","?","$","?","R","E","R","T","R","M","?","R","M","R","BOSS","M","$","?","$","?","R","M","R","T","M","?","?","R","M","R","BOSS"],"items_purchased_type":["Card","Relic","Card"],"build_version":"2020-12-22","purchased_purges":0,"victory":false,"max_hp_per_floor":[89,89,89,89,89,89,89,89,89,89,89,89,89,89,89,89,89,89,89,89,89,89,89,89,89,89,89,89,89,89,89,89,89,89],"card_choices":[{"not_picked":["HollowMod:FallenFury","HollowMod:SoulSplash"],"picked":"HollowMod:GoodIntentions","floor":1},{"not_picked":["HollowMod:ShadowDash","HollowMod:FallenFury"],"picked":"HollowMod:VengefulVoid","floor":2},{"not_picked":["HollowMod:BaldurShell","HollowMod:InfectionAssault"],"picked":"HollowMod:VengefulVoid","floor":7},{"not_picked":["HollowMod:HowlingWraiths","HollowMod:RecoilStrike"],"picked":"HollowMod:PerfectDash","floor":11},{"not_picked":["HollowMod:FastStrike","HollowMod:InfectedCysts"],"picked":"HollowMod:CloakDash","floor":14},{"not_picked":["HollowMod:AwokenDreamNail","HollowMod:PaleKingsBlessing"],"picked":"HollowMod:HornetsHelp","floor":16},{"not_picked":["HollowMod:ChannelNail","HollowMod:CornifersMapStart"],"picked":"HollowMod:GoodIntentions+1","floor":18},{"not_picked":["HollowMod:TaintedHusks","HollowMod:LuriensSpire"],"picked":"HollowMod:VengefulVoid","floor":22},{"not_picked":["HollowMod:CloakDash","HollowMod:DreamGate+1"],"picked":"HollowMod:WraithStrike","floor":24},{"not_picked":["HollowMod:SiblingsSouls+1","HollowMod:Weaversong"],"picked":"HollowMod:PerfectDash","floor":27},{"not_picked":["HollowMod:SharpenedNail","HollowMod:InfectedCysts"],"picked":"HollowMod:PerfectDash","floor":31}],"player_experience":459642,"relics_obtained":[{"floor":7,"key":"HollowMod:MillibellesNoteRelic"},{"floor":9,"key":"Smiling Mask"},{"floor":26,"key":"Blue Candle"}],"event_choices":[{"damage_healed":0,"gold_gain":0,"player_choice":"Entered Light","damage_taken":18,"max_hp_gain":0,"max_hp_loss":0,"event_name":"Shining Light","floor":3,"gold_loss":0,"cards_upgraded":["HollowMod:VengefulVoid","HollowMod:NailStrikeStart"]},{"damage_healed":0,"gold_gain":0,"player_choice":"Ignored","damage_taken":0,"max_hp_gain":0,"max_hp_loss":0,"event_name":"Liars Game","floor":12,"gold_loss":0}],"is_beta":false,"boss_relics":[{"not_picked":["Coffee Dripper","Black Star"],"picked":"Sozu"}],"items_purged_floors":[],"is_endless":false,"potions_floor_spawned":[1,11,18,22,31],"killed_by":"Hallownest:BossMantisLord","ascension_level":0}}