{"host":"ln76an1o32p2wxtf","time":1610990710,"event":{"mods":["AchievementEnabler","Act Like it!","BaseMod","BetterRewards","Colored Powertips","Energized Spire","GifTheSpireLib","Infinite Spire","Minty Spire (QoL Compilation)","Shop Mod","StSLib"],"gold_per_floor":[118,131,131,151,164,195,215,248,272,272,303,403,422,450,450,553,553,572,572,572,572,586,613,625,625,625,301,313,345,255,255,255],"floor_reached":31,"language":"ENG","playtime":1658,"items_purged":["Defend_R","Defend_R"],"score":345,"play_id":"0074e263-570b-4b98-985d-797b5832d61e","local_time":"20210119012510","is_ascension_mode":true,"campfire_choices":[{"data":"Reaper","floor":15,"key":"SMITH"}],"circlet_count":0,"master_deck":["Defend_R","Defend_R","Spot Weakness+1","Pommel Strike","Reaper+1","Pommel Strike","Cleave","Brutality","Thunderclap","Demon Form","infinitespire:TheBestDefense","Bite","Bite","Bite","Bite","Bite","Clash+1","Seeing Red+1"],"relics":["Burning Blood","infinitespire:Beetle Shell","Vajra","Red Skull","Strawberry","Philosopher\u0027s Stone","Nloth\u0027s Gift","Darkstone Periapt","Eternal Feather","Bottled Tornado","Oddly Smooth Stone"],"acts_visited":["Exordium","TheCity"],"potions_floor_usage":[8,8,8,8,8,23,29,29,29,29,29],"damage_taken":[{"damage":3,"enemies":"Small Slimes","floor":1,"turns":4},{"damage":6,"enemies":"Cultist","floor":2,"turns":5},{"damage":1,"enemies":"Jaw Worm","floor":4,"turns":4},{"damage":14,"enemies":"2 Fungi Beasts","floor":5,"turns":4},{"damage":64,"enemies":"Lagavulin","floor":6,"turns":9},{"damage":9,"enemies":"Red Slaver","floor":7,"turns":5},{"damage":6,"enemies":"Gremlin Nob","floor":8,"turns":3},{"damage":9,"enemies":"3 Sentries","floor":11,"turns":3},{"damage":3,"enemies":"Large Slime","floor":13,"turns":4},{"damage":40,"enemies":"Lagavulin","floor":14,"turns":5},{"damage":23,"enemies":"The Guardian","floor":16,"turns":9},{"damage":28,"enemies":"Shell Parasite","floor":18,"turns":4},{"damage":32,"enemies":"3 Byrds","floor":22,"turns":4},{"damage":45,"enemies":"Book of Stabbing","floor":23,"turns":5},{"damage":3,"enemies":"Snecko","floor":24,"turns":3},{"damage":39,"enemies":"Sentry and Sphere","floor":28,"turns":4},{"damage":46,"enemies":"Gremlin Leader","floor":29,"turns":5},{"damage":30,"enemies":"Slavers","floor":31,"turns":1}],"seed_played":"-4404653111646593593","potions_obtained":[{"floor":1,"key":"Weak Potion"},{"floor":2,"key":"ElixirPotion"},{"floor":6,"key":"EntropicBrew"},{"floor":8,"key":"EntropicBrew"},{"floor":14,"key":"ElixirPotion"},{"floor":18,"key":"EssenceOfSteel"},{"floor":23,"key":"SpeedPotion"}],"is_trial":false,"path_per_floor":["M","M","?","M","M","E","M","E","T","?","E","?","M","E","R","B",null,"M","T","?","AVR","M","E","M","?","T","$","M","E","?","E"],"character_chosen":"IRONCLAD","items_purchased":["Bottled Tornado"],"campfire_rested":0,"item_purchase_floors":[27],"current_hp_per_floor":[88,88,88,88,80,26,24,24,24,17,51,51,63,39,39,47,95,88,88,88,88,82,61,79,66,66,66,39,18,18,0,0],"gold":255,"neow_bonus":"TEN_PERCENT_HP_BONUS","is_daily":false,"chose_seed":false,"campfire_upgraded":1,"win_rate":0.0,"timestamp":1610990710,"path_taken":["M","M","?","M","M","E","?","E","T","?","E","?","M","E","R","BOSS","M","?","?","AVR","?","E","M","?","T","$","M","E","?","E"],"items_purchased_type":["Relic"],"build_version":"2020-12-22","purchased_purges":2,"victory":false,"max_hp_per_floor":[88,88,88,88,88,88,88,88,88,88,95,95,95,95,95,95,95,95,95,95,95,95,95,95,66,66,66,66,66,66,66,66],"card_choices":[{"not_picked":["Cleave","Clothesline"],"picked":"Spot Weakness","floor":1},{"not_picked":["Rage","Body Slam","Intimidate"],"picked":"SKIP","floor":2},{"not_picked":["Sword Boomerang","Headbutt"],"picked":"Pommel Strike","floor":4},{"not_picked":["Body Slam","Perfected Strike"],"picked":"Reaper","floor":5},{"not_picked":["Flame Barrier","Power Through"],"picked":"Pommel Strike","floor":6},{"not_picked":["Perfected Strike","Dark Embrace"],"picked":"Cleave","floor":7},{"not_picked":["Pommel Strike","Shrug It Off","Headbutt"],"picked":"SKIP","floor":8},{"not_picked":["Warcry","True Grit"],"picked":"Brutality","floor":11},{"not_picked":["Shrug It Off","Pummel"],"picked":"Thunderclap","floor":13},{"not_picked":["Sword Boomerang","Pommel Strike","Wild Strike"],"picked":"SKIP","floor":14},{"not_picked":["Bludgeon","Offering"],"picked":"Demon Form","floor":16},{"not_picked":["Heavy Blade","Havoc","Armaments"],"picked":"SKIP","floor":18},{"not_picked":["True Grit+1","Fire Breathing","Perfected Strike+1"],"picked":"SKIP","floor":22},{"not_picked":["Bludgeon","Warcry","Barricade"],"picked":"SKIP","floor":23},{"not_picked":["Armaments","True Grit","Evolve+1"],"picked":"SKIP","floor":24},{"not_picked":["Headbutt","True Grit"],"picked":"Clash","floor":28},{"not_picked":["Reckless Charge+1","Clothesline+1"],"picked":"Seeing Red+1","floor":29}],"player_experience":732425,"relics_obtained":[{"floor":6,"key":"infinitespire:Beetle Shell"},{"floor":8,"key":"Vajra"},{"floor":9,"key":"Red Skull"},{"floor":11,"key":"Strawberry"},{"floor":14,"key":"infinitespire:PuzzleCube"},{"floor":23,"key":"Darkstone Periapt"},{"floor":26,"key":"Eternal Feather"},{"floor":29,"key":"Oddly Smooth Stone"}],"event_choices":[{"damage_healed":0,"gold_gain":0,"player_choice":"Upgraded","damage_taken":0,"max_hp_gain":0,"max_hp_loss":0,"event_name":"Upgrade Shrine","floor":3,"gold_loss":0,"cards_upgraded":["Spot Weakness"]},{"cards_removed":["Strike_R"],"damage_healed":0,"gold_gain":0,"player_choice":"Card Removal","damage_taken":7,"max_hp_gain":0,"max_hp_loss":0,"event_name":"Golden Wing","floor":10,"gold_loss":0},{"damage_healed":0,"gold_gain":100,"player_choice":"Pray","damage_taken":0,"max_hp_gain":0,"max_hp_loss":0,"event_name":"Golden Shrine","floor":12,"gold_loss":0},{"damage_healed":0,"gold_gain":0,"player_choice":"Traded Relic","damage_taken":0,"relics_obtained":["Nloth\u0027s Gift"],"max_hp_gain":0,"max_hp_loss":0,"event_name":"N\u0027loth","floor":20,"relics_lost":["infinitespire:PuzzleCube"],"gold_loss":0},{"damage_healed":0,"gold_gain":0,"player_choice":"Became a vampire","damage_taken":0,"max_hp_gain":0,"max_hp_loss":29,"event_name":"Vampires","floor":25,"gold_loss":0,"cards_obtained":["Bite","Bite","Bite","Bite","Bite"]},{"cards_removed":["Bash"],"damage_healed":0,"gold_gain":0,"player_choice":"Upgrade and Remove","damage_taken":0,"max_hp_gain":0,"max_hp_loss":0,"event_name":"Designer","floor":30,"gold_loss":90,"cards_upgraded":["Clash"]}],"is_beta":false,"boss_relics":[{"not_picked":["Pandora\u0027s Box","infinitespire:Cupcake"],"picked":"Philosopher\u0027s Stone"}],"items_purged_floors":[21,27],"is_endless":false,"potions_floor_spawned":[1,2,6,8,14,18,23],"killed_by":"Slavers","ascension_level":1}}