{"host":"prbesmsd58qkujmx","time":1610949191,"event":{"mods":["2.2 Compatiblity","AchievementEnabler","BaseMod","Colored Map","DeckTracker","Highlight Path","Keyboard Shortcuts","Minty Spire (QoL Compilation)","Permanent Neow","Quick Restart","Random Character Button","StSLib","SuperFastMode","everything is the same but u backflip on backflip"],"gold_per_floor":[119,135,151,171,246,280,297,311,311,311,323,323,323],"floor_reached":12,"language":"KOR","playtime":501,"items_purged":[],"score":84,"play_id":"19b6eb7c-7920-4a22-a838-432de08d2981","local_time":"20210118145311","is_ascension_mode":false,"campfire_choices":[{"data":"Uppercut","floor":10,"key":"SMITH"}],"circlet_count":0,"master_deck":["Strike_R","Strike_R","Strike_R","Strike_R","Strike_R","Defend_R","Defend_R","Defend_R","Defend_R","Bash","Bludgeon","Headbutt","Blood for Blood","Armaments","Uppercut+1","Seeing Red","Fire Breathing"],"relics":["Burning Blood","Ancient Tea Set","Bottled Flame"],"acts_visited":["Exordium"],"potions_floor_usage":[8],"damage_taken":[{"damage":6,"enemies":"Jaw Worm","floor":1,"turns":2},{"damage":5,"enemies":"2 Louse","floor":2,"turns":3},{"damage":0,"enemies":"Cultist","floor":3,"turns":2},{"damage":16,"enemies":"Exordium Wildlife","floor":4,"turns":4},{"damage":32,"enemies":"Gremlin Nob","floor":6,"turns":4},{"damage":3,"enemies":"Large Slime","floor":7,"turns":5},{"damage":6,"enemies":"2 Fungi Beasts","floor":8,"turns":4},{"damage":2,"enemies":"Looter","floor":11,"turns":2},{"damage":32,"enemies":"Lagavulin","floor":12,"turns":7}],"seed_played":"-5654112920528561845","potions_obtained":[{"floor":2,"key":"LiquidBronze"},{"floor":3,"key":"ColorlessPotion"},{"floor":7,"key":"PowerPotion"}],"is_trial":false,"path_per_floor":["M","M","M","M","?","E","M","M","T","R","M","E"],"character_chosen":"IRONCLAD","items_purchased":[],"campfire_rested":0,"item_purchase_floors":[],"current_hp_per_floor":[72,72,72,62,51,25,28,28,28,28,32,0,0],"gold":323,"neow_bonus":"THREE_RARE_CARDS","is_daily":false,"chose_seed":false,"campfire_upgraded":1,"win_rate":0.0,"timestamp":1610949191,"path_taken":["M","M","M","M","?","E","M","M","T","R","M","E"],"items_purchased_type":[],"build_version":"2020-12-22","purchased_purges":0,"victory":false,"max_hp_per_floor":[72,72,72,72,72,72,72,72,72,72,72,72,72],"card_choices":[{"not_picked":["Corruption","Demon Form"],"picked":"Bludgeon","floor":0},{"not_picked":["Thunderclap","Intimidate"],"picked":"Headbutt","floor":1},{"not_picked":["Carnage","Perfected Strike"],"picked":"Blood for Blood","floor":2},{"not_picked":["Rampage","Flex","Wild Strike"],"picked":"SKIP","floor":3},{"not_picked":["Body Slam","Cleave"],"picked":"Armaments","floor":4},{"not_picked":["Iron Wave","Second Wind"],"picked":"Uppercut","floor":6},{"not_picked":["Fiend Fire","Clash"],"picked":"Seeing Red","floor":7},{"not_picked":["Twin Strike","Iron Wave","Anger"],"picked":"SKIP","floor":8},{"not_picked":["Burning Pact","Body Slam"],"picked":"Fire Breathing","floor":11}],"player_experience":96805,"relics_obtained":[{"floor":6,"key":"Ancient Tea Set"},{"floor":9,"key":"Bottled Flame"}],"event_choices":[{"damage_healed":0,"gold_gain":75,"player_choice":"Gather Gold","damage_taken":11,"max_hp_gain":0,"max_hp_loss":0,"event_name":"World of Goop","floor":5,"gold_loss":0}],"is_beta":false,"boss_relics":[],"items_purged_floors":[],"is_endless":false,"potions_floor_spawned":[2,3,7],"killed_by":"Lagavulin","ascension_level":0}}