{"host":"pjgcdp3h1plnbocs","time":1610998161,"event":{"mods":["AchievementEnabler","BaseMod","Colored Map","Downfall","Highlight Path","Minty Spire (QoL Compilation)","StSLib"],"gold_per_floor":[99,113,124,143,243,253,276,276,276,309,309,309,209,230,250,348,348,348,364,377,389,408,440,494,494,504,534,534,534],"floor_reached":28,"language":"ENG","playtime":1179,"items_purged":[],"score":285,"play_id":"1f15c7ae-1730-4d0e-a4cf-51244fcea547","local_time":"20210118202921","is_ascension_mode":false,"campfire_choices":[{"data":"bronze:Replicate","floor":1,"key":"SMITH"},{"data":"bronze:Iterate","floor":9,"key":"SMITH"},{"data":"bronze:DelayedGuard","floor":13,"key":"SMITH"},{"data":"bronze:DelayedSlice","floor":18,"key":"SMITH"}],"circlet_count":0,"master_deck":["bronze:Strike+1","bronze:Strike+1","bronze:Defend","bronze:Defend","bronze:Defend","bronze:Replicate+1","bronze:Goto+1","bronze:DelayedGuard+1","bronze:Iterate+1","bronze:Iterate+1","bronze:DelayedSlice+1","bronze:Verify+1","downfall:Haunted","bronze:FollowUp"],"relics":["bronze:BronzeCore","Bag of Marbles","Whetstone","downfall:HeartBlessingGreen","Odd Mushroom","Empty Cage","Darkstone Periapt","Blood Vial","Potion Belt"],"acts_visited":["Exordium","TheCity"],"potions_floor_usage":[13,16,27],"damage_taken":[{"damage":7,"enemies":"2 Louse","floor":2,"turns":3},{"damage":1,"enemies":"Small Slimes","floor":3,"turns":3},{"damage":0,"enemies":"Cultist","floor":4,"turns":4},{"damage":1,"enemies":"2 Fungi Beasts","floor":6,"turns":3},{"damage":7,"enemies":"Gremlin Nob","floor":10,"turns":4},{"damage":0,"enemies":"The Mushroom Lair","floor":14,"turns":3},{"damage":0,"enemies":"Blue Slaver","floor":15,"turns":2},{"damage":41,"enemies":"DF_ARCHETYPE_STREAMLINE","floor":16,"turns":12},{"damage":10,"enemies":"Shell Parasite","floor":19,"turns":3},{"damage":0,"enemies":"Chosen","floor":20,"turns":3},{"damage":4,"enemies":"Sentry and Sphere","floor":21,"turns":5},{"damage":5,"enemies":"Snecko","floor":22,"turns":3},{"damage":42,"enemies":"Book of Stabbing","floor":23,"turns":6},{"damage":18,"enemies":"Shelled Parasite and Fungi","floor":26,"turns":4},{"damage":15,"enemies":"Gremlin Leader","floor":27,"turns":6},{"damage":6,"enemies":"3 Cultists","floor":28,"turns":2}],"seed_played":"-4463421818016985420","potions_obtained":[{"floor":4,"key":"Regen Potion"},{"floor":6,"key":"PowerPotion"},{"floor":10,"key":"Fruit Juice"},{"floor":15,"key":"Ancient Potion"},{"floor":16,"key":"bronze:BurnAndBuffPotion"},{"floor":19,"key":"EssenceOfSteel"},{"floor":20,"key":"Strength Potion"},{"floor":22,"key":"bronze:FreeFunctionsPotion"}],"is_trial":false,"path_per_floor":["R","M","M","M","?","M","T","?","R","E","?","?","R","?","M","B",null,"R","M","M","M","M","E","T","?","M","E","M"],"character_chosen":"THE_AUTOMATON","items_purchased":[],"campfire_rested":0,"item_purchase_floors":[],"current_hp_per_floor":[77,70,69,69,69,68,68,68,68,61,66,66,71,71,71,30,87,87,77,77,73,68,26,26,32,16,3,0,0],"gold":534,"neow_bonus":"TEN_PERCENT_HP_BONUS","is_daily":false,"chose_seed":false,"campfire_upgraded":4,"win_rate":0.0,"timestamp":1610998161,"path_taken":["R","M","M","M","?","M","T","?","R","E","?","?","R","?","M","BOSS","R","M","M","M","M","E","T","?","?","E","M"],"items_purchased_type":[],"build_version":"2020-12-22","purchased_purges":0,"victory":false,"max_hp_per_floor":[77,77,77,77,77,77,77,77,77,77,82,82,87,87,87,87,87,87,87,87,87,87,87,87,93,93,93,93,93],"card_choices":[{"not_picked":["bronze:BitShift","bronze:DigitalCarnage"],"picked":"bronze:DelayedGuard","floor":2},{"not_picked":["bronze:BuggyMess","bronze:Deprecate"],"picked":"bronze:Iterate","floor":3},{"not_picked":["bronze:WildBeam","bronze:BitShift"],"picked":"bronze:Iterate","floor":4},{"not_picked":["bronze:Philosophize","bronze:Assembly","bronze:Shield"],"picked":"SKIP","floor":6},{"not_picked":["bronze:Shield","bronze:ClassDefault","bronze:BuggyMess"],"picked":"SKIP","floor":10},{"not_picked":["bronze:Flail","bronze:FineTuning"],"picked":"bronze:DelayedSlice","floor":14},{"not_picked":["bronze:Allocate","bronze:Philosophize","bronze:BuggyMess"],"picked":"SKIP","floor":15},{"not_picked":["bronze:Iterate","bronze:BugBarrage","bronze:BuggyMess+1"],"picked":"SKIP","floor":19},{"not_picked":["bronze:Shield","bronze:BugBarrage","bronze:BronzeOrb"],"picked":"SKIP","floor":20},{"not_picked":["bronze:DigitalCarnage+1","bronze:CutThrough","bronze:Deprecate"],"picked":"SKIP","floor":21},{"not_picked":["bronze:Boost","bronze:ChosenStrike"],"picked":"bronze:Verify","floor":22},{"not_picked":["bronze:CutThrough","bronze:DarkDash","bronze:Turbo"],"picked":"SKIP","floor":23},{"not_picked":["bronze:ForceShield","bronze:OilSpill","bronze:Allocate+1"],"picked":"SKIP","floor":26},{"not_picked":["bronze:ForceShield","bronze:OilSpill","bronze:Allocate+1"],"picked":"SKIP","floor":26},{"not_picked":["bronze:ItsAFeature+1","bronze:OilSpill+1"],"picked":"bronze:FollowUp","floor":27}],"player_experience":186038,"relics_obtained":[{"floor":7,"key":"Bag of Marbles"},{"floor":10,"key":"Whetstone"},{"floor":14,"key":"Odd Mushroom"},{"floor":23,"key":"Darkstone Periapt"},{"floor":24,"key":"Blood Vial"},{"floor":27,"key":"Potion Belt"}],"event_choices":[{"cards_removed":["bronze:Strike"],"damage_healed":0,"gold_gain":0,"player_choice":"Card Removal","damage_taken":0,"max_hp_gain":0,"max_hp_loss":0,"event_name":"The Cleric","floor":8,"gold_loss":0},{"damage_healed":0,"gold_gain":0,"player_choice":"Donut","damage_taken":0,"max_hp_gain":5,"max_hp_loss":0,"event_name":"Big Fish","floor":11,"gold_loss":0},{"damage_healed":0,"gold_gain":0,"player_choice":"Grow","damage_taken":0,"max_hp_gain":0,"max_hp_loss":0,"event_name":"Living Wall","floor":12,"gold_loss":0,"cards_upgraded":["bronze:Goto"]},{"damage_healed":0,"gold_gain":0,"player_choice":"Fought Mushrooms","damage_taken":0,"max_hp_gain":0,"max_hp_loss":0,"event_name":"Mushrooms","floor":14,"gold_loss":0}],"is_beta":false,"boss_relics":[{"not_picked":["Astrolabe","Tiny House"],"picked":"Empty Cage"}],"items_purged_floors":[],"is_endless":false,"potions_floor_spawned":[4,6,10,15,16,19,20,22],"killed_by":"3 Cultists","ascension_level":0}}