{"host":"w4b7hmige5bnqipq","time":1610984298,"event":{"mods":["2.2 Compatiblity","BaseMod","Colored Map","DeckTracker","Keyboard Shortcuts","Minty Spire (QoL Compilation)","Permanent Neow","Rare Cards Sparkle","SuperFastMode","everything is the same but u backflip on backflip","slay the spire mod where everything is the same but ironclad has a cowboy hat"],"gold_per_floor":[18,28,44,44,119,119,137,137,137,137,165,10,10,35,35,35,35],"floor_reached":16,"language":"KOR","playtime":337,"items_purged":["Strike_G"],"score":196,"play_id":"82a1d3eb-fa8c-495a-b4c4-1172689fe7d6","local_time":"20210118233818","is_ascension_mode":true,"campfire_choices":[{"data":"Eviscerate","floor":6.0,"key":"SMITH"},{"data":"Neutralize","floor":8.0,"key":"SMITH"},{"data":"Dash","floor":10.0,"key":"SMITH"},{"data":"Prepared","floor":13,"key":"SMITH"},{"data":"Survivor","floor":15,"key":"SMITH"}],"circlet_count":0,"master_deck":["AscendersBane","Strike_G","Strike_G","Strike_G","Defend_G","Defend_G","Defend_G","Defend_G","Survivor+1","Neutralize+1","Dash+1","Eviscerate+1","Grand Finale","Prepared+1","Escape Plan"],"relics":["Ring of the Snake","Gremlin Horn","Darkstone Periapt","Vajra"],"acts_visited":["Exordium"],"potions_floor_usage":[11],"damage_taken":[{"damage":0.0,"enemies":"Cultist","floor":1.0,"turns":5.0},{"damage":1.0,"enemies":"Small Slimes","floor":2.0,"turns":4.0},{"damage":0.0,"enemies":"Jaw Worm","floor":3.0,"turns":3.0},{"damage":1.0,"enemies":"2 Fungi Beasts","floor":7.0,"turns":3.0},{"damage":25,"enemies":"3 Sentries","floor":11,"turns":10},{"damage":41,"enemies":"Hexaghost","floor":16,"turns":10}],"seed_played":"2339573854208098642","potions_obtained":[{"floor":1.0,"key":"Regen Potion"},{"floor":2.0,"key":"Ancient Potion"},{"floor":3.0,"key":"Energy Potion"},{"floor":11,"key":"Ancient Potion"}],"is_trial":false,"path_per_floor":["M","M","M","?","?","R","M","R","T","R","E","$","R","T","R","B"],"character_chosen":"THE_SILENT","items_purchased":["Escape Plan"],"campfire_rested":0,"item_purchase_floors":[12],"current_hp_per_floor":[59,58,58,58,47,47,46,46,46,46,36,36,36,36,36,0,0],"gold":35,"neow_bonus":"REMOVE_TWO","is_daily":false,"chose_seed":false,"campfire_upgraded":5,"win_rate":0.0,"timestamp":1610984298,"path_taken":["M","M","M","?","?","R","M","R","T","R","E","$","R","?","R","BOSS"],"items_purchased_type":["Card"],"build_version":"2020-12-22","purchased_purges":1,"victory":false,"max_hp_per_floor":[66,66,66,66,66,66,66,66,66,66,66,66,66,66,66,66,66],"card_choices":[{"not_picked":["Infinite Blades","Leg Sweep"],"picked":"Dash","floor":1.0},{"not_picked":["Choke","Backstab"],"picked":"Eviscerate","floor":2.0},{"not_picked":["Sucker Punch","Underhanded Strike","Deflect"],"picked":"SKIP","floor":3.0},{"not_picked":["Sucker Punch","Cloak And Dagger"],"picked":"Grand Finale","floor":7.0},{"not_picked":["Terror","Dagger Throw"],"picked":"Prepared","floor":11}],"player_experience":515169,"relics_obtained":[{"floor":9.0,"key":"Gremlin Horn"},{"floor":11,"key":"Darkstone Periapt"},{"floor":14,"key":"Vajra"}],"event_choices":[{"damage_healed":0.0,"max_hp_gain":0.0,"max_hp_loss":0.0,"gold_gain":0.0,"event_name":"The Cleric","player_choice":"Leave","floor":4.0,"gold_loss":0.0,"damage_taken":0.0},{"damage_healed":0.0,"max_hp_gain":0.0,"max_hp_loss":0.0,"gold_gain":75.0,"event_name":"World of Goop","player_choice":"Gather Gold","floor":5.0,"gold_loss":0.0,"damage_taken":11.0}],"is_beta":false,"boss_relics":[],"items_purged_floors":[12],"is_endless":false,"potions_floor_spawned":[1,2,3,11],"killed_by":"Hexaghost","ascension_level":20}}