{"host":"jvd5k9mqzerszifx","time":1610955371,"event":{"mods":["AchievementEnabler","Act Like it!","BaseMod","Better Note","Better Third Choice","Colored Map","Colored Powertips","Conspire","DeckTracker","Gensokyo","GungeonMod","Hallownest","Hermit","Hubris","Infinite Spire","Jorbs\u0027s Wanderer Trilogy","Koishi","Marisa（F雨　魔理沙）","Minty Spire (QoL Compilation)","MostiFishMod","Relic Stats","Replay The Spire","Reworked Bosses","Spicy Shops","StSLib","The Administrix","The Bug Knight","The Cursed","The Factory","The Hierophant","The Jungle","The Servant 0.9.4","【功能Mod】聪明的最终Boss"],"gold_per_floor":[142,1192,1192,395,370,472,529,622,622,661,742,742,692,746,746,1031,1031,1082,1082,1082,1115,1148,1238,1271,1271,1271,426,483,483,483,525,525,810,810,855,855,888,921,921,921,921,921,921,972,1014,1164,1164,1203,1203,1203,1203,1203,414,492,492],"floor_reached":56,"language":"ZHS","playtime":2372,"items_purged":[],"score":1577,"play_id":"aed38f39-a0f1-481f-a354-c044be1a6fca","local_time":"20210118153611","is_ascension_mode":false,"campfire_choices":[{"data":"Strike_S","floor":12,"key":"PURGE"},{"data":"Strike_S","floor":12,"key":"PURGE"},{"data":"Strike_S","floor":12,"key":"PURGE"},{"data":"Defend_S","floor":12,"key":"PURGE"},{"data":"Defend_S","floor":12,"key":"PURGE"},{"data":"Defend_S","floor":12,"key":"PURGE"},{"data":"Strike_S","floor":12,"key":"SMITH"},{"data":"Defend_S","floor":12,"key":"SMITH"},{"data":"KidneyShot","floor":12,"key":"SMITH"},{"data":"Exchange","floor":12,"key":"SMITH"},{"data":"Sunlight","floor":12,"key":"SMITH"},{"data":"Ricochet","floor":12,"key":"SMITH"},{"data":"BottledTime","floor":12,"key":"SMITH"},{"data":"Deadline","floor":12,"key":"SMITH"},{"data":"Potential","floor":12,"key":"SMITH"},{"floor":12,"key":"RECALL"},{"data":"Desolation","floor":15,"key":"SMITH"},{"floor":15,"key":"REST"},{"data":"Deny","floor":25,"key":"SMITH"},{"data":"Moonlight","floor":25,"key":"SMITH"},{"data":"SurpressingFire","floor":25,"key":"SMITH"},{"data":"Unruled","floor":25,"key":"SMITH"},{"floor":25,"key":"REST"},{"data":"Ricochet","floor":32,"key":"SMITH"},{"floor":32,"key":"REST"},{"data":"TheWorld","floor":40,"key":"SMITH"},{"data":"Snipe","floor":40,"key":"SMITH"},{"floor":40,"key":"REST"},{"data":"Madness","floor":42,"key":"SMITH"},{"data":"conspire:Banana","floor":42,"key":"SMITH"},{"data":"Replay:Sssssssssshield","floor":42,"key":"SMITH"},{"floor":42,"key":"REST"},{"data":"infinitespire:SevenWalls","floor":49,"key":"SMITH"},{"data":"Rearm","floor":49,"key":"SMITH"},{"data":"ShatteredReality+1","floor":49,"key":"PURGE"},{"data":"Potential+1","floor":49,"key":"PURGE"},{"floor":49,"key":"REST"},{"data":"Ricochet+1","floor":52,"key":"PURGE"},{"data":"Potential+1","floor":52,"key":"PURGE"},{"data":"Ricochet+1","floor":52,"key":"PURGE"},{"floor":52,"key":"REST"}],"circlet_count":0,"master_deck":["Defend_S+1","KidneyShot+1","Exchange+1","Sunlight+1","BottledTime+1","Deadline+1","Desolation+1","Deny+1","TimeTheft+1","DemoMod:StrategicReserve+1","Moonlight+1","SurpressingFire+1","Unruled+1","TheWorld+1","Snipe+1","Snipe+1","Madness+1","conspire:Banana+1","Replay:Sssssssssshield+1","Defy+1","BottledTime+1","infinitespire:SevenWalls+1","Rearm+1"],"relics":["Uniform","Peace Pipe","Ginger","Turnip","Unceasing Top","Omamori","Ice Cream","The Courier","Medical Kit","WingedGreaves","HandDrill","Frozen Eye","Blue Candle","DaveBox","SynthV:TestCard","SentryEyes","ReplayTheSpireMod:Ring of Addiction","Ring of Greed","Potion Belt","White Beast Statue","Membership Card","Old Coin","hubris:Towel","infinitespire:ShieldingShard","hubris:HerbalPaste","MostiFishMod:AdaptiveDefenses","Vajra","Replay:Baseball","Blue Doll","DemoMod:PartiallyEatenCheese","ThornShield","DemoMod:GnawedKey","DemoMod:AgedBell","betterThird:SlimedRelic","DemoMod:GlassGuonStoneRelic","Orichalcum","ReplayTheSpireMod:TigerMarble","hubris:FunFungus","Odd Mushroom","ExusiaiGun","hubris:Icosahedron","Replay:Wax Seal","Juzu Bracelet","DemoMod:Antibody","CombinedTypeHook","SynthV:C4","Bottled Flame","Anchor","DemoMod:OrangeGuonStone","infinitespire:Lucky Rock","hubris:Potato","Bottled Lightning","Painkiller Herb","Bird Faced Urn","Pen Nib","conspire:TopHat","BirthdayGift-Tetrahedron","infinitespire:CheckeredPen","DemoMod:Bottle","Lantern","Replay:Kaleidoscope"],"acts_visited":["Exordium","Exordium","TheBeyond","TheEnding"],"potions_floor_usage":[7,10,16,16,16,24,24,33,38,46],"damage_taken":[{"damage":0,"enemies":"Small Slimes","floor":1,"turns":3},{"damage":6,"enemies":"3 Sentries","floor":6,"turns":2},{"damage":0,"enemies":"2 Louse","floor":7,"turns":1},{"damage":0,"enemies":"HollowMod:MossKnight","floor":8,"turns":3},{"damage":0,"enemies":"Jaw Worm","floor":10,"turns":2},{"damage":0,"enemies":"The Mushroom Lair","floor":11,"turns":2},{"damage":0,"enemies":"Exordium Wildlife","floor":14,"turns":1},{"damage":6,"enemies":"The Guardian","floor":16,"turns":3},{"damage":0,"enemies":"theJungle:GiantWrat","floor":18,"turns":1},{"damage":0,"enemies":"theJungle:MUSHROOMGANG","floor":21,"turns":1},{"damage":0,"enemies":"theJungle:SlimyTreeVines","floor":22,"turns":2},{"damage":0,"enemies":"theJungle:MamaSnecko","floor":23,"turns":1},{"damage":0,"enemies":"theJungle:2_Snecko_Cultists","floor":24,"turns":1},{"damage":0,"enemies":"theJungle:Lyon","floor":28,"turns":1},{"damage":0,"enemies":"theJungle:2_Flameangoes","floor":31,"turns":2},{"damage":0,"enemies":"theJungle:FunGuy","floor":33,"turns":3},{"damage":0,"enemies":"3 Darklings","floor":35,"turns":1},{"damage":0,"enemies":"Orb Walker","floor":37,"turns":1},{"damage":0,"enemies":"3 Darklings","floor":38,"turns":1},{"damage":0,"enemies":"Transient","floor":44,"turns":5},{"damage":0,"enemies":"4 Shapes","floor":45,"turns":1},{"damage":0,"enemies":"Mind Bloom Boss Battle","floor":46,"turns":1},{"damage":0,"enemies":"Jaw Worm Horde","floor":48,"turns":1},{"damage":0,"enemies":"bossMod:newAwakened","floor":50,"turns":9},{"damage":0,"enemies":"Shield and Spear","floor":54,"turns":1},{"damage":0,"enemies":"The Heart","floor":55,"turns":3}],"seed_played":"-4628607183167519888","potions_obtained":[{"floor":2,"key":"AttackPotion"},{"floor":2,"key":"Regen Potion"},{"floor":2,"key":"DemoMod:LeadSkinPotion"},{"floor":6,"key":"SteroidPotion"},{"floor":7,"key":"AttackPotion"},{"floor":8,"key":"DuplicationPotion"},{"floor":10,"key":"Block Potion"},{"floor":16,"key":"Languid Potion"},{"floor":18,"key":"Explosive Potion"},{"floor":21,"key":"Dexterity Potion"},{"floor":22,"key":"SkillPotion"},{"floor":24,"key":"Energy Potion"},{"floor":28,"key":"SpeedPotion"},{"floor":33,"key":"DuplicationPotion"},{"floor":38,"key":"LifebloodPotion"},{"floor":44,"key":"DuplicationPotion"},{"floor":46,"key":"Strength Potion"},{"floor":54,"key":"Adrenaline Potion"}],"is_trial":false,"path_per_floor":["M","?","?","$","?","E","M","E","T","M","?","R","?","M","R","B",null,"M","?","?","M","M","E","M","R","T","$","M","?","?","M","R","B",null,"?","?","?","?","?","T","?","T","T","?","?","?","AVR","?","T","B",null,"T","T","E","B",null],"character_chosen":"THE_SERVANT","items_purchased":["infinitespire:ShieldingShard","hubris:HerbalPaste","MostiFishMod:AdaptiveDefenses","Vajra","Replay:Baseball","Blue Doll","DemoMod:PartiallyEatenCheese","ThornShield","DemoMod:GnawedKey","DemoMod:AgedBell","DemoMod:Antibody","CombinedTypeHook","SynthV:C4","Bottled Flame","Anchor","DemoMod:OrangeGuonStone","infinitespire:Lucky Rock","hubris:Potato","Bottled Lightning","conspire:TopHat","BirthdayGift-Tetrahedron","infinitespire:CheckeredPen","DemoMod:Bottle","Lantern"],"campfire_rested":7,"item_purchase_floors":[4,4,4,4,4,4,4,4,4,4,27,27,27,27,27,27,27,27,27,53,53,53,53,53],"current_hp_per_floor":[65,65,65,65,54,51,51,56,56,60,63,63,63,62,62,56,62,62,62,60,60,60,58,58,58,58,58,56,56,56,54,54,54,54,54,54,52,52,52,52,42,50,50,52,50,50,50,50,50,50,50,50,48,48,50],"gold":492,"neow_bonus":"ONE_RANDOM_RARE_CARD","is_daily":false,"chose_seed":false,"campfire_upgraded":22,"win_rate":0.0,"timestamp":1610955371,"path_taken":["M","?","?","$","?","E","M","E","T","?","?","R","?","M","R","BOSS","M","?","?","M","M","E","M","R","T","$","M","?","?","M","R","BOSS","?","?","?","?","?","T","?","T","T","?","?","?","AVR","?","T","BOSS","T","T","E","BOSS"],"items_purchased_type":["Relic","Relic","Relic","Relic","Relic","Relic","Relic","Relic","Relic","Relic","Relic","Relic","Relic","Relic","Relic","Relic","Relic","Relic","Relic","Relic","Relic","Relic","Relic","Relic"],"build_version":"2020-12-22","purchased_purges":0,"victory":true,"max_hp_per_floor":[65,65,65,65,65,63,63,63,63,64,64,64,64,62,62,62,62,62,62,60,60,60,58,58,58,58,58,56,56,56,54,54,54,54,54,54,52,52,52,52,52,50,50,52,50,50,50,50,50,50,50,50,48,48,50],"relic_stats":{"counters":[26,48],"Blue Candle":[0],"Pen Nib":[7],"Juzu Bracelet":0,"Ginger":[3],"Orichalcum":[54],"Medical Kit":[7],"Peace Pipe":14,"Bird Faced Urn":[0],"Turnip":[5],"HandDrill":[14],"obtain_stats":[{"Ice Cream":0,"CombinedTypeHook":27,"DemoMod:AgedBell":4,"Vajra":4,"MostiFishMod:AdaptiveDefenses":4,"DemoMod:GlassGuonStoneRelic":6,"Uniform":0,"Ginger":0,"Old Coin":2,"infinitespire:ShieldingShard":4,"hubris:HerbalPaste":4,"HandDrill":0,"Replay:Wax Seal":23,"Blue Candle":0,"ReplayTheSpireMod:Ring of Addiction":2,"DemoMod:OrangeGuonStone":27,"Pen Nib":47,"Replay:Kaleidoscope":54,"Replay:Baseball":4,"Bottled Flame":27,"Bird Faced Urn":46,"SentryEyes":1,"ReplayTheSpireMod:TigerMarble":8,"Unceasing Top":0,"Lantern":53,"DaveBox":0,"Blue Doll":4,"Painkiller Herb":34,"ExusiaiGun":17,"Juzu Bracelet":26,"SynthV:C4":27,"conspire:TopHat":53,"Frozen Eye":0,"hubris:Icosahedron":20,"WingedGreaves":0,"hubris:FunFungus":9,"DemoMod:GnawedKey":4,"BirthdayGift-Tetrahedron":53,"Potion Belt":2,"DemoMod:Antibody":27,"DemoMod:PartiallyEatenCheese":4,"The Courier":0,"Omamori":0,"Ring of Greed":2,"infinitespire:Lucky Rock":27,"infinitespire:CheckeredPen":53,"hubris:Towel":3,"Orichalcum":6,"Odd Mushroom":11,"Medical Kit":0,"ThornShield":4,"White Beast Statue":2,"Peace Pipe":0,"Anchor":27,"SynthV:TestCard":1,"betterThird:SlimedRelic":5,"Turnip":0,"Membership Card":2,"Bottled Lightning":27,"DemoMod:Bottle":53,"hubris:Potato":27},{"Ice Cream":0,"CombinedTypeHook":13,"DemoMod:AgedBell":1,"Vajra":1,"MostiFishMod:AdaptiveDefenses":1,"DemoMod:GlassGuonStoneRelic":2,"Uniform":0,"Ginger":0,"Old Coin":1,"infinitespire:ShieldingShard":1,"hubris:HerbalPaste":1,"HandDrill":0,"Replay:Wax Seal":12,"Blue Candle":0,"ReplayTheSpireMod:Ring of Addiction":1,"DemoMod:OrangeGuonStone":13,"Pen Nib":22,"Replay:Kaleidoscope":25,"Replay:Baseball":1,"Bottled Flame":13,"Bird Faced Urn":22,"SentryEyes":1,"ReplayTheSpireMod:TigerMarble":4,"Unceasing Top":0,"Lantern":24,"DaveBox":0,"Blue Doll":1,"Painkiller Herb":16,"ExusiaiGun":8,"Juzu Bracelet":13,"SynthV:C4":13,"conspire:TopHat":24,"Frozen Eye":0,"hubris:Icosahedron":9,"WingedGreaves":0,"hubris:FunFungus":4,"DemoMod:GnawedKey":1,"BirthdayGift-Tetrahedron":24,"Potion Belt":1,"DemoMod:Antibody":13,"DemoMod:PartiallyEatenCheese":1,"The Courier":0,"Omamori":0,"Ring of Greed":1,"infinitespire:Lucky Rock":13,"infinitespire:CheckeredPen":24,"hubris:Towel":1,"Orichalcum":2,"Odd Mushroom":6,"Medical Kit":0,"ThornShield":1,"White Beast Statue":1,"Peace Pipe":0,"Anchor":13,"SynthV:TestCard":1,"betterThird:SlimedRelic":1,"Turnip":0,"Membership Card":1,"Bottled Lightning":13,"DemoMod:Bottle":24,"hubris:Potato":13},{"Ice Cream":0,"CombinedTypeHook":19,"DemoMod:AgedBell":3,"Vajra":3,"MostiFishMod:AdaptiveDefenses":3,"DemoMod:GlassGuonStoneRelic":4,"Uniform":0,"Ginger":0,"Old Coin":3,"infinitespire:ShieldingShard":3,"hubris:HerbalPaste":3,"HandDrill":0,"Replay:Wax Seal":18,"Blue Candle":0,"ReplayTheSpireMod:Ring of Addiction":3,"DemoMod:OrangeGuonStone":19,"Pen Nib":34,"Replay:Kaleidoscope":45,"Replay:Baseball":3,"Bottled Flame":19,"Bird Faced Urn":34,"SentryEyes":3,"ReplayTheSpireMod:TigerMarble":8,"Unceasing Top":0,"Lantern":44,"DaveBox":0,"Blue Doll":3,"Painkiller Herb":24,"ExusiaiGun":14,"Juzu Bracelet":19,"SynthV:C4":19,"conspire:TopHat":44,"Frozen Eye":0,"hubris:Icosahedron":15,"WingedGreaves":0,"hubris:FunFungus":8,"DemoMod:GnawedKey":3,"BirthdayGift-Tetrahedron":44,"Potion Belt":3,"DemoMod:Antibody":19,"DemoMod:PartiallyEatenCheese":3,"The Courier":0,"Omamori":0,"Ring of Greed":3,"infinitespire:Lucky Rock":19,"infinitespire:CheckeredPen":44,"hubris:Towel":3,"Orichalcum":4,"Odd Mushroom":10,"Medical Kit":0,"ThornShield":3,"White Beast Statue":3,"Peace Pipe":0,"Anchor":19,"SynthV:TestCard":3,"betterThird:SlimedRelic":3,"Turnip":0,"Membership Card":3,"Bottled Lightning":19,"DemoMod:Bottle":44,"hubris:Potato":19}],"Unceasing Top":[22]},"card_choices":[{"not_picked":["Revamp","Starlight"],"picked":"Ricochet","floor":1},{"not_picked":["Spin","Potential","Embodiment","Gouge","Rewind"],"picked":"SKIP","floor":6},{"not_picked":["Defy","Rearm","Replace","Unruled"],"picked":"BottledTime","floor":7},{"not_picked":["Gouge","Rearm","Moonlight","Read"],"picked":"Deadline","floor":8},{"not_picked":["Starlight","DualDimension","Alleviate","Unruled","DancingSilver"],"picked":"SKIP","floor":10},{"not_picked":["Replace","TimeWarp","SurpressingFire","Contraction"],"picked":"Potential","floor":11},{"not_picked":["Manipulate","FastForward","Initiator","Replace"],"picked":"Desolation","floor":14},{"not_picked":["MurderousAura","Sunlight","Solidify","SilverMatrix"],"picked":"Deny","floor":16},{"not_picked":["Ricochet","Replace","Rearm","Alleviate"],"picked":"TimeTheft+1","floor":18},{"not_picked":["Spin","ShiftingGears+1","KillingDoll","Hightail+1"],"picked":"Moonlight","floor":21},{"not_picked":["Replace","Revamp","FastForward","Defy+1"],"picked":"SurpressingFire","floor":22},{"not_picked":["Revamp","Replace","Sunlight","FlawlessForm"],"picked":"Unruled","floor":23},{"not_picked":["Alleviate","SurpressingFire","Revamp","Potential"],"picked":"BottledTime+1","floor":24},{"not_picked":["Defy","Barrier","Alleviate","TimeWarp"],"picked":"Ricochet","floor":28},{"not_picked":["Starlight","Embodiment","Spin","TimeWarp"],"picked":"Potential+1","floor":31},{"not_picked":["SilverMatrix","Deny","Solidify","Initiator"],"picked":"TheWorld","floor":33},{"not_picked":["Spin","TimeTheft","Replace","Foresight+1"],"picked":"ShatteredReality+1","floor":35},{"not_picked":["Moondial","Deny","Manipulate","Defy"],"picked":"Snipe+1","floor":37},{"not_picked":["Replace","TimeWarp+1","Luminosity","Embodiment"],"picked":"Snipe","floor":38},{"not_picked":["Apotheosis","MostiFishMod:OneDayCity","hubris:EnhanceAbility","ReplayTheSpireMod:Trickstab"],"picked":"Madness","floor":41},{"not_picked":["Madness","Good Instincts","MostiFishMod:Galeforce","MostiFishMod:SupremeArchaeology"],"picked":"conspire:Banana","floor":41},{"not_picked":["Mayhem","Good Instincts","Enlightenment","Purity"],"picked":"Replay:Sssssssssshield","floor":41},{"not_picked":["Snipe+1","Ricochet","InstantArmor","Replace"],"picked":"Defy+1","floor":44},{"not_picked":["Contraction+1","Unruled+1","TimeWarp+1","Advance+1","Rewind+1"],"picked":"SKIP","floor":45},{"not_picked":["Barrier+1","FastForward+1","Potential+1","Shuttle+1"],"picked":"BottledTime+1","floor":46},{"not_picked":["SurpressingFire","Replace","Starlight+1","FastForward"],"picked":"Rearm","floor":48},{"not_picked":["TimeWarp","Luminosity+1","Rearm","Rewind","Solidify"],"picked":"SKIP","floor":54}],"player_experience":283969,"relics_obtained":[{"floor":1,"key":"SynthV:TestCard"},{"floor":2,"key":"ReplayTheSpireMod:Ring of Addiction"},{"floor":2,"key":"Ring of Greed"},{"floor":2,"key":"Potion Belt"},{"floor":2,"key":"White Beast Statue"},{"floor":2,"key":"Membership Card"},{"floor":2,"key":"Old Coin"},{"floor":6,"key":"Orichalcum"},{"floor":8,"key":"ReplayTheSpireMod:TigerMarble"},{"floor":9,"key":"hubris:FunFungus"},{"floor":11,"key":"Odd Mushroom"},{"floor":23,"key":"Replay:Wax Seal"},{"floor":26,"key":"Juzu Bracelet"},{"floor":46,"key":"Bird Faced Urn"},{"floor":54,"key":"Replay:Kaleidoscope"}],"event_choices":[{"damage_healed":0,"gold_gain":0,"player_choice":"Slimed","damage_taken":11,"max_hp_gain":0,"max_hp_loss":0,"event_name":"betterThird:BetterGoop","floor":5,"gold_loss":25},{"damage_healed":0,"gold_gain":0,"player_choice":"Fought Mushrooms","damage_taken":0,"max_hp_gain":0,"max_hp_loss":0,"event_name":"Mushrooms","floor":11,"gold_loss":0},{"cards_removed":["Strike_S"],"damage_healed":0,"gold_gain":0,"player_choice":"Card Removal","damage_taken":0,"max_hp_gain":0,"max_hp_loss":0,"event_name":"The Cleric","floor":13,"gold_loss":50},{"cards_removed":["Exchange"],"damage_healed":0,"gold_gain":0,"player_choice":"Take \u0026 Give","damage_taken":0,"max_hp_gain":0,"max_hp_loss":0,"event_name":"betterNote:BetterNote","floor":19,"gold_loss":0,"cards_obtained":["DemoMod:StrategicReserve"]},{"cards_removed":["BottledTime"],"damage_healed":0,"gold_gain":0,"player_choice":"Removed Skill","damage_taken":0,"max_hp_gain":0,"max_hp_loss":0,"event_name":"Falling","floor":36,"gold_loss":0},{"damage_healed":0,"gold_gain":0,"player_choice":"Ignored","damage_taken":0,"max_hp_gain":0,"max_hp_loss":0,"event_name":"Tomb of Lord Red Mask","floor":39,"gold_loss":0},{"damage_healed":0,"gold_gain":0,"player_choice":"Memory 3","damage_taken":10,"max_hp_gain":0,"max_hp_loss":0,"event_name":"SensoryStone","floor":41,"gold_loss":0},{"damage_healed":0,"gold_gain":0,"player_choice":"Fight","damage_taken":0,"max_hp_gain":0,"max_hp_loss":0,"event_name":"MindBloom","floor":46,"gold_loss":0}],"is_beta":false,"boss_relics":[{"not_picked":["FixedStarFall","TakeMeEscape"],"picked":"ExusiaiGun"},{"not_picked":["Runic Pyramid","conspire:SlowCooker"],"picked":"Painkiller Herb"}],"items_purged_floors":[],"is_endless":false,"potions_floor_spawned":[6,7,8,10,11,14,16,18,21,22,23,24,28,31,33,35,37,38,44,45,46,48,54],"ascension_level":0}}