{"host":"ccw6t0i2dpm5wyxf","time":1610987589,"event":{"mods":["AchievementEnabler","BaseMod","Colored Map","Minty Spire (QoL Compilation)","Permanent Neow","SuperFastMode"],"gold_per_floor":[115,128,141,159,178,178,207,207,207,207,219,229,229,245,245,346,346,361,361,379,63,73,73,92,92,116,130,162,179,27,60,60,158,158,176,190,203,203,78,78,103,119,119,169,219,251,251,263,263,263,263],"floor_reached":50,"language":"ENG","playtime":1863,"items_purged":["Strike_R","Strike_R","Strike_R"],"score":897,"play_id":"9e8f43ba-efbf-4e4e-b690-26228511081b","local_time":"20210118103309","is_ascension_mode":true,"campfire_choices":[{"data":"Rampage","floor":6,"key":"SMITH"},{"data":"1","floor":8,"key":"LIFT"},{"data":"2","floor":10,"key":"LIFT"},{"data":"3","floor":13,"key":"LIFT"},{"data":"Sword Boomerang","floor":15,"key":"SMITH"},{"data":"Offering","floor":23,"key":"SMITH"},{"data":"True Grit","floor":25,"key":"SMITH"},{"data":"Spot Weakness","floor":32,"key":"SMITH"},{"floor":40,"key":"REST"},{"floor":49,"key":"RECALL"}],"circlet_count":0,"master_deck":["AscendersBane","Strike_R","Defend_R","Defend_R","Defend_R","Defend_R","Bash","Dramatic Entrance","Cleave","Ghostly Armor","Headbutt","Cleave","Rampage+1","Shockwave","True Grit+1","Spot Weakness+1","Sword Boomerang+1","Offering+1","Metallicize","Armaments+1","Sword Boomerang+1","Pummel","Headbutt+1","Infernal Blade+1","Double Tap","Flex+1","Metallicize+1","Heavy Blade+1","Bloodletting+1"],"relics":["Burning Blood","Girya","Mummified Hand","Velvet Choker","InkBottle","Happy Flower","Meat on the Bone","Orichalcum","Mark of Pain","Molten Egg 2","Gambling Chip","Toy Ornithopter","Anchor"],"acts_visited":["Exordium","TheCity","TheBeyond"],"potions_floor_usage":[11,22,24,28,33,33,37,46,48,50,50],"damage_taken":[{"damage":0,"enemies":"Small Slimes","floor":1,"turns":3},{"damage":6,"enemies":"Cultist","floor":2,"turns":4},{"damage":2,"enemies":"Jaw Worm","floor":3,"turns":4},{"damage":6,"enemies":"3 Louse","floor":4,"turns":2},{"damage":0,"enemies":"Lots of Slimes","floor":5,"turns":1},{"damage":35,"enemies":"3 Sentries","floor":7,"turns":7},{"damage":15,"enemies":"Red Slaver","floor":11,"turns":4},{"damage":0,"enemies":"2 Fungi Beasts","floor":12,"turns":1},{"damage":0,"enemies":"3 Louse","floor":14,"turns":1},{"damage":39,"enemies":"The Guardian","floor":16,"turns":9},{"damage":0,"enemies":"Shell Parasite","floor":18,"turns":2},{"damage":6,"enemies":"Spheric Guardian","floor":20,"turns":2},{"damage":8,"enemies":"3 Cultists","floor":22,"turns":3},{"damage":24,"enemies":"Snake Plant","floor":24,"turns":2},{"damage":0,"enemies":"Sentry and Sphere","floor":27,"turns":2},{"damage":21,"enemies":"Book of Stabbing","floor":28,"turns":3},{"damage":6,"enemies":"3 Cultists","floor":29,"turns":2},{"damage":0,"enemies":"Gremlin Leader","floor":31,"turns":3},{"damage":21,"enemies":"Collector","floor":33,"turns":4},{"damage":10,"enemies":"3 Darklings","floor":35,"turns":4},{"damage":15,"enemies":"Orb Walker","floor":36,"turns":4},{"damage":34,"enemies":"Writhing Mass","floor":37,"turns":4},{"damage":59,"enemies":"Giant Head","floor":41,"turns":7},{"damage":7,"enemies":"Sphere and 2 Shapes","floor":42,"turns":3},{"damage":6,"enemies":"Mind Bloom Boss Battle","floor":44,"turns":4},{"damage":29,"enemies":"Nemesis","floor":46,"turns":5},{"damage":5,"enemies":"3 Darklings","floor":48,"turns":5},{"damage":67,"enemies":"Time Eater","floor":50,"turns":6}],"seed_played":"-8681216390000982372","potions_obtained":[{"floor":2,"key":"ColorlessPotion"},{"floor":4,"key":"Regen Potion"},{"floor":7,"key":"FearPotion"},{"floor":12,"key":"BlessingOfTheForge"},{"floor":16,"key":"LiquidMemories"},{"floor":24,"key":"Fire Potion"},{"floor":27,"key":"SteroidPotion"},{"floor":31,"key":"Ancient Potion"},{"floor":33,"key":"Ancient Potion"},{"floor":35,"key":"Swift Potion"},{"floor":37,"key":"Explosive Potion"},{"floor":46,"key":"FearPotion"}],"is_trial":false,"path_per_floor":["M","M","M","M","M","R","E","R","T","R","M","M","R","M","R","B",null,"M","?","M","$","M","R","M","R","T","M","E","M","$","E","R","B",null,"M","M","M","?","$","R","E","M","T","?","T","E","?","M","R","B"],"character_chosen":"IRONCLAD","items_purchased":["InkBottle","Block Potion"],"campfire_rested":1,"item_purchase_floors":[21,30],"current_hp_per_floor":[78,78,80,80,80,80,51,51,51,51,54,60,60,66,66,33,68,74,74,74,74,72,72,54,54,54,60,45,57,57,63,63,48,72,68,59,43,43,43,67,26,37,37,49,49,43,43,49,49,0,0],"gold":263,"neow_bonus":"RANDOM_COLORLESS","is_daily":false,"chose_seed":false,"campfire_upgraded":5,"win_rate":0.0,"timestamp":1610987589,"path_taken":["M","M","M","M","M","R","E","R","T","R","M","M","R","M","R","BOSS","M","?","M","$","?","R","M","R","T","?","E","?","$","E","R","BOSS","M","M","?","?","$","R","E","M","T","?","?","E","?","M","R","BOSS"],"items_purchased_type":["Relic","Potion"],"build_version":"2020-12-22","purchased_purges":3,"victory":false,"max_hp_per_floor":[80,80,80,80,80,80,80,80,80,80,80,80,80,80,80,80,80,80,80,80,80,80,80,80,80,80,80,80,80,80,80,80,80,80,80,80,80,80,80,80,80,80,80,80,80,80,80,80,80,80,80],"card_choices":[{"not_picked":["Discovery","Bandage Up"],"picked":"Dramatic Entrance","floor":0},{"not_picked":["Rage","True Grit"],"picked":"Cleave","floor":1},{"not_picked":["Inflame","True Grit"],"picked":"Ghostly Armor","floor":2},{"not_picked":["Twin Strike","True Grit"],"picked":"Headbutt","floor":3},{"not_picked":["Rage","Wild Strike"],"picked":"Cleave","floor":4},{"not_picked":["Clothesline","Body Slam"],"picked":"Rampage","floor":5},{"not_picked":["Pummel","Body Slam"],"picked":"Shockwave","floor":7},{"not_picked":["Heavy Blade","Warcry"],"picked":"True Grit","floor":11},{"not_picked":["Rage","Immolate"],"picked":"Spot Weakness","floor":12},{"not_picked":["Twin Strike","Havoc"],"picked":"Sword Boomerang","floor":14},{"not_picked":["Juggernaut","Limit Break"],"picked":"Offering","floor":16},{"not_picked":["Havoc+1","Burning Pact+1","Searing Blow"],"picked":"SKIP","floor":18},{"not_picked":["Iron Wave","Blood for Blood","Pommel Strike"],"picked":"SKIP","floor":20},{"not_picked":["Clash","Warcry"],"picked":"Armaments+1","floor":22},{"not_picked":["Clash+1","True Grit"],"picked":"Sword Boomerang+1","floor":24},{"not_picked":["Thunderclap","Hemokinesis","Searing Blow"],"picked":"SKIP","floor":27},{"not_picked":["Dark Embrace","Iron Wave"],"picked":"Pummel","floor":28},{"not_picked":["Shockwave","Fire Breathing+1"],"picked":"Headbutt+1","floor":29},{"not_picked":["Cleave","Burning Pact"],"picked":"Infernal Blade+1","floor":31},{"not_picked":["Demon Form","Limit Break"],"picked":"Double Tap","floor":33},{"not_picked":["Havoc","Pommel Strike+1"],"picked":"Flex+1","floor":35},{"not_picked":["Rupture+1","Thunderclap+1"],"picked":"Metallicize+1","floor":36},{"not_picked":["Pommel Strike+1","Burning Pact","Disarm"],"picked":"SKIP","floor":37},{"not_picked":["Brutality","Battle Trance+1","Rampage+1"],"picked":"SKIP","floor":41},{"not_picked":["Armaments+1","Thunderclap+1"],"picked":"Heavy Blade+1","floor":42},{"not_picked":["Havoc","Armaments+1"],"picked":"Bloodletting","floor":46},{"not_picked":["Twin Strike+1","Inflame","Pommel Strike+1"],"picked":"SKIP","floor":48}],"player_experience":292917,"relics_obtained":[{"floor":7,"key":"Girya"},{"floor":9,"key":"Mummified Hand"},{"floor":26,"key":"Happy Flower"},{"floor":28,"key":"Meat on the Bone"},{"floor":31,"key":"Orichalcum"},{"floor":41,"key":"Molten Egg 2"},{"floor":44,"key":"Gambling Chip"},{"floor":45,"key":"Toy Ornithopter"},{"floor":46,"key":"Anchor"}],"event_choices":[{"damage_healed":0,"gold_gain":0,"cards_transformed":["Strike_R"],"player_choice":"Transformed","damage_taken":0,"max_hp_gain":0,"max_hp_loss":0,"event_name":"Transmorgrifier","floor":19,"gold_loss":0,"cards_obtained":["Metallicize"]},{"damage_healed":0,"gold_gain":0,"player_choice":"Ignored","damage_taken":0,"max_hp_gain":0,"max_hp_loss":0,"event_name":"Tomb of Lord Red Mask","floor":38,"gold_loss":0},{"damage_healed":0,"gold_gain":0,"player_choice":"Fight","damage_taken":0,"max_hp_gain":0,"max_hp_loss":0,"event_name":"MindBloom","floor":44,"gold_loss":0},{"damage_healed":0,"gold_gain":0,"player_choice":"Forge","damage_taken":0,"max_hp_gain":0,"max_hp_loss":0,"event_name":"Accursed Blacksmith","floor":47,"gold_loss":0,"cards_upgraded":["Bloodletting"]}],"is_beta":false,"boss_relics":[{"not_picked":["Cursed Key","Calling Bell"],"picked":"Velvet Choker"},{"not_picked":["Runic Dome","Tiny House"],"picked":"Mark of Pain"}],"items_purged_floors":[21,30,39],"is_endless":false,"potions_floor_spawned":[2,4,7,12,16,20,24,27,31,33,35,37,46],"killed_by":"Time Eater","ascension_level":10}}