{"host":"sc0o2qwpf9j16a4i","time":1610975528,"event":{"mods":["AchievementEnabler","BaseMod","BetterRewards","Block Reminder","Colored Map","Colored Powertips","Custom Start","Highlight Path","Minty Spire (QoL Compilation)","Relic Stats"],"gold_per_floor":[116,132,143,143,68,68,98,125,125,204,204,231,241,241,241,332,332,353,303,46,61,76,76,116,116,116,141,179,179,104,137,137,228,228,248,248,248,271,271,271,295,4,4,22,22,61,61,97,97,97,97,97,97,10,48,48],"floor_reached":57,"language":"ENG","playtime":3279,"items_purged":["Strike_P"],"score":3723,"play_id":"72e1ab79-22d4-49ec-94b0-bb86186d18ca","local_time":"20210118151208","is_ascension_mode":true,"campfire_choices":[{"floor":6,"key":"REST"},{"data":"TalkToTheHand","floor":11,"key":"SMITH"},{"floor":15,"key":"REST"},{"data":"TalkToTheHand","floor":23,"key":"SMITH"},{"data":"SashWhip","floor":25,"key":"SMITH"},{"data":"Protect","floor":29,"key":"SMITH"},{"data":"ThirdEye","floor":32,"key":"SMITH"},{"data":"Evaluate","floor":40,"key":"SMITH"},{"floor":45,"key":"RECALL"},{"floor":49,"key":"REST"},{"data":"Consecrate","floor":53,"key":"SMITH"}],"circlet_count":0,"master_deck":["AscendersBane","Defend_P","Defend_P+1","Eruption+1","Vigilance+1","TalkToTheHand+1","Adaptation+1","BowlingBash","Consecrate+1","FollowUp","SashWhip+1","Evaluate+1","Protect+1","Meditate+1","Worship+1","DevaForm+1","Wallop+1","TalkToTheHand+1","Meditate+1","SpiritShield+1","Crescendo+1","Ragnarok+1","Perseverance+1","DevaForm+1","TalkToTheHand+1","ReachHeaven+1","Protect+1","LikeWater+1","Fasting2+1","SandsOfTime+1"],"relics":["PureWater","Pantograph","Matryoshka","TeardropLocket","Pear","Omamori","Torii","Frozen Eye","Frozen Egg 2","Bag of Preparation","Incense Burner","Odd Mushroom","Damaru","Potion Belt","White Beast Statue","Toxic Egg 2","Golden Idol","Calling Bell","Nunchaku","Singing Bowl","TungstenRod","ClockworkSouvenir","Molten Egg 2","Ice Cream","Letter Opener","Blue Candle","Astrolabe","Oddly Smooth Stone","HornCleat","War Paint","Bird Faced Urn","Happy Flower"],"acts_visited":["Exordium","TheCity","TheBeyond","TheEnding"],"potions_floor_usage":[7,16,18,18,22,24,28,28,33,33,35,38,44,46,46,46,50,50,56],"damage_taken":[{"damage":0,"enemies":"Cultist","floor":1,"turns":3},{"damage":0,"enemies":"2 Louse","floor":2,"turns":1},{"damage":1,"enemies":"Jaw Worm","floor":3,"turns":4},{"damage":0,"enemies":"Lagavulin","floor":7,"turns":6},{"damage":1,"enemies":"The Mushroom Lair","floor":8,"turns":3},{"damage":0,"enemies":"Gremlin Nob","floor":12,"turns":4},{"damage":1,"enemies":"Exordium Wildlife","floor":13,"turns":3},{"damage":1,"enemies":"The Guardian","floor":16,"turns":11},{"damage":5,"enemies":"2 Thieves","floor":18,"turns":4},{"damage":0,"enemies":"3 Byrds","floor":21,"turns":5},{"damage":14,"enemies":"Centurion and Healer","floor":22,"turns":9},{"damage":0,"enemies":"Gremlin Leader","floor":24,"turns":7},{"damage":0,"enemies":"Snecko","floor":27,"turns":5},{"damage":0,"enemies":"Slavers","floor":28,"turns":8},{"damage":0,"enemies":"Gremlin Leader","floor":31,"turns":5},{"damage":0,"enemies":"Collector","floor":33,"turns":5},{"damage":6,"enemies":"3 Darklings","floor":35,"turns":4},{"damage":0,"enemies":"Orb Walker","floor":38,"turns":1},{"damage":18,"enemies":"3 Darklings","floor":41,"turns":6},{"damage":0,"enemies":"Spire Growth","floor":44,"turns":5},{"damage":38,"enemies":"Reptomancer","floor":46,"turns":5},{"damage":0,"enemies":"Giant Head","floor":48,"turns":7},{"damage":35,"enemies":"Awakened One","floor":50,"turns":15},{"damage":29,"enemies":"Time Eater","floor":51,"turns":15},{"damage":61,"enemies":"Shield and Spear","floor":55,"turns":9},{"damage":8,"enemies":"The Heart","floor":56,"turns":11}],"seed_played":"5890218803865803879","potions_obtained":[{"floor":2,"key":"BlessingOfTheForge"},{"floor":7,"key":"Energy Potion"},{"floor":12,"key":"BlessingOfTheForge"},{"floor":13,"key":"Block Potion"},{"floor":16,"key":"AttackPotion"},{"floor":18,"key":"SkillPotion"},{"floor":21,"key":"ColorlessPotion"},{"floor":22,"key":"Energy Potion"},{"floor":24,"key":"Dexterity Potion"},{"floor":27,"key":"CultistPotion"},{"floor":28,"key":"Dexterity Potion"},{"floor":31,"key":"CultistPotion"},{"floor":33,"key":"BlessingOfTheForge"},{"floor":35,"key":"LiquidMemories"},{"floor":38,"key":"BottledMiracle"},{"floor":41,"key":"Dexterity Potion"},{"floor":44,"key":"Dexterity Potion"},{"floor":46,"key":"Ancient Potion"},{"floor":48,"key":"PowerPotion"},{"floor":55,"key":"SpeedPotion"}],"is_trial":false,"path_per_floor":["M","M","M","?","$","R","E","?","T","T","R","E","M","?","R","B",null,"M","?","$","M","M","R","E","R","T","M","E","R","?","E","R","B",null,"M","?","?","M","?","R","M","$","T","M","R","E","?","E","R","B","B",null,"R","$","E","B",null],"character_chosen":"WATCHER","items_purchased":["Pantograph","Matryoshka","TeardropLocket","Pear","Omamori","Torii","Frozen Eye","Frozen Egg 2","Bag of Preparation","TalkToTheHand","Adaptation+1","BowlingBash","Consecrate","ClockworkSouvenir","TalkToTheHand","TalkToTheHand+1","ReachHeaven+1","Oddly Smooth Stone","Fasting2+1"],"campfire_rested":3,"item_purchase_floors":[0,0,0,0,0,0,0,0,0,0,0,0,0,20,20,42,42,42,54],"current_hp_per_floor":[29,29,28,21,21,44,44,43,43,43,43,43,42,42,63,70,71,66,66,66,68,56,56,56,56,56,56,58,58,58,58,58,77,77,73,73,73,75,75,75,59,59,59,61,61,23,23,23,48,46,50,76,76,76,23,50],"gold":48,"neow_bonus":"","is_daily":false,"chose_seed":false,"campfire_upgraded":7,"win_rate":0.0,"timestamp":1610975528,"path_taken":["M","M","M","?","$","R","E","?","T","?","R","E","?","?","R","BOSS","M","?","?","?","M","R","E","R","T","M","E","R","?","E","R","BOSS","M","?","?","?","?","R","M","$","T","M","R","E","?","E","R","BOSS","BOSS","R","$","E","BOSS"],"items_purchased_type":["Relic","Relic","Relic","Relic","Relic","Relic","Relic","Relic","Relic","Card","Card","Card","Card","Relic","Card","Card","Card","Relic","Card"],"build_version":"2020-12-22","purchased_purges":1,"victory":true,"max_hp_per_floor":[78,78,78,78,78,78,78,78,78,78,78,78,78,71,71,71,71,71,71,71,73,75,75,75,75,75,75,77,77,77,77,77,77,77,79,79,79,81,81,81,83,83,83,85,85,85,85,85,85,85,85,85,85,85,85,85],"relic_stats":{"Torii":15,"Singing Bowl":14,"Happy Flower":[26],"counters":[99,481],"Golden Idol":172,"Blue Candle":[1],"Astrolabe":["Perseverance","DevaForm","LessonLearned"],"Bag of Preparation":[95],"Letter Opener":[247],"War Paint":["Vigilance","Defend_P"],"Nunchaku":[27],"Pantograph":102,"Bird Faced Urn":[34],"obtain_stats":[{"Ice Cream":26,"Sling":0,"Boot":40,"HornCleat":43,"Strawberry":26,"Philosopher\u0027s Stone":17,"Fusion Hammer":17,"Kunai":4,"Toxic Egg 2":12,"Pear":53,"Happy Flower":29,"Dead Branch":0,"Blue Candle":31,"Astrolabe":34,"Oddly Smooth Stone":42,"Eternal Feather":26,"Pen Nib":11,"Letter Opener":28,"War Paint":46,"Question Card":13,"Akabeko":0,"SlaversCollar":34,"Bird Faced Urn":48,"Snecko Eye":17,"Molten Egg 2":24,"StrikeDummy":10,"Torii":0,"Singing Bowl":17,"Enchiridion":31,"StoneCalendar":37,"Bag of Preparation":8,"Juzu Bracelet":45,"Incense Burner":7,"TeardropLocket":7,"Ancient Tea Set":4,"Smiling Mask":26,"ClockworkSouvenir":20,"Frozen Eye":0,"Nunchaku":55,"Shovel":24,"Matryoshka":0,"Pantograph":0,"InkBottle":49,"Potion Belt":10,"Lee\u0027s Waffle":42,"Golden Idol":3,"Damaru":29,"PreservedInsect":9,"Omamori":0,"Frozen Egg 2":0,"Odd Mushroom":8,"MawBank":25,"White Beast Statue":10,"Mercury Hourglass":9,"Calling Bell":17,"Anchor":4,"Bloody Idol":24,"Coffee Dripper":0,"Bag of Marbles":12,"Art of War":14,"PureWater":0,"TungstenRod":13,"Toy Ornithopter":48},{"Ice Cream":85,"Sling":44,"Boot":65,"HornCleat":92,"Strawberry":55,"Philosopher\u0027s Stone":22,"Fusion Hammer":8,"Kunai":46,"Toxic Egg 2":79,"Pear":71,"Happy Flower":57,"Dead Branch":28,"Blue Candle":88,"Astrolabe":89,"Oddly Smooth Stone":92,"Eternal Feather":40,"Pen Nib":19,"Letter Opener":87,"War Paint":94,"Question Card":35,"Akabeko":44,"SlaversCollar":59,"Bird Faced Urn":95,"Snecko Eye":37,"Molten Egg 2":85,"StrikeDummy":19,"Torii":73,"Singing Bowl":81,"Enchiridion":58,"StoneCalendar":62,"Bag of Preparation":18,"Juzu Bracelet":67,"Incense Burner":77,"TeardropLocket":31,"Ancient Tea Set":17,"Smiling Mask":26,"ClockworkSouvenir":82,"Frozen Eye":73,"Nunchaku":72,"Shovel":55,"Matryoshka":73,"Pantograph":12,"InkBottle":69,"Potion Belt":78,"Lee\u0027s Waffle":66,"Golden Idol":2,"Damaru":42,"PreservedInsect":4,"Omamori":73,"Frozen Egg 2":73,"Odd Mushroom":78,"MawBank":26,"White Beast Statue":78,"Mercury Hourglass":49,"Calling Bell":81,"Anchor":2,"Bloody Idol":40,"Coffee Dripper":0,"Bag of Marbles":6,"Art of War":21,"PureWater":0,"TungstenRod":51,"Toy Ornithopter":69},{"Ice Cream":380,"Sling":199,"Boot":275,"HornCleat":414,"Strawberry":245,"Philosopher\u0027s Stone":108,"Fusion Hammer":34,"Kunai":206,"Toxic Egg 2":341,"Pear":309,"Happy Flower":251,"Dead Branch":131,"Blue Candle":398,"Astrolabe":403,"Oddly Smooth Stone":414,"Eternal Feather":175,"Pen Nib":97,"Letter Opener":393,"War Paint":424,"Question Card":156,"Akabeko":199,"SlaversCollar":260,"Bird Faced Urn":431,"Snecko Eye":164,"Molten Egg 2":380,"StrikeDummy":97,"Torii":320,"Singing Bowl":355,"Enchiridion":254,"StoneCalendar":267,"Bag of Preparation":90,"Juzu Bracelet":284,"Incense Burner":334,"TeardropLocket":138,"Ancient Tea Set":84,"Smiling Mask":122,"ClockworkSouvenir":359,"Frozen Eye":320,"Nunchaku":311,"Shovel":245,"Matryoshka":320,"Pantograph":57,"InkBottle":291,"Potion Belt":337,"Lee\u0027s Waffle":281,"Golden Idol":6,"Damaru":187,"PreservedInsect":14,"Omamori":320,"Frozen Egg 2":320,"Odd Mushroom":337,"MawBank":122,"White Beast Statue":337,"Mercury Hourglass":221,"Calling Bell":355,"Anchor":6,"Bloody Idol":175,"Coffee Dripper":0,"Bag of Marbles":21,"Art of War":101,"PureWater":0,"TungstenRod":228,"Toy Ornithopter":291}],"TungstenRod":93},"card_choices":[{"not_picked":["Perseverance","Evaluate"],"picked":"FollowUp","floor":1},{"not_picked":["CrushJoints","Halt"],"picked":"ThirdEye","floor":2},{"not_picked":["ClearTheMind","Swivel"],"picked":"SashWhip","floor":3},{"not_picked":["Wireheading+1","Pray"],"picked":"Evaluate","floor":7},{"not_picked":["SignatureMove","Pray"],"picked":"Protect","floor":8},{"not_picked":["InnerPeace+1","Judgement+1"],"picked":"Meditate+1","floor":12},{"not_picked":["CutThroughFate","FlurryOfBlows"],"picked":"Worship+1","floor":13},{"not_picked":["Ragnarok","ConjureBlade+1"],"picked":"DevaForm+1","floor":16},{"not_picked":["SignatureMove","Consecrate"],"picked":"Wallop+1","floor":18},{"not_picked":["Consecrate","JustLucky","FollowUp"],"picked":"Singing Bowl","floor":21},{"not_picked":["FollowUp+1","ClearTheMind+1","FlyingSleeves"],"picked":"Singing Bowl","floor":22},{"not_picked":["ThirdEye+1","SashWhip+1"],"picked":"Meditate+1","floor":24},{"not_picked":["EmptyFist+1","PathToVictory+1"],"picked":"SpiritShield+1","floor":27},{"not_picked":["Swivel+1","Adaptation+1","CrushJoints+1"],"picked":"Singing Bowl","floor":28},{"not_picked":["Vengeance+1","Halt+1"],"picked":"Crescendo+1","floor":31},{"not_picked":["Scrawl+1","Judgement+1"],"picked":"Ragnarok+1","floor":33},{"not_picked":["EmptyFist+1","Crescendo+1","InnerPeace+1"],"picked":"Singing Bowl","floor":35},{"not_picked":["CrushJoints+1","ReachHeaven+1","Evaluate+1"],"picked":"Singing Bowl","floor":38},{"not_picked":["FlurryOfBlows+1","ForeignInfluence+1","Nirvana+1"],"picked":"Singing Bowl","floor":41},{"not_picked":["CrushJoints+1","SashWhip+1","Consecrate+1"],"picked":"Singing Bowl","floor":44},{"not_picked":["Crescendo+1","FlyingSleeves+1"],"picked":"Protect+1","floor":46},{"not_picked":["FollowUp+1","SashWhip+1"],"picked":"LikeWater+1","floor":48},{"not_picked":["ThirdEye+1","DeusExMachina+1"],"picked":"SandsOfTime+1","floor":55}],"player_experience":712238,"relics_obtained":[{"floor":7,"key":"Incense Burner"},{"floor":8,"key":"Odd Mushroom"},{"floor":9,"key":"Damaru"},{"floor":10,"key":"Potion Belt"},{"floor":10,"key":"White Beast Statue"},{"floor":12,"key":"Toxic Egg 2"},{"floor":17,"key":"Nunchaku"},{"floor":17,"key":"Singing Bowl"},{"floor":17,"key":"TungstenRod"},{"floor":24,"key":"Molten Egg 2"},{"floor":26,"key":"Ice Cream"},{"floor":28,"key":"Letter Opener"},{"floor":31,"key":"Blue Candle"},{"floor":43,"key":"HornCleat"},{"floor":46,"key":"War Paint"},{"floor":48,"key":"Bird Faced Urn"},{"floor":55,"key":"Happy Flower"}],"event_choices":[{"cards_removed":["Strike_P"],"damage_healed":0,"gold_gain":0,"player_choice":"Card Removal","damage_taken":7,"max_hp_gain":0,"max_hp_loss":0,"event_name":"Golden Wing","floor":4,"gold_loss":0},{"damage_healed":0,"gold_gain":0,"player_choice":"Fought Mushrooms","damage_taken":0,"max_hp_gain":0,"max_hp_loss":0,"event_name":"Mushrooms","floor":8,"gold_loss":0},{"damage_healed":0,"gold_gain":0,"player_choice":"Lose Max HP","damage_taken":0,"relics_obtained":["Golden Idol"],"max_hp_gain":0,"max_hp_loss":7,"event_name":"Golden Idol","floor":14,"gold_loss":0},{"damage_healed":0,"gold_gain":0,"player_choice":"Bet on Murderer","damage_taken":0,"max_hp_gain":0,"max_hp_loss":0,"event_name":"The Joust","floor":19,"gold_loss":50},{"cards_removed":["Strike_P"],"damage_healed":0,"gold_gain":0,"player_choice":"Gave Gold","damage_taken":0,"max_hp_gain":0,"max_hp_loss":0,"event_name":"Beggar","floor":30,"gold_loss":75},{"cards_removed":["ThirdEye"],"damage_healed":0,"gold_gain":0,"player_choice":"Removed Skill","damage_taken":0,"max_hp_gain":0,"max_hp_loss":0,"event_name":"Falling","floor":36,"gold_loss":0},{"cards_removed":["LessonLearned"],"damage_healed":0,"gold_gain":0,"player_choice":"Card Removal","damage_taken":0,"max_hp_gain":0,"max_hp_loss":0,"event_name":"Wheel of Change","floor":37,"gold_loss":0},{"damage_healed":0,"gold_gain":0,"player_choice":"Ignored","damage_taken":0,"max_hp_gain":0,"max_hp_loss":0,"event_name":"Tomb of Lord Red Mask","floor":39,"gold_loss":0},{"damage_healed":0,"gold_gain":0,"player_choice":"Upgraded","damage_taken":0,"max_hp_gain":0,"max_hp_loss":0,"event_name":"Upgrade Shrine","floor":47,"gold_loss":0,"cards_upgraded":["Eruption"]}],"is_beta":false,"boss_relics":[{"not_picked":["Empty Cage","Velvet Choker"],"picked":"Calling Bell"},{"not_picked":["Coffee Dripper","Runic Dome"],"picked":"Astrolabe"}],"items_purged_floors":[5],"is_endless":false,"potions_floor_spawned":[2,7,12,13,16,18,21,22,24,27,28,31,33,35,38,41,44,46,48,55],"ascension_level":20}}