{"host":"7zdktqb5xjtif29d","time":1610928794,"event":{"mods":["AchievementEnabler","BaseMod","Colored Map","Colored Powertips","Dark Map","Highlight Path","Minty Spire (QoL Compilation)","Rare Cards Sparkle","SuperFastMode","Waifu the Spire","everything is the same but u backflip on backflip"],"gold_per_floor":[17,36,46,7,25,59,85,110,134,163,227,243,243,260,260,359,359,314,314,314,314,314,314,314,314,314,314,314,314,314,314,314,314,314,314,314,314,314,314,314,314,314,314,314,9,9,9,9,9,9,9],"floor_reached":50,"language":"ENG","playtime":1816,"items_purged":[],"score":731,"play_id":"800cfbb2-993b-4aec-adbe-76d6501fce6c","local_time":"20210118001314","is_ascension_mode":true,"campfire_choices":[{"floor":13,"key":"REST"},{"data":"Perfected Strike","floor":15,"key":"SMITH"},{"floor":25,"key":"REST"},{"data":"Limit Break","floor":32,"key":"SMITH"},{"floor":41,"key":"REST"},{"data":"Double Tap","floor":46,"key":"SMITH"},{"floor":49,"key":"REST"}],"circlet_count":0,"master_deck":["Strike_R","Strike_R","Strike_R","Strike_R","Strike_R","Defend_R","Defend_R","Defend_R","Bash","Limit Break+1","Clash","Twin Strike","Perfected Strike+1","Inflame","Wild Strike","Flex+1","Pommel Strike","Flex+1","Perfected Strike","Twin Strike","Wild Strike","Inflame+1","Flex","Wild Strike","Double Tap+1","Perfected Strike","Heavy Blade+1","Heavy Blade"],"relics":["Burning Blood","Unceasing Top","Odd Mushroom","Bronze Scales","Orichalcum","Happy Flower","Oddly Smooth Stone","Ectoplasm","Enchiridion","Red Mask","Meat on the Bone","MawBank","Paper Frog","MutagenicStrength","Pear","Philosopher\u0027s Stone","Ancient Tea Set","Lizard Tail","War Paint","Mango","Ice Cream"],"acts_visited":["Exordium","TheCity","TheBeyond"],"potions_floor_usage":[8,8,16,31,33,33,33,40,40,44,50],"damage_taken":[{"damage":6,"enemies":"Cultist","floor":1,"turns":4},{"damage":8,"enemies":"2 Louse","floor":2,"turns":3},{"damage":0,"enemies":"Small Slimes","floor":3,"turns":3},{"damage":8,"enemies":"Blue Slaver","floor":5,"turns":3},{"damage":18,"enemies":"Gremlin Nob","floor":6,"turns":3},{"damage":14,"enemies":"The Mushroom Lair","floor":7,"turns":3},{"damage":40,"enemies":"Lagavulin","floor":8,"turns":5},{"damage":24,"enemies":"3 Sentries","floor":10,"turns":7},{"damage":4,"enemies":"Gremlin Nob","floor":11,"turns":3},{"damage":12,"enemies":"Large Slime","floor":12,"turns":2},{"damage":5,"enemies":"Looter","floor":14,"turns":2},{"damage":43,"enemies":"The Guardian","floor":16,"turns":8},{"damage":21,"enemies":"2 Thieves","floor":18,"turns":3},{"damage":7,"enemies":"Masked Bandits","floor":20,"turns":3},{"damage":0,"enemies":"3 Byrds","floor":21,"turns":2},{"damage":0,"enemies":"Shelled Parasite and Fungi","floor":22,"turns":2},{"damage":4,"enemies":"Book of Stabbing","floor":23,"turns":2},{"damage":20,"enemies":"Centurion and Healer","floor":24,"turns":4},{"damage":2,"enemies":"Cultist and Chosen","floor":27,"turns":3},{"damage":2,"enemies":"Chosen and Byrds","floor":28,"turns":3},{"damage":36,"enemies":"Slavers","floor":29,"turns":5},{"damage":13,"enemies":"Gremlin Leader","floor":31,"turns":2},{"damage":62,"enemies":"Automaton","floor":33,"turns":8},{"damage":26,"enemies":"3 Darklings","floor":35,"turns":3},{"damage":3,"enemies":"Orb Walker","floor":37,"turns":2},{"damage":0,"enemies":"Maw","floor":38,"turns":4},{"damage":16,"enemies":"Jaw Worm Horde","floor":39,"turns":3},{"damage":78,"enemies":"Nemesis","floor":40,"turns":7},{"damage":9,"enemies":"Reptomancer","floor":42,"turns":2},{"damage":76,"enemies":"Nemesis","floor":44,"turns":5},{"damage":28,"enemies":"Sphere and 2 Shapes","floor":48,"turns":3},{"damage":93,"enemies":"Time Eater","floor":50,"turns":6}],"seed_played":"-1754189687425793526","potions_obtained":[{"floor":3,"key":"BloodPotion"},{"floor":5,"key":"Regen Potion"},{"floor":6,"key":"SpeedPotion"},{"floor":14,"key":"Strength Potion"},{"floor":16,"key":"EssenceOfSteel"},{"floor":21,"key":"PowerPotion"},{"floor":31,"key":"Weak Potion"},{"floor":33,"key":"BloodPotion"},{"floor":37,"key":"SpeedPotion"},{"floor":38,"key":"Swift Potion"},{"floor":39,"key":"Fire Potion"},{"floor":40,"key":"DistilledChaos"}],"is_trial":false,"path_per_floor":["M","M","M","$","M","E","?","E","T","E","?","M","R","M","R","B",null,"M","?","?","M","M","E","M","R","T","M","M","E","?","E","R","B",null,"M","?","M","M","M","E","R","E","T","E","$","R","?","M","R","B"],"character_chosen":"IRONCLAD","items_purchased":["Inflame","Ice Cream"],"campfire_rested":4,"item_purchase_floors":[4,45],"current_hp_per_floor":[80,78,80,80,78,66,58,52,52,34,36,30,54,55,55,18,80,65,49,48,54,60,62,48,72,72,76,80,50,50,65,65,21,90,70,70,73,79,69,27,54,63,63,69,69,69,69,59,90,0,0],"gold":9,"neow_bonus":"THREE_RARE_CARDS","is_daily":false,"chose_seed":false,"campfire_upgraded":3,"win_rate":0.0,"timestamp":1610928794,"path_taken":["M","M","M","?","M","E","?","E","T","E","?","M","R","M","R","BOSS","M","?","?","M","M","E","M","R","T","M","M","E","?","E","R","BOSS","M","?","M","M","M","E","R","E","T","E","$","R","?","M","R","BOSS"],"items_purchased_type":["Card","Relic"],"build_version":"2020-12-22","purchased_purges":0,"victory":false,"max_hp_per_floor":[80,80,80,80,80,80,80,80,80,80,80,80,80,80,80,80,80,80,80,80,80,80,80,80,80,80,80,80,80,80,90,90,90,90,90,90,90,90,90,90,90,90,90,104,104,104,104,104,104,104,104],"card_choices":[{"not_picked":["Fiend Fire","Exhume"],"picked":"Limit Break","floor":0},{"not_picked":["Feel No Pain","Shrug It Off"],"picked":"Clash","floor":1},{"not_picked":["Headbutt","Iron Wave"],"picked":"Twin Strike","floor":2},{"not_picked":["Sever Soul","Berserk"],"picked":"Perfected Strike","floor":3},{"not_picked":["Clash","Hemokinesis"],"picked":"Wild Strike","floor":5},{"not_picked":["Power Through","Anger"],"picked":"Flex","floor":6},{"not_picked":["Dual Wield","Body Slam"],"picked":"Pommel Strike","floor":8},{"not_picked":["Spot Weakness","Iron Wave","Pummel"],"picked":"SKIP","floor":10},{"not_picked":["Exhume","Cleave"],"picked":"Flex","floor":11},{"not_picked":["Armaments","Heavy Blade"],"picked":"Perfected Strike","floor":12},{"not_picked":["Entrench","Sword Boomerang"],"picked":"Twin Strike","floor":14},{"not_picked":["Sever Soul","Headbutt"],"picked":"Wild Strike","floor":18},{"not_picked":["Heavy Blade","Metallicize"],"picked":"Inflame+1","floor":20},{"not_picked":["Anger+1","Thunderclap+1","Heavy Blade"],"picked":"SKIP","floor":21},{"not_picked":["Rupture","Rampage","Iron Wave"],"picked":"SKIP","floor":22},{"not_picked":["Whirlwind","Rampage","Armaments"],"picked":"SKIP","floor":23},{"not_picked":["Dropkick","Heavy Blade","Flame Barrier"],"picked":"SKIP","floor":24},{"not_picked":["Bloodletting","Body Slam","Anger+1"],"picked":"SKIP","floor":27},{"not_picked":["Battle Trance","Clash"],"picked":"Flex","floor":28},{"not_picked":["Fiend Fire","Sever Soul"],"picked":"Wild Strike","floor":29},{"not_picked":["Spot Weakness","Flame Barrier","Headbutt"],"picked":"SKIP","floor":31},{"not_picked":["Fiend Fire","Corruption"],"picked":"Double Tap","floor":33},{"not_picked":["Seeing Red","Clash"],"picked":"Perfected Strike","floor":35},{"not_picked":["Feel No Pain","Clash","Shrug It Off"],"picked":"SKIP","floor":37},{"not_picked":["Anger","Shrug It Off","Seeing Red+1"],"picked":"SKIP","floor":38},{"not_picked":["Warcry","Shrug It Off","Seeing Red"],"picked":"SKIP","floor":39},{"not_picked":["Dual Wield","Fiend Fire"],"picked":"Heavy Blade+1","floor":40},{"not_picked":["Shrug It Off+1","Entrench","Clothesline+1"],"picked":"SKIP","floor":42},{"not_picked":["True Grit","Whirlwind","Armaments+1"],"picked":"SKIP","floor":44},{"not_picked":["Clothesline","Second Wind+1"],"picked":"Heavy Blade","floor":48}],"player_experience":239363,"relics_obtained":[{"floor":6,"key":"Unceasing Top"},{"floor":7,"key":"Odd Mushroom"},{"floor":8,"key":"Bronze Scales"},{"floor":9,"key":"Orichalcum"},{"floor":10,"key":"Happy Flower"},{"floor":19,"key":"Enchiridion"},{"floor":20,"key":"Red Mask"},{"floor":23,"key":"Meat on the Bone"},{"floor":26,"key":"MawBank"},{"floor":29,"key":"Paper Frog"},{"floor":31,"key":"Pear"},{"floor":40,"key":"Ancient Tea Set"},{"floor":42,"key":"Lizard Tail"},{"floor":43,"key":"War Paint"},{"floor":44,"key":"Mango"}],"event_choices":[{"damage_healed":0,"gold_gain":0,"player_choice":"Fought Mushrooms","damage_taken":0,"max_hp_gain":0,"max_hp_loss":0,"event_name":"Mushrooms","floor":7,"gold_loss":0},{"damage_healed":0,"gold_gain":0,"player_choice":"Searched \u00272\u0027 times","damage_taken":0,"relics_obtained":["Oddly Smooth Stone"],"max_hp_gain":0,"max_hp_loss":0,"event_name":"Dead Adventurer","floor":11,"gold_loss":0},{"damage_healed":0,"gold_gain":0,"player_choice":"Obtained Book","damage_taken":16,"max_hp_gain":0,"max_hp_loss":0,"event_name":"Cursed Tome","floor":19,"gold_loss":0},{"damage_healed":0,"gold_gain":0,"player_choice":"Fought Bandits","damage_taken":0,"max_hp_gain":0,"max_hp_loss":0,"event_name":"Masked Bandits","floor":20,"gold_loss":0},{"damage_healed":0,"gold_gain":0,"player_choice":"Inject Mutagens","damage_taken":0,"relics_obtained":["MutagenicStrength"],"max_hp_gain":0,"max_hp_loss":0,"event_name":"Drug Dealer","floor":30,"gold_loss":0},{"damage_healed":0,"gold_gain":222,"player_choice":"Wore Mask","damage_taken":0,"max_hp_gain":0,"max_hp_loss":0,"event_name":"Tomb of Lord Red Mask","floor":36,"gold_loss":0},{"cards_removed":["Defend_R"],"damage_healed":0,"gold_gain":0,"player_choice":"Purged","damage_taken":0,"max_hp_gain":0,"max_hp_loss":0,"event_name":"Purifier","floor":47,"gold_loss":0}],"is_beta":false,"boss_relics":[{"not_picked":["Fusion Hammer","Cursed Key"],"picked":"Ectoplasm"},{"not_picked":["SacredBark","Empty Cage"],"picked":"Philosopher\u0027s Stone"}],"items_purged_floors":[],"is_endless":false,"potions_floor_spawned":[3,5,6,14,16,21,23,24,31,33,37,38,39,40],"killed_by":"Time Eater","ascension_level":3}}