{"host":"jvd5k9mqzerszifx","time":1610992506,"event":{"mods":["AchievementEnabler","Act Like it!","BaseMod","Better Note","Better Third Choice","Colored Map","Colored Powertips","Conspire","DeckTracker","Gensokyo","GungeonMod","Hallownest","Hermit","Hubris","Infinite Spire","Jorbs\u0027s Wanderer Trilogy","Koishi","Marisa（F雨　魔理沙）","Minty Spire (QoL Compilation)","MostiFishMod","Relic Stats","Replay The Spire","Reworked Bosses","Spicy Shops","StSLib","The Administrix","The Bug Knight","The Cursed","The Factory","The Hierophant","The Jungle","The Servant 0.9.4","【功能Mod】聪明的最终Boss"],"gold_per_floor":[898,39,1089,1089,128,209,359,440,518,518,629,671,791,146,146,500,500,884,884,992,1055,1055,1154,1154,1154,1154,1154,1235,1307,1376,1439,1508,1508,1526,2219,2219,2276,2276,2276,2276,902,1019,1019,1115,1115,1250,1250,1361,1433,1571,1598,1628,1628,1655,117,240,324],"floor_reached":58,"language":"ZHS","playtime":3081,"items_purged":["TheCursedMod:HellsGateOpen+1"],"score":1948,"play_id":"132800bd-5d26-403e-bab6-cd5c1aa7d0ed","local_time":"20210119015506","is_ascension_mode":true,"campfire_choices":[{"data":"TheCursedMod:Strike_TheCursed","floor":7,"key":"PURGE"},{"data":"TheCursedMod:Strike_TheCursed","floor":7,"key":"PURGE"},{"data":"TheCursedMod:Defend_TheCursed","floor":7,"key":"PURGE"},{"data":"TheCursedMod:Defend_TheCursed","floor":7,"key":"PURGE"},{"data":"TheCursedMod:Defend_TheCursed","floor":7,"key":"PURGE"},{"data":"TheCursedMod:Strike_TheCursed","floor":7,"key":"SMITH"},{"data":"TheCursedMod:Defend_TheCursed","floor":7,"key":"SMITH"},{"data":"TheCursedMod:CursedWand","floor":7,"key":"SMITH"},{"data":"TheCursedMod:CleanUpWorkshop","floor":7,"key":"SMITH"},{"data":"TheCursedMod:SpitefulPlan","floor":7,"key":"SMITH"},{"data":"TheCursedMod:HellsGateOpen","floor":7,"key":"SMITH"},{"data":"TheCursedMod:VitalStrike","floor":7,"key":"SMITH"},{"data":"TheCursedMod:FleshFromBone","floor":7,"key":"SMITH"},{"floor":7,"key":"RECALL"},{"data":"TheCursedMod:Strike_TheCursed+1","floor":10,"key":"PURGE"},{"data":"TheCursedMod:Defend_TheCursed+1","floor":10,"key":"PURGE"},{"data":"TheCursedMod:SmokeScreen","floor":10,"key":"SMITH"},{"floor":10,"key":"REST"},{"data":"TheCursedMod:CursedBlade","floor":15,"key":"SMITH"},{"data":"TheCursedMod:CircleOfFlame","floor":15,"key":"SMITH"},{"data":"TheCursedMod:CursedSpellbook","floor":15,"key":"SMITH"},{"data":"TheCursedMod:HellsGateOpen","floor":15,"key":"SMITH"},{"floor":15,"key":"REST"},{"data":"TheCursedMod:AntiAging","floor":25,"key":"SMITH"},{"data":"MostiFishMod:FrostNova","floor":25,"key":"SMITH"},{"data":"TheCursedMod:BlessingInDisguise","floor":25,"key":"SMITH"},{"data":"hubris:Fate","floor":25,"key":"SMITH"},{"data":"TheCursedMod:CursedShiv","floor":25,"key":"SMITH"},{"data":"TheCursedMod:CircleOfCorruption","floor":25,"key":"SMITH"},{"floor":25,"key":"REST"},{"floor":27,"key":"REST"},{"data":"TheCursedMod:CollectTribute","floor":33,"key":"SMITH"},{"floor":33,"key":"REST"},{"data":"TheCursedMod:VoidForm","floor":43,"key":"SMITH"},{"data":"TheCursedMod:CursedAmulet","floor":43,"key":"SMITH"},{"floor":43,"key":"REST"},{"data":"PowerUp","floor":51,"key":"SMITH"},{"floor":51,"key":"REST"},{"data":"Replay:Undeath\u0027s Touch","floor":54,"key":"SMITH"},{"floor":54,"key":"REST"}],"circlet_count":0,"master_deck":["TheCursedMod:CursedWand+1","TheCursedMod:CleanUpWorkshop+1","TheCursedMod:Dregs","TheCursedMod:SpitefulPlan+1","TheCursedMod:HellsGateOpen+1","TheCursedMod:FleshFromBone+1","TheCursedMod:SmokeScreen+1","TheCursedMod:CursedBlade+1","TheCursedMod:CircleOfFlame+1","TheCursedMod:CursedSpellbook+1","TheCursedMod:AntiAging+1","MostiFishMod:FrostNova+1","TheCursedMod:BlessingInDisguise+1","hubris:Fate+1","TheCursedMod:CursedShiv+1","TheCursedMod:CircleOfCorruption+1","TheCursedMod:CircleOfFlame+1","stsjorbsmod:PollutedStrike","TheCursedMod:CollectTribute+1","TheCursedMod:LuckyCharm+1","TheCursedMod:StingEye+1","TheCursedMod:VoidForm+1","TheCursedMod:CircleOfFlame+1","TheCursedMod:CursedAmulet+1","DemoMod:AbyssalTentacle+1","PowerUp+1","Replay:Undeath\u0027s Touch+1","TheCursedMod:Torture+1","Finesse","MostiFishMod:KingOfFree","TheCursedMod:Stigma","Bandage Up"],"relics":["TheCursedMod:BlackMagic101","Peace Pipe","Ginger","Turnip","Unceasing Top","Omamori","Ice Cream","The Courier","Medical Kit","WingedGreaves","HandDrill","Frozen Eye","Blue Candle","Civilization","DaveBox","BirthdayGift-Tetrahedron","SynthV:TestCard","DemoMod:MonsterBlood","conspire:TopHat","hubris:TenFootPole","conspire:Flyswatter","TheCursedMod:BloodyHarpoon","Ring of Greed","Old Coin","Smiling Mask","White Beast Statue","Dodecahedron","Pen Nib","hubris:MobiusCoin","DemoMod:WeirdEgg","Ancient Tea Set","DemoMod:LamentConfigurum","hubris:Reverence","Replay:Bandana","Strawberry","hubris:BottledRain","hubris:HerbalPaste","Membership Card","hubris:Potato","infinitespire:Lucky Rock","Replay:Baseball","Mummified Hand","infinitespire:Satchel","FrostBlade","hubris:ToyBattleship","Orichalcum","Replay:Towering Pillar of Hats","theJungle:SpiritDisease","DemoMod:ResourcefulSack","DemoMod:PartiallyEatenCheese","Coffee Dripper","Hallownest:HeavyBlowRelic","PrismaticShard","PreservedInsect","ReplayTheSpireMod:Ninjato","Dream Catcher","hubris:SlimyHat","Toy Ornithopter","Singing Bowl","HornCleat","Eternal Feather","DemoMod:PoisonVial","infinitespire:EmpoweringShard","hubris:64BitClover","DemoMod:BlueGuonStone","infinitespire:CheckeredPen","CeramicFish","Nunchaku","infinitespire:ShieldingShard","Bottled Lightning","infinitespire:PuzzleCube","Replay:Multitool","InkBottle","DemoMod:GlassGuonStoneRelic","MealTicket","Lantern","SentryEyes","OrangePellets","infinitespire:Bottled Soul","DemoMod:PinkGuonStone","Sling","Mercury Hourglass","conspire:Dentures","DemoMod:WhiteGuonStone","infinitespire:Beetle Shell","hubris:FunFungus","Oddly Smooth Stone","Boot","Pet Ghost","Bottled Tornado","DemoMod:Orange","HollowMod:StagPassRelic","SynthV:C4","DemoMod:ClearGuonStone"],"acts_visited":["Exordium","Exordium","theJungle:Jungle","Hallownest:KingdomsEdge","TheEnding"],"potions_floor_usage":[],"damage_taken":[{"damage":11,"enemies":"conspire:RoseBush","floor":1,"turns":2},{"damage":6,"enemies":"Lagavulin","floor":6,"turns":4},{"damage":2,"enemies":"Gremlin Nob","floor":8,"turns":2},{"damage":2,"enemies":"Replay:BlueRogue","floor":11,"turns":2},{"damage":2,"enemies":"2 Louse","floor":12,"turns":2},{"damage":2,"enemies":"Gremlin Nob","floor":13,"turns":2},{"damage":8,"enemies":"Fading Forest","floor":16,"turns":7},{"damage":1,"enemies":"theJungle:GiantWrat","floor":18,"turns":2},{"damage":1,"enemies":"conspire:MimicChest","floor":20,"turns":2},{"damage":0,"enemies":"theJungle:MUSHROOMGANG","floor":21,"turns":1},{"damage":1,"enemies":"theJungle:MamaSnecko","floor":23,"turns":2},{"damage":0,"enemies":"DemoMod:4_Bullet_Kins_with_one_veteran","floor":28,"turns":1},{"damage":2,"enemies":"DemoMod:Veteran_shot_gun_kin_and_red_shotgun_kin","floor":29,"turns":2},{"damage":0,"enemies":"DemoMod:Veteran_shot_gun_kin_and_red_shotgun_kin_with_gunsinger","floor":30,"turns":1},{"damage":23,"enemies":"DemoMod:Red_and_blue_shotgun_kin_with_gunsinger","floor":31,"turns":2},{"damage":9,"enemies":"DemoMod:Veteran_shot_gun_kin_and_blue_shotgun_kin","floor":32,"turns":2},{"damage":6,"enemies":"DemoMod:ResourcefulRat","floor":35,"turns":6},{"damage":0,"enemies":"Hallownest:3_Siblings","floor":37,"turns":1},{"damage":0,"enemies":"Hallownest:eliteCollector","floor":42,"turns":2},{"damage":0,"enemies":"Hallownest:eliteHiveKnight","floor":44,"turns":2},{"damage":0,"enemies":"Hallownest:StalkingDevout","floor":46,"turns":1},{"damage":0,"enemies":"Hallownest:eliteHiveKnight","floor":48,"turns":2},{"damage":0,"enemies":"Hallownest:Shield_Heavy","floor":49,"turns":1},{"damage":0,"enemies":"Nightmare","floor":50,"turns":1},{"damage":0,"enemies":"Hallownest:Radiance","floor":52,"turns":1},{"damage":0,"enemies":"Shield and Spear","floor":56,"turns":1},{"damage":0,"enemies":"The Heart","floor":57,"turns":3}],"seed_played":"-6885800248778722576","potions_obtained":[{"floor":1,"key":"PowerPotion"},{"floor":6,"key":"PowerPotion"},{"floor":8,"key":"SteroidPotion"}],"is_trial":false,"path_per_floor":["M","$","?","?","$","E","R","E","T","R","E","M","E","$","R","B",null,"M","AVR","?","M","?","E","?","R","T","R","M","M","M","M","M","R","B","B",null,"M","?","?","AVR","$","E","R","E","T","E","R","E","M","NM","R","B",null,"R","$","E","B",null],"character_chosen":"THE_CURSED","items_purchased":["DemoMod:MonsterBlood","conspire:TopHat","DemoMod:GnawedKey","hubris:TenFootPole","conspire:Flyswatter","TheCursedMod:BloodyHarpoon","White Beast Statue","TheCursedMod:HellsGateOpen","Dodecahedron","TheCursedMod:VitalStrike","Pen Nib","hubris:MobiusCoin","DemoMod:WeirdEgg","Ancient Tea Set","hubris:HerbalPaste","Membership Card","hubris:Potato","infinitespire:Lucky Rock","Replay:Baseball","Mummified Hand","infinitespire:Satchel","PreservedInsect","ReplayTheSpireMod:Ninjato","Dream Catcher","hubris:SlimyHat","Toy Ornithopter","Singing Bowl","HornCleat","Eternal Feather","DemoMod:PoisonVial","infinitespire:EmpoweringShard","hubris:64BitClover","DemoMod:BlueGuonStone","infinitespire:CheckeredPen","CeramicFish","Nunchaku","infinitespire:ShieldingShard","Bottled Lightning","SentryEyes","OrangePellets","infinitespire:Bottled Soul","DemoMod:PinkGuonStone","Sling","Mercury Hourglass","conspire:Dentures","DemoMod:WhiteGuonStone","infinitespire:Beetle Shell","hubris:FunFungus","Oddly Smooth Stone","Finesse","MostiFishMod:KingOfFree","Boot","Pet Ghost","Bottled Tornado","DemoMod:Orange","HollowMod:StagPassRelic","SynthV:C4","TheCursedMod:Stigma","DemoMod:LeadSkinPotion"],"campfire_rested":8,"item_purchase_floors":[2,2,2,2,2,2,5,5,5,5,5,5,5,5,14,14,14,14,14,14,14,41,41,41,41,41,41,41,41,41,41,41,41,41,41,41,41,41,55,55,55,55,55,55,55,55,55,55,55,55,55,55,55,55,55,55,55,55,55],"current_hp_per_floor":[65,72,72,72,72,67,67,66,66,85,91,90,89,89,95,90,96,98,98,101,102,103,105,105,106,106,106,107,106,107,87,82,111,114,115,119,120,120,120,120,120,126,128,131,131,135,137,140,143,147,147,148,148,148,167,168,172],"gold":324,"neow_bonus":"TWO_FIFTY_GOLD","is_daily":false,"chose_seed":false,"campfire_upgraded":24,"win_rate":0.0,"timestamp":1610992506,"path_taken":["M","$","?","?","?","E","R","E","T","R","E","?","E","$","R","BOSS","M","AVR","?","?","?","E","?","R","T","R","M","M","M","M","M","R","BOSS","BOSS","M","?","?","AVR","$","E","R","E","T","E","R","E","?","NM","R","BOSS","R","$","E","BOSS"],"items_purchased_type":["Relic","Relic","Relic","Relic","Relic","Relic","Relic","Card","Relic","Card","Relic","Relic","Relic","Relic","Relic","Relic","Relic","Relic","Relic","Relic","Relic","Relic","Relic","Relic","Relic","Relic","Relic","Relic","Relic","Relic","Relic","Relic","Relic","Relic","Relic","Relic","Relic","Relic","Relic","Relic","Relic","Relic","Relic","Relic","Relic","Relic","Relic","Relic","Relic","Card","Card","Relic","Relic","Relic","Relic","Relic","Relic","Card","Undefined"],"build_version":"2020-12-22","purchased_purges":1,"victory":true,"max_hp_per_floor":[76,83,83,83,83,84,84,85,85,85,93,94,95,95,95,96,96,99,99,102,103,103,106,106,106,106,106,107,108,109,110,111,111,115,119,119,120,120,120,120,120,126,128,131,131,135,137,140,143,147,147,148,148,148,167,168,172],"relic_stats":{"Singing Bowl":12,"CeramicFish":216,"Ginger":[5],"Smiling Mask":-20,"Boot":[0],"Dream Catcher":4,"Nunchaku":[2],"Mummified Hand":[69],"MealTicket":0,"HandDrill":[22],"InkBottle":[7],"counters":[28,59],"Blue Candle":[7],"Eternal Feather":0,"Pen Nib":[9],"PreservedInsect":386,"Orichalcum":[36],"Medical Kit":[8],"Mercury Hourglass":[15],"Peace Pipe":8,"OrangePellets":[0],"Turnip":[2],"obtain_stats":[{"Ice Cream":0,"DemoMod:BlueGuonStone":41,"DemoMod:PoisonVial":41,"CeramicFish":41,"DemoMod:GlassGuonStoneRelic":1,"Ginger":0,"Hallownest:HeavyBlowRelic":38,"Bottled Tornado":55,"Sling":55,"Boot":55,"HollowMod:StagPassRelic":55,"Old Coin":3,"hubris:HerbalPaste":14,"HornCleat":41,"infinitespire:ShieldingShard":41,"DemoMod:MonsterBlood":2,"Strawberry":11,"DemoMod:LamentConfigurum":6,"MealTicket":48,"HandDrill":0,"DemoMod:ClearGuonStone":56,"conspire:Dentures":55,"TheCursedMod:BlackMagic101":0,"hubris:MobiusCoin":5,"Dodecahedron":5,"DemoMod:Orange":55,"Blue Candle":0,"Oddly Smooth Stone":55,"Eternal Feather":41,"Pen Nib":5,"infinitespire:Beetle Shell":55,"FrostBlade":17,"OrangePellets":55,"Replay:Baseball":14,"SentryEyes":55,"hubris:TenFootPole":2,"hubris:ToyBattleship":19,"infinitespire:EmpoweringShard":41,"DemoMod:ResourcefulSack":36,"Unceasing Top":0,"infinitespire:PuzzleCube":42,"conspire:Flyswatter":2,"hubris:Reverence":8,"TheCursedMod:BloodyHarpoon":2,"Lantern":50,"DaveBox":0,"Singing Bowl":41,"hubris:SlimyHat":41,"Replay:Multitool":44,"DemoMod:WhiteGuonStone":55,"Smiling Mask":3,"Ancient Tea Set":5,"PrismaticShard":40,"conspire:TopHat":2,"Pet Ghost":55,"SynthV:C4":55,"Frozen Eye":0,"Civilization":0,"Replay:Bandana":9,"Dream Catcher":41,"Nunchaku":41,"Mummified Hand":14,"infinitespire:Bottled Soul":55,"WingedGreaves":0,"hubris:FunFungus":55,"DemoMod:GnawedKey":2,"BirthdayGift-Tetrahedron":0,"InkBottle":46,"ReplayTheSpireMod:Ninjato":41,"Replay:Towering Pillar of Hats":23,"hubris:64BitClover":41,"DemoMod:WeirdEgg":5,"DemoMod:PartiallyEatenCheese":36,"The Courier":0,"PreservedInsect":41,"DemoMod:PinkGuonStone":55,"Omamori":0,"theJungle:SpiritDisease":24,"Ring of Greed":3,"infinitespire:Lucky Rock":14,"infinitespire:CheckeredPen":41,"Orichalcum":20,"Medical Kit":0,"White Beast Statue":5,"Mercury Hourglass":55,"Peace Pipe":0,"SynthV:TestCard":1,"infinitespire:Satchel":14,"Turnip":0,"Coffee Dripper":36,"Membership Card":14,"Bottled Lightning":41,"hubris:Potato":14,"Toy Ornithopter":41,"hubris:BottledRain":13},{"Ice Cream":0,"DemoMod:BlueGuonStone":19,"DemoMod:PoisonVial":19,"CeramicFish":19,"DemoMod:GlassGuonStoneRelic":1,"Ginger":0,"Hallownest:HeavyBlowRelic":19,"Bottled Tornado":26,"Sling":26,"Boot":26,"HollowMod:StagPassRelic":26,"Old Coin":1,"hubris:HerbalPaste":6,"HornCleat":19,"infinitespire:ShieldingShard":19,"DemoMod:MonsterBlood":1,"Strawberry":4,"DemoMod:LamentConfigurum":2,"MealTicket":23,"HandDrill":0,"DemoMod:ClearGuonStone":27,"conspire:Dentures":26,"TheCursedMod:BlackMagic101":0,"hubris:MobiusCoin":1,"Dodecahedron":1,"DemoMod:Orange":26,"Blue Candle":0,"Oddly Smooth Stone":26,"Eternal Feather":19,"Pen Nib":1,"infinitespire:Beetle Shell":26,"FrostBlade":7,"OrangePellets":26,"Replay:Baseball":6,"SentryEyes":26,"hubris:TenFootPole":1,"hubris:ToyBattleship":8,"infinitespire:EmpoweringShard":19,"DemoMod:ResourcefulSack":18,"Unceasing Top":0,"infinitespire:PuzzleCube":20,"conspire:Flyswatter":1,"hubris:Reverence":3,"TheCursedMod:BloodyHarpoon":1,"Lantern":25,"DaveBox":0,"Singing Bowl":19,"hubris:SlimyHat":19,"Replay:Multitool":21,"DemoMod:WhiteGuonStone":26,"Smiling Mask":1,"Ancient Tea Set":1,"PrismaticShard":19,"conspire:TopHat":1,"Pet Ghost":26,"SynthV:C4":26,"Frozen Eye":0,"Civilization":0,"Replay:Bandana":3,"Dream Catcher":19,"Nunchaku":19,"Mummified Hand":6,"infinitespire:Bottled Soul":26,"WingedGreaves":0,"hubris:FunFungus":26,"DemoMod:GnawedKey":1,"BirthdayGift-Tetrahedron":0,"InkBottle":22,"ReplayTheSpireMod:Ninjato":19,"Replay:Towering Pillar of Hats":11,"hubris:64BitClover":19,"DemoMod:WeirdEgg":1,"DemoMod:PartiallyEatenCheese":18,"The Courier":0,"PreservedInsect":19,"DemoMod:PinkGuonStone":26,"Omamori":0,"theJungle:SpiritDisease":11,"Ring of Greed":1,"infinitespire:Lucky Rock":6,"infinitespire:CheckeredPen":19,"Orichalcum":9,"Medical Kit":0,"White Beast Statue":1,"Mercury Hourglass":26,"Peace Pipe":0,"SynthV:TestCard":1,"infinitespire:Satchel":6,"Turnip":0,"Coffee Dripper":18,"Membership Card":6,"Bottled Lightning":19,"hubris:Potato":6,"Toy Ornithopter":19,"hubris:BottledRain":6},{"Ice Cream":0,"DemoMod:BlueGuonStone":45,"DemoMod:PoisonVial":45,"CeramicFish":45,"DemoMod:GlassGuonStoneRelic":2,"Ginger":0,"Hallownest:HeavyBlowRelic":45,"Bottled Tornado":55,"Sling":55,"Boot":55,"HollowMod:StagPassRelic":55,"Old Coin":2,"hubris:HerbalPaste":14,"HornCleat":45,"infinitespire:ShieldingShard":45,"DemoMod:MonsterBlood":2,"Strawberry":10,"DemoMod:LamentConfigurum":6,"MealTicket":52,"HandDrill":0,"DemoMod:ClearGuonStone":56,"conspire:Dentures":55,"TheCursedMod:BlackMagic101":0,"hubris:MobiusCoin":2,"Dodecahedron":2,"DemoMod:Orange":55,"Blue Candle":0,"Oddly Smooth Stone":55,"Eternal Feather":45,"Pen Nib":2,"infinitespire:Beetle Shell":55,"FrostBlade":21,"OrangePellets":55,"Replay:Baseball":14,"SentryEyes":55,"hubris:TenFootPole":2,"hubris:ToyBattleship":23,"infinitespire:EmpoweringShard":45,"DemoMod:ResourcefulSack":44,"Unceasing Top":0,"infinitespire:PuzzleCube":47,"conspire:Flyswatter":2,"hubris:Reverence":8,"TheCursedMod:BloodyHarpoon":2,"Lantern":54,"DaveBox":0,"Singing Bowl":45,"hubris:SlimyHat":45,"Replay:Multitool":49,"DemoMod:WhiteGuonStone":55,"Smiling Mask":2,"Ancient Tea Set":2,"PrismaticShard":45,"conspire:TopHat":2,"Pet Ghost":55,"SynthV:C4":55,"Frozen Eye":0,"Civilization":0,"Replay:Bandana":8,"Dream Catcher":45,"Nunchaku":45,"Mummified Hand":14,"infinitespire:Bottled Soul":55,"WingedGreaves":0,"hubris:FunFungus":55,"DemoMod:GnawedKey":2,"BirthdayGift-Tetrahedron":0,"InkBottle":50,"ReplayTheSpireMod:Ninjato":45,"Replay:Towering Pillar of Hats":28,"hubris:64BitClover":45,"DemoMod:WeirdEgg":2,"DemoMod:PartiallyEatenCheese":44,"The Courier":0,"PreservedInsect":45,"DemoMod:PinkGuonStone":55,"Omamori":0,"theJungle:SpiritDisease":28,"Ring of Greed":2,"infinitespire:Lucky Rock":14,"infinitespire:CheckeredPen":45,"Orichalcum":25,"Medical Kit":0,"White Beast Statue":2,"Mercury Hourglass":55,"Peace Pipe":0,"SynthV:TestCard":2,"infinitespire:Satchel":14,"Turnip":0,"Coffee Dripper":44,"Membership Card":14,"Bottled Lightning":45,"hubris:Potato":14,"Toy Ornithopter":45,"hubris:BottledRain":14}],"Unceasing Top":[5],"Toy Ornithopter":0},"card_choices":[{"not_picked":["TheCursedMod:Torture","TheCursedMod:ReleasedKnowledge"],"picked":"TheCursedMod:SpitefulPlan","floor":1},{"not_picked":["TheCursedMod:RavingStaff","TheCursedMod:SpreadPlague","TheCursedMod:RapidMovement","TheCursedMod:TacticalStrike"],"picked":"TheCursedMod:FleshFromBone","floor":6},{"not_picked":["TheCursedMod:TroublousMinions","TheCursedMod:RavingStaff","TheCursedMod:TacticalStrike","TheCursedMod:Mangle"],"picked":"TheCursedMod:SmokeScreen","floor":8},{"not_picked":["TheCursedMod:SurpriseAttack","TheCursedMod:DemonSword","TheCursedMod:Wield","TheCursedMod:Stretching"],"picked":"TheCursedMod:CursedBlade","floor":11},{"not_picked":["TheCursedMod:SmokeScreen","TheCursedMod:CursedMace","TheCursedMod:StunningStrike","TheCursedMod:Obscuration"],"picked":"TheCursedMod:CircleOfFlame","floor":12},{"not_picked":["TheCursedMod:BloodBarrier","TheCursedMod:Stretching","TheCursedMod:CursedBlade","TheCursedMod:DoubleShield"],"picked":"TheCursedMod:CursedSpellbook","floor":13},{"not_picked":["TheCursedMod:ForbiddenAlchemy","TheCursedMod:StunningStrike","TheCursedMod:ParallelWorld","TheCursedMod:CircleOfAbyss"],"picked":"TheCursedMod:AntiAging","floor":16},{"not_picked":["TheCursedMod:ReleasedStrength+1","TheCursedMod:CursedShiv","TheCursedMod:RavingStaff+1","TheCursedMod:RapidMovement+1"],"picked":"TheCursedMod:BlessingInDisguise","floor":18},{"not_picked":["TheCursedMod:FuryStrike","TheCursedMod:AshesToAshes","TheCursedMod:CursedMace","TheCursedMod:WearCloak"],"picked":"TheCursedMod:Obscuration+1","floor":20},{"not_picked":["TheCursedMod:SpitefulStrike","TheCursedMod:VitalStrike","TheCursedMod:Grudge","TheCursedMod:RavingStaff"],"picked":"TheCursedMod:CursedShiv","floor":21},{"not_picked":["TheCursedMod:CircleOfBlood","TheCursedMod:SpitefulPlan","TheCursedMod:OutForBlood","TheCursedMod:HellsGateOpen"],"picked":"TheCursedMod:CircleOfCorruption","floor":23},{"not_picked":["TheCursedMod:CursedBoomerang","TheCursedMod:Stigma+1","TheCursedMod:CursedBlade","TheCursedMod:CircleOfWindfury+1"],"picked":"TheCursedMod:CircleOfFlame+1","floor":28},{"not_picked":["TheCursedMod:CursedArmor","TheCursedMod:SmokeScreen","TheCursedMod:DoubleShield+1","TheCursedMod:Stigma+1"],"picked":"TheCursedMod:CollectTribute","floor":29},{"not_picked":["TheCursedMod:SpitefulPlan+1","TheCursedMod:SurpriseAttack+1","TheCursedMod:Evocation","TheCursedMod:SmokeScreen+1"],"picked":"TheCursedMod:LuckyCharm+1","floor":30},{"not_picked":["TheCursedMod:FuryStrike","TheCursedMod:SpitefulPray","TheCursedMod:VitalStrike","TheCursedMod:AshesToAshes+1","TheCursedMod:RavingStaff"],"picked":"SKIP","floor":31},{"not_picked":["TheCursedMod:Obscuration","TheCursedMod:SaltUponWound","TheCursedMod:CursedMace+1","TheCursedMod:CursedAmulet+1"],"picked":"TheCursedMod:StingEye+1","floor":32},{"not_picked":["TheCursedMod:ForbiddenAlchemy","TheCursedMod:ParallelWorld","TheCursedMod:CursedRelics","TheCursedMod:CircleOfAbyss"],"picked":"TheCursedMod:VoidForm","floor":35},{"not_picked":["TheCursedMod:Wield","TheCursedMod:WearCloak+1","TheCursedMod:CursedBoomerang+1","TheCursedMod:SmokeScreen+1"],"picked":"TheCursedMod:CircleOfFlame+1","floor":36},{"not_picked":["TheCursedMod:ReleasedStrength+1","TheCursedMod:SurpriseAttack+1","TheCursedMod:TroublousMinions+1","TheCursedMod:RapidMovement"],"picked":"TheCursedMod:CursedAmulet","floor":37},{"not_picked":["Pommel Strike","hermit:Coalescence+1","Sword Boomerang+1","Backstab+1","HollowMod:VoidDash"],"picked":"Singing Bowl","floor":42},{"not_picked":["Deadly Poison+1","HollowMod:SoulSplash","stsjorbsmod:Poultergeist+1","hermit:ItchyTrigger+1","HollowMod:HuntersJournal+1"],"picked":"Singing Bowl","floor":43},{"not_picked":["TheCursedMod:BloodBarrier+1","hermit:Shortfuse+1","TheCursedMod:StingEye","Koishi:UnseenTerror","stsjorbsmod:Ritual"],"picked":"Singing Bowl","floor":44},{"not_picked":["Defy","DemoMod:BlackHoleGun","MostiFishMod:Confrontation","AdministrixMod:PassageOfAges"],"picked":"DemoMod:AbyssalTentacle+1","floor":46},{"not_picked":["Anger+1","hierophant:Remorse","HollowMod:DesolateDive","HollowMod:CornifersMapStart+1","6A+1"],"picked":"Singing Bowl","floor":47},{"not_picked":["hierophant:Chorus","Protect","Feed","CrushJoints+1","MostiFishMod:Awakening"],"picked":"Singing Bowl","floor":48},{"not_picked":["stsjorbsmod:RayOfFrost+1","Koishi:HeartAttack","OrrerysSun","Dagger Throw+1","Replay:Sssssssssstrike+1"],"picked":"Singing Bowl","floor":49},{"not_picked":["AdministrixMod:ImmortalGrace","Koishi:DreadfulBlow+1","TheCursedMod:StunningStrike","AdministrixMod:QuietConspiracy+1"],"picked":"PowerUp","floor":50},{"not_picked":["AsteroidBelt+1","stsjorbsmod:GrimDirge+1","HollowMod:BrokenVessel","Genetic Algorithm"],"picked":"Replay:Undeath\u0027s Touch","floor":51},{"not_picked":["TheCursedMod:SaltUponWound","GrandCross","DemoMod:TableSutra+1","Sweeping Beam+1"],"picked":"TheCursedMod:Torture+1","floor":54},{"not_picked":["stsjorbsmod:AnimateObjects","TalkToTheHand+1","DemoMod:Camera","AdministrixMod:SyncreticSurge"],"picked":"Bandage Up","floor":56}],"player_experience":292568,"relics_obtained":[{"floor":1,"key":"SynthV:TestCard"},{"floor":3,"key":"Ring of Greed"},{"floor":3,"key":"Old Coin"},{"floor":3,"key":"Smiling Mask"},{"floor":6,"key":"DemoMod:LamentConfigurum"},{"floor":8,"key":"hubris:Reverence"},{"floor":9,"key":"Replay:Bandana"},{"floor":11,"key":"Strawberry"},{"floor":13,"key":"hubris:BottledRain"},{"floor":20,"key":"Orichalcum"},{"floor":23,"key":"Replay:Towering Pillar of Hats"},{"floor":36,"key":"DemoMod:ResourcefulSack"},{"floor":36,"key":"DemoMod:PartiallyEatenCheese"},{"floor":36,"key":"Coffee Dripper"},{"floor":42,"key":"infinitespire:PuzzleCube"},{"floor":44,"key":"Replay:Multitool"},{"floor":46,"key":"InkBottle"},{"floor":48,"key":"MealTicket"},{"floor":50,"key":"Lantern"},{"floor":56,"key":"DemoMod:ClearGuonStone"}],"event_choices":[{"cards_removed":["TheCursedMod:Strike_TheCursed"],"damage_healed":0,"gold_gain":0,"player_choice":"Forget","damage_taken":0,"max_hp_gain":0,"max_hp_loss":0,"event_name":"Living Wall","floor":4,"gold_loss":0},{"damage_healed":0,"gold_gain":0,"player_choice":"Leave","damage_taken":0,"max_hp_gain":0,"max_hp_loss":0,"event_name":"conspire:Investor","floor":39,"gold_loss":0}],"is_beta":false,"boss_relics":[{"not_picked":["Transparent","hubris:ScarierMask"],"picked":"FrostBlade"},{"not_picked":[]}],"items_purged_floors":[55],"is_endless":false,"potions_floor_spawned":[1,6,8,11,12,13,16,18,20,21,23,28,29,30,31,32,35,37,42,44,46,48,49,50,56],"ascension_level":3}}