{"host":"kzg3uglj8yekbxlz","time":1610952851,"event":{"mods":["Act Like it!","Alarm Clock","BaseMod","Better Synergies","Better Vampires","CapriCore","Curses Come First","Displayed Cursed Tome","Downfall","Evolution","FoggyMod","Gensokyo","Hallownest","Highlight Path","HumanHunterMod(怪物杀人mod)","KinomotoSakuraMod(木之本樱)","Koishi","Lobotomy","LobotomyExtend","Marisa（F雨　魔理沙）","Minty Spire (QoL Compilation)","Poem Panic","Poor People Problems","Prisma Mod","Shop Mod","StSLib","The Administrix","The Alterego","The Bug Knight","The Hierophant","The Immortal","TheWitcher","WarShipGirlsR/战舰少女R mod","Yuri Mod","残留之物"],"gold_per_floor":[99,99,99,79,89,89,89,14,0,0,20,5,5,34,51,155,155,55,10,10,10,30,30,30,30,53,38,53,53,53,154,165,261,261,161,11,11,11,11,27,27,27,39,139,139,39,26,26,39,39,39,39,69,21,21,21,21],"floor_reached":58,"language":"ZHS","playtime":9937,"items_purged":["SnafuTest:CurseBurningStake","Pride"],"score":1387,"play_id":"0ad6380a-a74f-4406-b03d-1cec109631c5","local_time":"20210118145411","is_ascension_mode":true,"campfire_choices":[{"data":"HollowMod:FocusHealStart","floor":1.0,"key":"SMITH"},{"data":"HollowMod:DungDefenderAura","floor":6.0,"key":"SMITH"},{"data":"HollowMod:NewLastStag","floor":13.0,"key":"SMITH"},{"data":"HollowMod:AwokenDreamNail","floor":18.0,"key":"SMITH"},{"data":"HollowMod:SiblingsSouls","floor":30.0,"key":"SMITH"},{"floor":35,"key":"RECALL"},{"data":"HollowMod:ZotesMagnificence","floor":42,"key":"SMITH"},{"data":"HollowMod:NewLastStag","floor":46,"key":"SMITH"},{"data":"HollowMod:DesolateDive","floor":55,"key":"SMITH"}],"circlet_count":0,"master_deck":["HollowMod:FocusHealStart+1","HollowMod:PogoStrike","HollowMod:DungDefenderAura+1","HollowMod:DesolateDive+1","HollowMod:DungDefenderAura","HollowMod:DashSlash","HollowMod:SoulStrike","HollowMod:NewLastStag+1","HollowMod:NewLastStag+1","HollowMod:NewLastStag+1","HollowMod:DashSlash+1","HollowMod:DashSlash","Hallownest:skillGreenpathMap","HollowMod:CycloneSlash","HollowMod:SiblingsSouls+1","HollowMod:AwokenDreamNail+1","HollowMod:NewLittleFool","HollowMod:CloakDash","HollowMod:ZotesMagnificence+1","Hallownest:curseDreamersLament","HollowMod:PerfectDash","SnafuTest:CurseWeakArmy","Clumsy","downfall:Aged","Clumsy"],"relics":["HollowMod:VesselMask","EVO:Axolotl","PoemPanic:PoemPanicRelic","Hallownest:SalubrasBlessingRelic","LetterFromLob","Blue Candle","Runic Dome","downfall:HeartBlessingGreen","Kunai","Dream Catcher","Vajra","MerchantsRug","Sozu","downfall:HeartBlessingBlue","HollowMod:StagPassRelic","Hallownest:KingsIdolRelic","Hallownest:BeastSealRelic","Eternal Feather","downfall:HeartBlessingRed","SnafuTest:CatRelic"],"acts_visited":["Exordium","Hallownest:Greenpath","Hallownest:CityofTears","TheEnding"],"potions_floor_usage":[],"damage_taken":[{"damage":0.0,"enemies":"Hallownest:2_Baldur","floor":5.0,"turns":2.0},{"damage":0.0,"enemies":"downfall:FleeingMerchant","floor":9.0,"turns":4.0},{"damage":0.0,"enemies":"2_ Uuma","floor":11.0,"turns":2.0},{"damage":0.0,"enemies":"downfall:FleeingMerchant","floor":12.0,"turns":4.0},{"damage":1.0,"enemies":"Hallownest:eliteMossKnight","floor":14.0,"turns":3.0},{"damage":0.0,"enemies":"Hallownest:monsterHuskWarrior","floor":15.0,"turns":2.0},{"damage":3.0,"enemies":"IC_STATUS_ARCHETYPE","floor":16.0,"turns":8.0},{"damage":0.0,"enemies":"Hallownest:2_Mistakes","floor":22.0,"turns":3.0},{"damage":0.0,"enemies":"downfall:FleeingMerchant","floor":27.0,"turns":4.0},{"damage":7.0,"enemies":"Hallownest:Guard_and_Sentry","floor":28.0,"turns":3.0},{"damage":0.0,"enemies":"downfall:FleeingMerchant","floor":31.0,"turns":1.0},{"damage":20,"enemies":"Hallownest:3_Mistakes","floor":32,"turns":2},{"damage":30,"enemies":"WA_ARCHETYPE_CALM","floor":33,"turns":7},{"damage":1,"enemies":"Hallownest:2_Littles","floor":40,"turns":2},{"damage":0,"enemies":"Hallownest:Shield_Heavy","floor":43,"turns":3},{"damage":1,"enemies":"Hallownest:Shield_Sturdy","floor":49,"turns":3},{"damage":1,"enemies":"DF_ARCHETYPE_ORBS","floor":50,"turns":4},{"damage":5,"enemies":"downfall:CharBossMerchant","floor":53,"turns":3},{"damage":1,"enemies":"downfall:NeowBoss","floor":56,"turns":6},{"damage":57,"enemies":"downfall:NeowBossFinal","floor":57,"turns":6}],"seed_played":"-7326993005659635459","potions_obtained":[{"floor":5.0,"key":"Fire Potion"},{"floor":14.0,"key":"bronze:BurnAndBuffPotion"},{"floor":15.0,"key":"FearPotion"},{"floor":33,"key":"Fire Potion"}],"is_trial":false,"path_per_floor":["R","?","?","?","M","R","T","?","$","?","M","$","R","E","M","B",null,"R","?","?","?","M","?","T","?","T","$","M","?","R","$","M","B",null,"R","?","?","?","?","M","T","R","M","?","?","R","$","T","M","B",null,null,"E","$","R","B","B",null],"character_chosen":"THE_BUGKNIGHT","items_purchased":["Vajra","MerchantsRug"],"campfire_rested":0,"item_purchase_floors":[31,31],"current_hp_per_floor":[75,75,75,75,75,75,75,75,75,75,75,75,75,74,74,71,75,75,81,81,77,77,77,77,77,77,77,80,80,80,80,60,30,81,91,91,91,91,91,90,90,91,91,126,132,132,132,132,132,131,131,132,132,132,132,131,86],"gold":21,"neow_bonus":"","is_daily":false,"chose_seed":false,"campfire_upgraded":8,"win_rate":0.0,"timestamp":1610952851,"path_taken":["R","?","?","?","?","R","T","?","?","?","?","?","R","E","M","BOSS","R","?","?","?","?","?","T","?","?","$","?","?","R","?","M","BOSS","R","?","?","?","?","?","T","R","?","?","?","R","?","?","M","BOSS","E","$","R","BOSS","BOSS"],"items_purchased_type":["Relic","Relic"],"build_version":"2020-12-22","purchased_purges":2,"victory":true,"max_hp_per_floor":[75,75,75,75,75,75,75,75,75,75,75,75,75,75,75,75,75,75,81,81,81,81,81,81,81,81,81,81,81,81,81,81,81,81,91,91,91,91,91,91,91,91,91,126,132,132,132,132,132,132,132,132,132,132,132,132,132],"card_choices":[{"not_picked":[],"picked":"HollowMod:DashSlash","floor":4.0},{"not_picked":[],"picked":"HollowMod:HeavyBlow","floor":4.0},{"not_picked":["HollowMod:TaintedHusks","HollowMod:SharpenedNail"],"picked":"HollowMod:DashSlash","floor":5.0},{"not_picked":["HollowMod:DoubleDash","HollowMod:DescendingDark"],"picked":"HollowMod:CycloneSlash","floor":9.0},{"not_picked":["HollowMod:ShadowDash","HollowMod:BlackTendrils","HollowMod:CoiledNail"],"picked":"SKIP","floor":11.0},{"not_picked":["HollowMod:NewJinnsSoul","HollowMod:ShapeofUnn"],"picked":"HollowMod:SiblingsSouls","floor":12.0},{"not_picked":["HollowMod:WraithStrike","HollowMod:NewLittleFool","HollowMod:ShadowDash"],"picked":"SKIP","floor":14.0},{"not_picked":["HollowMod:SiblingsSouls","HollowMod:MothsMistake","HollowMod:WraithStrike"],"picked":"SKIP","floor":15.0},{"not_picked":["HollowMod:VoidDash","HollowMod:theNailsmith"],"picked":"HollowMod:AwokenDreamNail","floor":16.0},{"not_picked":["HollowMod:InfectedAttack","HollowMod:VengefulVoid"],"picked":"HollowMod:NewLittleFool","floor":22.0},{"not_picked":["HollowMod:InfectedCysts","HollowMod:DescendingDark","HollowMod:AwokenDreamNail"],"picked":"SKIP","floor":27.0},{"not_picked":["HollowMod:ShadowDash","HollowMod:InfectedCysts+1"],"picked":"HollowMod:CloakDash","floor":28.0},{"not_picked":["HollowMod:ShadowDash","HollowMod:BlackTendrils","HollowMod:DoubleDash"],"picked":"SKIP","floor":32},{"not_picked":["HollowMod:VoidDash","HollowMod:PureVessel"],"picked":"HollowMod:ZotesMagnificence","floor":33},{"not_picked":["HollowMod:LifebloodCocoon+1","HollowMod:ShadowDash+1"],"picked":"HollowMod:PerfectDash","floor":40},{"not_picked":["HollowMod:SiblingsSouls","HollowMod:DashSlash","HollowMod:DescendingDark+1"],"picked":"SKIP","floor":43},{"not_picked":["HollowMod:Grubsong+1","HollowMod:ChannelNail+1","HollowMod:DreamGate"],"picked":"SKIP","floor":49},{"not_picked":["HollowMod:DescendingDark","HollowMod:ElderbugsWisdom","HollowMod:PureNailStrike"],"picked":"SKIP","floor":53}],"player_experience":610119,"relics_obtained":[{"floor":5.0,"key":"LetterFromLob"},{"floor":14.0,"key":"Blue Candle"},{"floor":24.0,"key":"Kunai"},{"floor":26.0,"key":"Dream Catcher"},{"floor":41,"key":"Eternal Feather"},{"floor":48,"key":"PreservedInsect"},{"floor":53,"key":"SnafuTest:CatRelic"}],"event_choices":[],"is_beta":false,"boss_relics":[{"not_picked":["HollowMod:VoidIdolRelic","Runic Pyramid"],"picked":"Runic Dome"},{"not_picked":["bronze:MakeshiftBattery","Snecko Eye"],"picked":"Sozu"}],"items_purged_floors":[47,54],"is_endless":false,"potions_floor_spawned":[5,14,15,28,33,49],"ascension_level":1}}