{"host":"bf9sa99gaumonoeu","time":1610933346,"event":{"mods":["AchievementEnabler","Act Like it!","Aspiration","BaseMod","Bestiary","Better Note","Block Reminder","Colored Map","Colored Powertips","Fox Events","Friendly Minions","Gensokyo","GifTheSpireLib","Googly Eyes","Hallownest","Hermit","Highlight Path","Hubris","Jorbs\u0027s Wanderer Trilogy","KinomotoSakuraMod(????)","Koishi","Lobotomy","Marisa????????","Minty Spire (QoL Compilation)","Rare Cards Sparkle","Reimu??????","Relic Stats","Remilia??????","Replay The Spire","StS++","StSLib","The Administrix","The Animator","The Bug Knight","The Construct","The Cursed","The Disciple","The Hierophant","The Mystic","The Necromancer","The Poker Player","The Runesmith","The Senshi","The Servant 0.9.4"],"gold_per_floor":[109,124,141,172,172,172,191,191,191,121,136,178,178,211,211,285,285,305,555,555,0,25,25,40,69,69,69,69,69,69,81,81,155,155,175,56,75,15,47,47,82,82,82,82,82,100,100,112,112,124,124,124],"floor_reached":53,"language":"ENG","playtime":5002,"items_purged":[],"score":1212,"play_id":"e1132b12-4ac0-4933-88e9-25e96535b759","local_time":"20210117232906","is_ascension_mode":true,"campfire_choices":[{"data":"animator:DolaSchwi","floor":6.0,"key":"SMITH"},{"floor":8.0,"key":"REST"},{"data":"animator:Jibril","floor":13.0,"key":"SMITH"},{"floor":15.0,"key":"REST"},{"data":"animator:Kazuma","floor":23,"key":"SMITH"},{"data":"animator:PinaCoLada","floor":27,"key":"SMITH"},{"data":"animator:Togame","floor":29,"key":"SMITH"},{"data":"animator:FielNirvalen","floor":32,"key":"SMITH"},{"data":"animator:ElricAlphonse","floor":40,"key":"SMITH"},{"floor":42,"key":"REST"},{"floor":47,"key":"REST"},{"data":"animator:FielNirvalen","floor":49,"key":"SMITH"}],"circlet_count":0,"master_deck":["AscendersBane","animator:Strike_NoGameNoLife","animator:Strike+1","animator:Strike+1","animator:Defend+1","animator:Defend+1","animator:Defend+1","animator:DolaSchwi+1","animator:DolaCouronne","animator:Kazuma+1","animator:KanadeTachibana+1","animator:DolaStephanie+1","animator:Jibril+1","animator:FielNirvalen+1","animator:ChlammyZell+1","animator:PinaCoLada+1","animator:Caster+1","animator:Togame+1","animator:FielNirvalen+1","animator:KanadeTachibana","animator:FielNirvalen","Gensokyo:ReactiveArmor","Gensokyo:CustomPotion","animator:ElricAlphonse+1","animator:SakuraMatou","animator:RinTohsaka","animator:TukaLunaMarceau","animator:SakuyaOhtori"],"relics":["animator:LivingPicture","animator:TheMissingPiece","animator:PurgingStone","Regal Pillow","HornCleat","hubris:TenFootPole","Akabeko","ChewingGum","hubris:Towel","War Paint","HollowMod:LifeEnderRelic","Mark of Pain","Potion Belt","hubris:ToyBattleship","Letter Opener","CloakClasp"],"acts_visited":["Gensokyo:Gensokyo","Gensokyo:Gensokyoer","Gensokyo:Gensokyoest"],"potions_floor_usage":[33,39,46,52,52],"damage_taken":[{"damage":1.0,"enemies":"Gensokyo:Python","floor":1.0,"turns":5.0},{"damage":8.0,"enemies":"Gensokyo:2_Kodama","floor":2.0,"turns":6.0},{"damage":5.0,"enemies":"Gensokyo:Gryphon","floor":3.0,"turns":6.0},{"damage":7.0,"enemies":"Gensokyo:Python_and_Kodama","floor":4.0,"turns":5.0},{"damage":8.0,"enemies":"Gensokyo:3_Kodama","floor":7.0,"turns":6.0},{"damage":3.0,"enemies":"Gensokyo:VengefulSpirit","floor":11.0,"turns":4.0},{"damage":14.0,"enemies":"Gensokyo:Cirno","floor":12.0,"turns":6.0},{"damage":6.0,"enemies":"Gensokyo:Aya","floor":14.0,"turns":4.0},{"damage":15,"enemies":"Gensokyo:Kokoro","floor":16,"turns":8},{"damage":1,"enemies":"Gensokyo:AngelMirror","floor":18,"turns":2},{"damage":0,"enemies":"Gensokyo:2_Gloops","floor":22,"turns":4},{"damage":3,"enemies":"Gensokyo:Wraith","floor":24,"turns":5},{"damage":0,"enemies":"Gensokyo:Reisen","floor":25,"turns":6},{"damage":0,"enemies":"Gensokyo:Chomper_and_Gloop","floor":31,"turns":4},{"damage":43,"enemies":"Gensokyo:Eternal_Rivals","floor":33,"turns":8},{"damage":0,"enemies":"Gensokyo:3_Bats","floor":35,"turns":3},{"damage":0,"enemies":"Gensokyo:3_Boulders","floor":37,"turns":4},{"damage":0,"enemies":"Gensokyo:AtlasGolem","floor":39,"turns":4},{"damage":28,"enemies":"Gensokyo:Doremy","floor":41,"turns":5},{"damage":14,"enemies":"Gensokyo:Rafflesia","floor":46,"turns":5},{"damage":0,"enemies":"Gensokyo:SeedOfUnknown","floor":48,"turns":4},{"damage":0,"enemies":"Gensokyo:Dusk_and_Dawn","floor":50,"turns":4},{"damage":0,"enemies":"Gensokyo:Yuyuko","floor":52,"turns":7}],"seed_played":"-1622594239987715003","potions_obtained":[{"floor":7.0,"key":"BlessingOfTheForge"},{"floor":11.0,"key":"Adrenaline Potion"},{"floor":16,"key":"Strength Potion"},{"floor":24,"key":"GamblersBrew"},{"floor":37,"key":"DuplicationPotion"},{"floor":41,"key":"SteroidPotion"},{"floor":50,"key":"BlessingOfTheForge"}],"is_trial":false,"path_per_floor":["M","M","M","M","?","R","M","R","T","?","M","E","R","E","R","B",null,"M","?","?","?","M","R","M","E","T","R","?","R","?","M","R","B",null,"M","COS","M","?","M","R","E","R","T","PTL","PTL","M","R","M","R","M","R_BF","B",null],"character_chosen":"THE_ANIMATOR","items_purchased":[],"campfire_rested":4,"item_purchase_floors":[],"current_hp_per_floor":[53,45,40,33,33,33,26,59,59,59,56,42,42,37,62,47,58,57,57,57,57,57,57,54,54,54,54,54,54,54,54,54,11,47,47,47,47,47,47,47,19,51,51,51,51,37,59,59,59,59,59,59],"gold":124,"neow_bonus":"RANDOM_COMMON_RELIC","is_daily":false,"chose_seed":true,"campfire_upgraded":8,"win_rate":0.0,"timestamp":1610933346,"path_taken":["M","M","M","M","?","R","M","R","T","?","M","E","R","E","R","BOSS","M","?","?","?","?","R","M","E","T","R","?","R","?","M","R","BOSS","M","COS","M","?","M","R","E","R","T","PTL","PTL","M","R","M","R","M","R_BF","BOSS"],"items_purchased_type":[],"build_version":"2020-12-22","purchased_purges":0,"victory":true,"max_hp_per_floor":[60,60,60,60,60,60,61,61,61,61,61,61,61,62,62,62,62,62,59,59,59,59,59,59,59,59,59,59,59,59,59,59,59,59,59,59,59,59,59,59,59,59,59,59,59,59,59,59,59,59,59,59],"relic_stats":{"Regal Pillow":42,"counters":[23,115],"CloakClasp":[95],"Letter Opener":[100],"War Paint":["animator:ChlammyZell","animator:DolaStephanie"],"obtain_stats":[{"Potion Belt":39,"Regal Pillow":0,"HollowMod:LifeEnderRelic":26,"animator:TheMissingPiece":0,"CloakClasp":43,"Letter Opener":41,"hubris:Towel":20,"War Paint":25,"Akabeko":14,"HornCleat":9,"animator:PurgingStone":0,"ChewingGum":17,"animator:LivingPicture":0,"Mark of Pain":34,"hubris:TenFootPole":12,"hubris:ToyBattleship":41},{"Potion Belt":18,"Regal Pillow":0,"HollowMod:LifeEnderRelic":13,"animator:TheMissingPiece":0,"CloakClasp":19,"Letter Opener":19,"hubris:Towel":10,"War Paint":13,"Akabeko":8,"HornCleat":5,"animator:PurgingStone":0,"ChewingGum":9,"animator:LivingPicture":0,"Mark of Pain":15,"hubris:TenFootPole":7,"hubris:ToyBattleship":19},{"Potion Belt":88,"Regal Pillow":0,"HollowMod:LifeEnderRelic":67,"animator:TheMissingPiece":0,"CloakClasp":95,"Letter Opener":95,"hubris:Towel":52,"War Paint":67,"Akabeko":42,"HornCleat":28,"animator:PurgingStone":0,"ChewingGum":50,"animator:LivingPicture":0,"Mark of Pain":79,"hubris:TenFootPole":38,"hubris:ToyBattleship":92}]},"card_choices":[{"not_picked":["animator:Rider","animator:Azekura"],"picked":"animator:Kazuma","floor":1.0},{"not_picked":["animator:Illya","animator:ZankiKiguchi"],"picked":"animator:KanadeTachibana","floor":2.0},{"not_picked":["animator:ChaikaBohdan","animator:Assassin","animator:Kazuma"],"picked":"SKIP","floor":3.0},{"not_picked":["animator:FielNirvalen","animator:DolaRiku"],"picked":"animator:DolaStephanie","floor":4.0},{"not_picked":["animator:IzunaHatsuse","animator:Bozes"],"picked":"animator:Jibril","floor":7.0},{"not_picked":["animator:DolaCouronne","animator:ShizuruNakatsu","animator:LeleiLaLalena"],"picked":"SKIP","floor":11.0},{"not_picked":["animator:Chris","animator:KanadeTachibana"],"picked":"animator:FielNirvalen","floor":12.0},{"not_picked":["animator:Jibril","animator:IzunaHatsuse"],"picked":"animator:ChlammyZell","floor":14.0},{"not_picked":["animator:ItamiYouji","animator:Envy"],"picked":"animator:PinaCoLada","floor":16},{"not_picked":["animator:EriShiina","animator:DolaSchwi"],"picked":"animator:Caster","floor":18},{"not_picked":["animator:SakuyaOhtori","animator:WinryRockbell"],"picked":"animator:Togame","floor":22},{"not_picked":["animator:ChaikaBohdan","animator:ShinjiMatou","animator:Assassin"],"picked":"SKIP","floor":24},{"not_picked":["animator:Illya","animator:Chibimoth"],"picked":"animator:FielNirvalen","floor":25},{"not_picked":["animator:MaesHughes","animator:Jibril","animator:UneriGinkaku"],"picked":"SKIP","floor":31},{"not_picked":["animator:Envy","animator:Greed"],"picked":"animator:KanadeTachibana","floor":33},{"not_picked":["animator:Archer","animator:DolaStephanie"],"picked":"animator:FielNirvalen","floor":35},{"not_picked":["animator:Azekura","animator:DolaSchwi","animator:DolaCouronne+1"],"picked":"SKIP","floor":37},{"not_picked":["animator:Kazuma","animator:ChlammyZell"],"picked":"animator:ElricAlphonse","floor":39},{"not_picked":["animator:Rider","animator:DolaCouronne"],"picked":"animator:SakuraMatou","floor":41},{"not_picked":["animator:DolaRiku","animator:ShinjiMatou"],"picked":"animator:RinTohsaka","floor":46},{"not_picked":["animator:DolaCouronne","animator:Azekura"],"picked":"animator:TukaLunaMarceau","floor":48},{"not_picked":["animator:Scar","animator:ChlammyZell","animator:AcuraAkari"],"picked":"SKIP","floor":50},{"not_picked":["animator:Scar","animator:ChlammyZell","animator:AcuraAkari"],"picked":"SKIP","floor":50}],"player_experience":970466,"relics_obtained":[{"floor":9.0,"key":"HornCleat"},{"floor":12.0,"key":"hubris:TenFootPole"},{"floor":14.0,"key":"Akabeko"},{"floor":25,"key":"War Paint"},{"floor":26,"key":"HollowMod:LifeEnderRelic"},{"floor":41,"key":"Letter Opener"},{"floor":43,"key":"CloakClasp"}],"event_choices":[],"is_beta":false,"boss_relics":[{"not_picked":["Replay:Wanted Poster","Replay:Drink Me"],"picked":"ChewingGum"},{"not_picked":["Black Star","aspiration:FutureDiary"],"picked":"Mark of Pain"}],"items_purged_floors":[],"is_endless":false,"potions_floor_spawned":[7,11,16,24,25,31,37,41,50],"ascension_level":14}}