{"host":"yqveedbda5h7irme","time":1610952723,"event":{"mods":["AchievementEnabler","Aspiration","BaseMod","BetterRewards","Colored Powertips","Conspire","GifTheSpireLib","Hubris","Infinite Spire","Marked Mod","Minty Spire (QoL Compilation)","Replay The Spire","StSLib","Stuff the Spire","The Death Knight","The Jungle","The Necromancer","The Servant 0.9.4"],"gold_per_floor":[114,114,114,0,0,27,27,44,69,88,103,103,120,136,136,231,231,251,269,84,97,113,113,125,142,197,215,215,250,158,168,168,270,270,288,338,354,356,356,356,356,356,397,424,475,498,831,831,247,287,287,309,309],"floor_reached":52,"language":"ENG","playtime":3057,"items_purged":["Blood_Magic+1","Defend_W","Strike_W","Defend_W"],"score":558,"play_id":"02c2e368-3ee6-4393-8cb2-80a3ef01fc1a","local_time":"20210118075203","is_ascension_mode":false,"campfire_choices":[{"data":"Uncharnel","floor":7,"key":"SMITH"},{"data":"Grasp_Heart","floor":12,"key":"SMITH"},{"data":"Corrupt","floor":15,"key":"SMITH"},{"data":"Scare","floor":23,"key":"SMITH"},{"floor":28,"key":"REST"},{"floor":42,"key":"REST"},{"floor":51,"key":"REST"}],"circlet_count":0,"master_deck":["Strike_W","Strike_W","Strike_W","Defend_W","Defend_W","Negative_Energy_Arrows","Bone_Wall","Grasp_Heart+1","Uncharnel+1","Injury","Summon_Undead_Army+1","Uncharnel+1","StuffTheSpire:Innocence","Vampiric_Strike+1","Life_Tap+1","Negative_Energy_Burst","Spectral_Armor+1","Scare+1","Corrupt+1","Bone_Prison+1","Toxic_Smoke_Screen","Summon_Vampire_Lady+1","Strike_from_Beyond+1","Bone_Armory+1","Consume_Illness+1","Summon_Lich+1","Epidemic+1","Pandemic+1","Summon_Undead_Army+1","Whirlwind_of_Bones+1","hubris:Lust","Bone_Shift+1","Looming Evil","hubris:Greed","Skeleton_Dragon","Stop_Heart","Blood_Curse+1","hubris:Disease"],"relics":["StuffTheSpire:HistoryBook","The Specimen","Basket Of Snakes","Oddly Smooth Stone","hubris:HollowSoul","Ring of Greed","Fusion Hammer","infinitespire:Broken Mirror","infinitespire:Chaos","infinitespire:Midas Blood","aspiration:Lifesprig","Anchor","StuffTheSpire:PointBlank"],"acts_visited":["Exordium","TheCity","TheBeyond"],"potions_floor_usage":[52,52,52],"damage_taken":[{"damage":0,"enemies":"Jaw Worm","floor":1,"turns":3},{"damage":20,"enemies":"Gremlin Nob","floor":6,"turns":4},{"damage":0,"enemies":"conspire:RoseBush","floor":8,"turns":2},{"damage":0,"enemies":"2 Louse","floor":10,"turns":2},{"damage":0,"enemies":"2 Fungi Beasts","floor":11,"turns":3},{"damage":1,"enemies":"Blue Slaver","floor":13,"turns":3},{"damage":10,"enemies":"Lots of Slimes","floor":14,"turns":5},{"damage":11,"enemies":"The Guardian","floor":16,"turns":6},{"damage":0,"enemies":"Spheric Guardian","floor":18,"turns":2},{"damage":9,"enemies":"Chosen","floor":19,"turns":4},{"damage":10,"enemies":"Snecko","floor":21,"turns":4},{"damage":24,"enemies":"Snake Plant","floor":22,"turns":3},{"damage":12,"enemies":"3 Cultists","floor":24,"turns":4},{"damage":26,"enemies":"Centurion and Healer","floor":25,"turns":5},{"damage":18,"enemies":"Snake Plant","floor":27,"turns":3},{"damage":16,"enemies":"Replay:Snechameleon","floor":29,"turns":5},{"damage":19,"enemies":"Sentry and Sphere","floor":31,"turns":4},{"damage":5,"enemies":"hubris:MusketHawk","floor":33,"turns":8},{"damage":23,"enemies":"Orb Walker","floor":35,"turns":4},{"damage":4,"enemies":"3 Shapes","floor":37,"turns":3},{"damage":1,"enemies":"Nemesis","floor":43,"turns":7},{"damage":12,"enemies":"Maw","floor":44,"turns":7},{"damage":17,"enemies":"Spire Growth","floor":46,"turns":5},{"damage":55,"enemies":"Sphere and 2 Shapes","floor":50,"turns":4},{"damage":16,"enemies":"Awakened One","floor":52,"turns":2}],"seed_played":"-4018482025035378695","potions_obtained":[{"floor":6,"key":"AttackPotion"},{"floor":10,"key":"SkillPotion"},{"floor":13,"key":"LiquidBronze"},{"floor":14,"key":"Energy Potion"}],"is_trial":false,"path_per_floor":["M","?","?","$","?","E","R","M","T","M","M","R","M","M","R","B",null,"M","M","$","M","M","R","M","M","T","M","R","E","$","M","R","B",null,"M","AVR","M","?","PTL","PTL","?","R","E","M","T","M","?","?","$","M","R","B"],"character_chosen":"NECROMANCER","items_purchased":["Summon_Undead_Army+1","Uncharnel","Summon_Vampire_Lady+1","Summon_Lich+1","StuffTheSpire:PointBlank","Skeleton_Dragon","Stop_Heart"],"campfire_rested":3,"item_purchase_floors":[4,4,20,30,49,49,49],"current_hp_per_floor":[75,75,75,75,68,50,50,52,52,56,60,60,61,61,61,52,75,75,68,68,66,50,50,55,45,52,42,66,58,58,49,73,82,82,70,70,72,48,48,48,48,72,82,72,72,71,71,71,71,22,46,0,0],"gold":309,"neow_bonus":"ONE_RANDOM_RARE_CARD","is_daily":false,"chose_seed":false,"campfire_upgraded":4,"win_rate":0.0,"timestamp":1610952723,"path_taken":["M","?","?","?","?","E","R","M","T","?","M","R","?","M","R","BOSS","M","M","$","M","M","R","M","?","T","M","R","E","?","M","R","BOSS","M","AVR","M","?","PTL","PTL","?","R","E","M","T","M","?","?","$","M","R","BOSS"],"items_purchased_type":["Card","Card","Card","Card","Relic","Card","Card"],"build_version":"2020-12-22","purchased_purges":4,"victory":false,"max_hp_per_floor":[75,75,75,75,75,75,75,75,75,75,75,75,75,75,75,75,75,75,75,75,75,75,75,75,75,82,82,82,82,82,82,82,82,82,82,82,82,82,82,82,82,82,82,82,82,82,82,82,82,82,82,82,82],"card_choices":[{"not_picked":["Negative_Energy_Javelin","Negative_Energy_Sphere"],"picked":"Uncharnel","floor":1},{"not_picked":["Bone_Bullets","Chill_Blood"],"picked":"Vampiric_Strike","floor":6},{"not_picked":["Bone_Armor","Necrotic_Claws"],"picked":"Life_Tap","floor":8},{"not_picked":["Negative_Energy_Mist","Blood_Whip"],"picked":"Negative_Energy_Burst","floor":10},{"not_picked":["Summon_Undead","Shackles_Of_Pain"],"picked":"Spectral_Armor","floor":11},{"not_picked":["Bones_to_Steel","Shackles_Of_Pain"],"picked":"Scare","floor":13},{"not_picked":["Strike_from_Beyond","Thousand_Bone_Knives"],"picked":"Corrupt","floor":14},{"not_picked":["Blood_Wake","Negative_Energy_Bomb"],"picked":"Blood_Magic+1","floor":16},{"not_picked":["Life_Drain","Exploit+1"],"picked":"Bone_Prison+1","floor":18},{"not_picked":["Spectral_Armor","Negative_Energy_Sphere"],"picked":"Toxic_Smoke_Screen","floor":19},{"not_picked":["Vampiric_Strike+1","Negative_Energy_Javelin","Bone_Bullets"],"picked":"SKIP","floor":21},{"not_picked":["Plague_Bolt","Spectral_Walk","Bones_to_Steel"],"picked":"SKIP","floor":22},{"not_picked":["Blood_Whip","Grasp_Heart"],"picked":"Strike_from_Beyond+1","floor":24},{"not_picked":["Negative_Energy_Sphere","Plague_Bolt"],"picked":"Toxic_Smoke_Screen","floor":25},{"not_picked":["Slay_Living","Bones_to_Steel"],"picked":"Bone_Armory+1","floor":27},{"not_picked":["Necromantic_Selection+1","Necrotic_Claws"],"picked":"Consume_Illness+1","floor":29},{"not_picked":["Reap_The_Weak","Bones_to_Steel","Blood_Curse+1"],"picked":"SKIP","floor":31},{"not_picked":["Death_March_Dance","Bones_to_Steel"],"picked":"Epidemic","floor":35},{"not_picked":["Bones_to_Steel","Flesh_Made_Foul"],"picked":"Pandemic+1","floor":37},{"not_picked":["Blood_Whip+1","Chill_Blood+1"],"picked":"Summon_Undead_Army+1","floor":43},{"not_picked":["Bones_to_Steel","Shade_Step"],"picked":"Whirlwind_of_Bones+1","floor":44},{"not_picked":["Negative_Energy_Shield","Bones_to_Steel+1"],"picked":"Bone_Shift+1","floor":46},{"not_picked":["Bone_Bullets","Chill_Blood+1"],"picked":"Blood_Curse+1","floor":50}],"player_experience":124948,"relics_obtained":[{"floor":6,"key":"Blue Doll"},{"floor":9,"key":"Pet Ghost"},{"floor":26,"key":"Strawberry"},{"floor":29,"key":"Smiling Mask"},{"floor":36,"key":"infinitespire:Midas Blood"},{"floor":36,"key":"Golden Idol"},{"floor":43,"key":"aspiration:Lifesprig"},{"floor":45,"key":"Anchor"}],"event_choices":[{"damage_healed":0,"gold_gain":0,"player_choice":"Grow","damage_taken":0,"max_hp_gain":0,"max_hp_loss":0,"event_name":"Living Wall","floor":2,"gold_loss":0,"cards_upgraded":["Uncharnel"]},{"cards_removed":["Toxic_Smoke_Screen"],"damage_healed":0,"gold_gain":0,"player_choice":"Removed Skill","damage_taken":0,"max_hp_gain":0,"max_hp_loss":0,"event_name":"Falling","floor":41,"gold_loss":0},{"damage_healed":0,"gold_gain":333,"player_choice":"Gave Idol","damage_taken":0,"max_hp_gain":0,"max_hp_loss":0,"event_name":"The Moai Head","floor":47,"relics_lost":["Golden Idol"],"gold_loss":0},{"damage_healed":0,"gold_gain":0,"player_choice":"Ignored","damage_taken":0,"max_hp_gain":0,"max_hp_loss":0,"event_name":"SecretPortal","floor":48,"gold_loss":0}],"is_beta":false,"boss_relics":[{"not_picked":["Kintsugi","Empty Cage"],"picked":"Velvet Choker"},{"not_picked":["Replay:Fungal Core","Tiny House"],"picked":"aspiration:RitualDagger"}],"items_purged_floors":[20,30,36,49],"is_endless":false,"potions_floor_spawned":[6,10,13,14,16,18,24,27,29,35,37,46,50],"killed_by":"Awakened One","ascension_level":0}}