{"host":"bl5a1u4dlpugkw55","time":1610963171,"event":{"mods":["BaseMod","Downfall","Highlight Path","Minty Spire (QoL Compilation)","Permanent Neow","StSLib"],"gold_per_floor":[99,117,217,272,12,12,80,80,118,151,175,216,255,398,452,452,452,452],"floor_reached":16,"language":"ENG","playtime":1408,"items_purged":[],"score":108,"play_id":"ec4bde34-417a-4d22-b459-a67d0a369e66","local_time":"20210118204611","is_ascension_mode":false,"campfire_choices":[{"floor":1,"key":"RECALL"},{"data":"HandOfGreed","floor":8,"key":"SMITH"}],"circlet_count":0,"master_deck":["champ:Strike","champ:Strike","champ:Strike","champ:Strike+1","champ:Defend","champ:Defend","champ:Defend","champ:Execute","champ:Taunt","champ:FanOfKnives+1","champ:RisingSlash","champ:CrownThrow","champ:Improvising","HandOfGreed+1","champ:RisingSlash","champ:RapidStrikes","champ:UltimateStance","champ:HeavySlash","champ:Lariat+1","champ:GladiatorStyle","champ:StanceDance"],"relics":["Black Star","Orichalcum","WarpedTongs","Regal Pillow","champ:FightingForDummies","Whetstone","MealTicket","CeramicFish"],"acts_visited":["Exordium"],"potions_floor_usage":[14],"damage_taken":[{"damage":18,"enemies":"Jaw Worm","floor":2,"turns":4},{"damage":76,"enemies":"3 Sentries","floor":4,"turns":13},{"damage":25,"enemies":"downfall:FleeingMerchant","floor":5,"turns":4},{"damage":11,"enemies":"Small Slimes","floor":9,"turns":3},{"damage":19,"enemies":"3 Sentries","floor":10,"turns":6},{"damage":4,"enemies":"2 Louse","floor":12,"turns":5},{"damage":33,"enemies":"Lagavulin","floor":13,"turns":6},{"damage":32,"enemies":"downfall:Heads","floor":14,"turns":6},{"damage":0,"enemies":"Gremlin Gang","floor":15,"turns":3},{"damage":33,"enemies":"WA_ARCHETYPE_RETAIN","floor":16,"turns":4}],"seed_played":"2366159053745267296","potions_obtained":[{"floor":10,"key":"FairyPotion"},{"floor":13,"key":"LiquidMemories"},{"floor":14,"key":"SpeedPotion"},{"floor":15,"key":"FearPotion"}],"is_trial":false,"path_per_floor":["R","M","?","?","$","?","T","R","M","E","T","M","E","?","M","B"],"character_chosen":"THE_CHAMP","items_purchased":["champ:Improvising","HandOfGreed"],"campfire_rested":0,"item_purchase_floors":[5,5],"current_hp_per_floor":[90,82,82,41,41,41,41,41,40,31,31,27,39,17,17,0,0,0],"gold":452,"neow_bonus":"BOSS_RELIC","is_daily":false,"chose_seed":false,"campfire_upgraded":1,"win_rate":0.0,"timestamp":1610963171,"path_taken":["R","M","?","?","$","?","T","R","?","E","?","M","E","?","M","BOSS"],"items_purchased_type":["Card","Card"],"build_version":"2020-12-22","purchased_purges":0,"victory":false,"max_hp_per_floor":[90,90,90,90,90,90,90,90,90,90,90,90,90,90,90,90,90,90],"card_choices":[{"not_picked":["champ:FlashCut","champ:BladeFlurry"],"picked":"champ:FanOfKnives","floor":2},{"not_picked":["champ:FanOfKnives","champ:BerserkersShout"],"picked":"champ:RisingSlash","floor":4},{"not_picked":["champ:Backstep","champ:EnGarde"],"picked":"champ:CrownThrow","floor":5},{"not_picked":["champ:TornadoPunch","champ:ShieldSlam"],"picked":"champ:RisingSlash","floor":9},{"not_picked":["champ:Circumvent","champ:Shatter"],"picked":"champ:RapidStrikes","floor":10},{"not_picked":["champ:ShieldWall","champ:AdrenalArmor"],"picked":"champ:UltimateStance","floor":12},{"not_picked":["champ:CrookedStrike","champ:PerfectedStrike"],"picked":"champ:HeavySlash","floor":13},{"not_picked":["champ:FlashCut","champ:Duel"],"picked":"champ:Lariat","floor":14},{"not_picked":["champ:DefensiveShout","champ:PreciseThrust"],"picked":"champ:StanceDance","floor":15}],"player_experience":1349975,"relics_obtained":[{"floor":10,"key":"Regal Pillow"},{"floor":10,"key":"champ:FightingForDummies"},{"floor":11,"key":"Whetstone"},{"floor":13,"key":"MealTicket"},{"floor":13,"key":"CeramicFish"}],"event_choices":[{"damage_healed":0,"gold_gain":0,"player_choice":"Rummage","damage_taken":0,"relics_obtained":["WarpedTongs"],"max_hp_gain":0,"max_hp_loss":0,"event_name":"Accursed Blacksmith","floor":6,"gold_loss":0,"cards_obtained":["Pain"]}],"is_beta":false,"boss_relics":[],"items_purged_floors":[],"is_endless":false,"potions_floor_spawned":[10,13,14,15],"killed_by":"WA_ARCHETYPE_RETAIN","ascension_level":0}}