{"host":"zxkjcgzis4pm3za5","time":1610942774,"event":{"mods":["AchievementEnabler","Act Like it!","BaseMod","Colored Map","Colored Powertips","Friendly Minions","GifTheSpireLib","Minty Spire (QoL Compilation)","Quick Restart","RNG Fix","Random Character Button","Relic Sorter","Relic Stats","StSLib"],"gold_per_floor":[115,115,126,144,158,170,170,180,180,227,227,271,297,323,323,323,323],"floor_reached":16,"language":"ENG","playtime":555,"items_purged":[],"score":205,"play_id":"357a58f3-0067-4543-b915-8472c9137e39","local_time":"20210118093614","is_ascension_mode":true,"campfire_choices":[{"data":"Metallicize","floor":7,"key":"SMITH"},{"data":"Armaments","floor":11,"key":"SMITH"},{"data":"Spot Weakness","floor":15,"key":"SMITH"}],"circlet_count":0,"master_deck":["AscendersBane","Strike_R","Strike_R","Strike_R","Strike_R","Strike_R","Defend_R","Defend_R","Defend_R","Defend_R","Bash","Clothesline","Armaments+1","Metallicize+1","Sword Boomerang","Spot Weakness+1","Shrug It Off","Headbutt"],"relics":["Burning Blood","Eternal Feather","CeramicFish","Letter Opener","Dream Catcher"],"acts_visited":["Exordium"],"potions_floor_usage":[5,12,13,16,16],"damage_taken":[{"damage":2,"enemies":"Small Slimes","floor":1,"turns":5},{"damage":4,"enemies":"Cultist","floor":3,"turns":3},{"damage":9,"enemies":"2 Louse","floor":4,"turns":3},{"damage":9,"enemies":"Red Slaver","floor":5,"turns":2},{"damage":9,"enemies":"Looter","floor":6,"turns":3},{"damage":22,"enemies":"Exordium Wildlife","floor":8,"turns":5},{"damage":18,"enemies":"3 Sentries","floor":12,"turns":10},{"damage":8,"enemies":"3 Louse","floor":13,"turns":3},{"damage":20,"enemies":"Gremlin Nob","floor":14,"turns":5},{"damage":44,"enemies":"Slime Boss","floor":16,"turns":6}],"seed_played":"-6931378172816985510","potions_obtained":[{"floor":1,"key":"DuplicationPotion"},{"floor":3,"key":"AttackPotion"},{"floor":5,"key":"SpeedPotion"},{"floor":8,"key":"EssenceOfSteel"},{"floor":12,"key":"LiquidMemories"},{"floor":14,"key":"Explosive Potion"}],"is_trial":false,"path_per_floor":["M","?","M","M","M","M","R","M","T","T","R","E","M","E","R","B"],"character_chosen":"IRONCLAD","items_purchased":[],"campfire_rested":0,"item_purchase_floors":[],"current_hp_per_floor":[79,68,70,67,64,61,70,54,54,54,63,51,49,35,44,0,0],"gold":323,"neow_bonus":"TEN_PERCENT_HP_BONUS","is_daily":false,"chose_seed":false,"campfire_upgraded":3,"win_rate":0.0,"timestamp":1610942774,"path_taken":["M","?","?","M","M","M","R","M","T","?","R","E","M","E","R","BOSS"],"items_purchased_type":[],"build_version":"2020-12-22","purchased_purges":0,"victory":false,"max_hp_per_floor":[82,82,82,82,82,82,82,82,82,82,82,82,82,82,82,82,82],"relic_stats":{"Dream Catcher":0,"counters":[10,45],"CeramicFish":18,"Eternal Feather":27,"Letter Opener":[0],"obtain_stats":[{"Dream Catcher":14,"CeramicFish":10,"Eternal Feather":2,"Letter Opener":12,"Burning Blood":0},{"Dream Catcher":9,"CeramicFish":6,"Eternal Feather":1,"Letter Opener":7,"Burning Blood":0},{"Dream Catcher":39,"CeramicFish":21,"Eternal Feather":5,"Letter Opener":31,"Burning Blood":0}],"Burning Blood":54},"card_choices":[{"not_picked":["Seeing Red","Sever Soul"],"picked":"Clothesline","floor":1},{"not_picked":["Evolve","Disarm"],"picked":"Armaments","floor":3},{"not_picked":["Cleave","Second Wind"],"picked":"Metallicize","floor":4},{"not_picked":["Headbutt","Carnage"],"picked":"Sword Boomerang","floor":5},{"not_picked":["Twin Strike","Rupture"],"picked":"Spot Weakness","floor":6},{"not_picked":["Intimidate","Dropkick","Flex"],"picked":"SKIP","floor":8},{"not_picked":["Intimidate","Dropkick","Flex"],"picked":"SKIP","floor":8},{"not_picked":["Bludgeon","Anger"],"picked":"Shrug It Off","floor":12},{"not_picked":["Reckless Charge","Sword Boomerang"],"picked":"Headbutt","floor":13},{"not_picked":["Power Through","Perfected Strike","Body Slam"],"picked":"SKIP","floor":14}],"player_experience":235686,"relics_obtained":[{"floor":10,"key":"CeramicFish"},{"floor":12,"key":"Letter Opener"},{"floor":14,"key":"Dream Catcher"}],"event_choices":[{"damage_healed":0,"gold_gain":0,"player_choice":"Success","damage_taken":11,"relics_obtained":["Eternal Feather"],"max_hp_gain":0,"max_hp_loss":0,"event_name":"Scrap Ooze","floor":2,"gold_loss":0}],"is_beta":false,"boss_relics":[],"items_purged_floors":[],"is_endless":false,"potions_floor_spawned":[1,3,5,8,12,14],"killed_by":"Slime Boss","ascension_level":16}}