{"host":"qswkx8hggytna0kc","time":1610942450,"event":{"mods":["Aspiration","BaseMod","BetterRewards","Colored Map","Colored Powertips","Highlight Path","Hubris","Mimic Mod","Minty Spire (QoL Compilation)","MostiFishMod","Quick Restart","Replay The Spire","StSLib","SuperFastMode"],"gold_per_floor":[119,129,148,167,167,199,217,249,249,278,298,311,311,327,327,425,425,438,438,451,464,478,505,525,554,591,591,617,542,569,569,569,669,669,685,685,697,697,697,697,722,742,767,797,810,810,43,56,56,56,56,56,356,381,381],"floor_reached":56,"language":"ZHS","playtime":1553,"items_purged":["Injury"],"score":1595,"play_id":"4e53c8d0-f1cb-4549-b4eb-918ddd7c14c8","local_time":"20210118120050","is_ascension_mode":true,"campfire_choices":[{"data":"MostiFishMod:RainCloud","floor":40,"key":"SMITH"},{"floor":46,"key":"RECALL"},{"data":"MostiFishMod:OrdinaryWorld","floor":49,"key":"SMITH"},{"data":"MostiFishMod:NewArrival","floor":52,"key":"SMITH"}],"circlet_count":0,"master_deck":["Strike_R","Strike_R","Strike_R","Strike_R","Strike_R","Defend_R","Defend_R","Defend_R","Defend_R","Bash","Whirlwind","Anger","ReplayTheSpireMod:Limb From Limb","Combust+1","Impatience","Combust","Blood for Blood","hubris:SharpeningStone","Sever Soul","MostiFishMod:OrdinaryWorld+1","ReplayTheSpireMod:Stacked","MostiFishMod:RainCloud+1","Sword Boomerang+1","Twin Strike","Carnage","MostiFishMod:NewArrival+1","Twin Strike+1","ReplayTheSpireMod:LeadingStrike","Twin Strike+1","Twin Strike","Warcry+1","MostiFishMod:OrdinaryWorld+1","MostiFishMod:ButterFly","Warcry+1","Twin Strike","Twin Strike","Pommel Strike","Twin Strike","Deep Breath","Pommel Strike"],"relics":["Black Blood","DaveBox","GuanYuAspect","aspiration:Nostalgia","PureWater","SynthV:TestCard","aspiration:ArtOfWarUpgrade","Snack Pack","Champion Belt","Bottled Tornado","Frozen Egg 2","Bottled Flame","Bag of Marbles","Darkstone Periapt","Bag of Preparation","hubris:ToyBattleship","hubris:SphereOfDissonance","RhineSuit","SynthV:C4","Omamori","BirthdayGift-Icosahedron","hubris:NiceRug","hubris:PeanutButter","aspiration:HummingbirdHeart","Toolbox","aspiration:FrozenJewel"],"acts_visited":["Exordium","TheCity","TheBeyond","TheEnding"],"potions_floor_usage":[],"damage_taken":[{"damage":2.0,"enemies":"Small Slimes","floor":1.0,"turns":4.0},{"damage":0.0,"enemies":"Cultist","floor":2.0,"turns":2.0},{"damage":12.0,"enemies":"Jaw Worm","floor":3.0,"turns":2.0},{"damage":0.0,"enemies":"3 Louse","floor":4.0,"turns":1.0},{"damage":28.0,"enemies":"Lagavulin","floor":6.0,"turns":5.0},{"damage":6.0,"enemies":"Blue Slaver","floor":7.0,"turns":3.0},{"damage":20.0,"enemies":"3 Sentries","floor":8.0,"turns":4.0},{"damage":33.0,"enemies":"Lagavulin","floor":10.0,"turns":4.0},{"damage":1.0,"enemies":"Exordium Thugs","floor":11.0,"turns":2.0},{"damage":9.0,"enemies":"2 Fungi Beasts","floor":12.0,"turns":3.0},{"damage":0.0,"enemies":"Lots of Slimes","floor":14.0,"turns":1.0},{"damage":54.0,"enemies":"Fading Forest","floor":16.0,"turns":11.0},{"damage":20.0,"enemies":"Chosen","floor":18.0,"turns":4.0},{"damage":15.0,"enemies":"Shell Parasite","floor":20.0,"turns":3.0},{"damage":19.0,"enemies":"Centurion and Healer","floor":21.0,"turns":4.0},{"damage":13.0,"enemies":"Sentry and Sphere","floor":22.0,"turns":3.0},{"damage":3.0,"enemies":"Gremlin Leader","floor":23.0,"turns":4.0},{"damage":18.0,"enemies":"Shelled Parasite and Fungi","floor":24.0,"turns":3.0},{"damage":42.0,"enemies":"Replay:Snechameleon","floor":25.0,"turns":5.0},{"damage":9.0,"enemies":"Centurion and Healer","floor":26.0,"turns":4.0},{"damage":4,"enemies":"Gremlin Leader","floor":28,"turns":2},{"damage":5,"enemies":"Slavers","floor":30,"turns":2},{"damage":2,"enemies":"Pondfish","floor":33,"turns":3},{"damage":0,"enemies":"3 Shapes","floor":35,"turns":1},{"damage":0,"enemies":"3 Darklings","floor":37,"turns":1},{"damage":10,"enemies":"Giant Head","floor":41,"turns":2},{"damage":0,"enemies":"Writhing Mass","floor":42,"turns":1},{"damage":0,"enemies":"Reptomancer","floor":44,"turns":1},{"damage":1,"enemies":"Sphere and 2 Shapes","floor":45,"turns":2},{"damage":0,"enemies":"hubris:Merchant","floor":47,"turns":1},{"damage":2,"enemies":"Transient","floor":48,"turns":4},{"damage":25,"enemies":"Replay:Hell Engine","floor":50,"turns":2},{"damage":4,"enemies":"hubris:Merchant","floor":53,"turns":3},{"damage":0,"enemies":"Shield and Spear","floor":54,"turns":2},{"damage":10,"enemies":"The Heart","floor":55,"turns":3}],"seed_played":"-8802877590416042480","potions_obtained":[{"floor":2.0,"key":"Ancient Potion"},{"floor":3.0,"key":"Explosive Potion"},{"floor":4.0,"key":"Reflective Coating"},{"floor":53,"key":"Fire Potion"},{"floor":53,"key":"FairyPotion"}],"is_trial":false,"path_per_floor":["M","M","M","M","?","E","M","E","T","E","M","M","?","M","R_BF","B",null,"M","?","M","M","M","E","M","E","MIM","?","E","$","E","T","R","B",null,"M","?","M","?","?","R","E","M","T","E","M","R","$","M","R","B",null,"R","$","E","B",null],"character_chosen":"IRONCLAD","items_purchased":["BirthdayGift-Icosahedron","Twin Strike"],"campfire_rested":0,"item_purchase_floors":[47,47],"current_hp_per_floor":[40,40,33,40,40,24,31,29,29,13,28,30,30,40,40,35,37,35,35,38,40,40,40,30,18,34,34,40,40,40,40,40,40,40,40,40,40,40,40,40,40,40,40,40,40,40,40,40,40,34,37,37,40,40,40],"gold":381,"neow_bonus":"NOSTALGIA","is_daily":false,"chose_seed":false,"campfire_upgraded":3,"win_rate":0.0,"timestamp":1610942450,"path_taken":["M","M","M","M","?","E","M","E","T","E","M","?","?","M","R_BF","BOSS","M","?","M","M","M","E","M","E","MIM","?","E","?","E","?","R","BOSS","M","?","M","?","?","R","E","M","T","E","M","R","$","M","R","BOSS","R","$","E","BOSS"],"items_purchased_type":["Relic","Card"],"build_version":"2020-12-22","purchased_purges":1,"victory":true,"max_hp_per_floor":[40,40,40,40,40,40,40,40,40,40,40,40,40,40,40,40,40,40,40,40,40,40,40,40,40,40,40,40,40,40,40,40,40,40,40,40,40,40,40,40,40,40,40,40,40,40,40,40,40,40,40,40,40,40,40],"card_choices":[{"not_picked":["Cleave","Flex"],"picked":"Whirlwind","floor":1.0},{"not_picked":["Havoc","Armaments","Shockwave","Iron Wave"],"picked":"Anger","floor":2.0},{"not_picked":["ReplayTheSpireMod:Strike From Hell","Iron Wave","ReplayReversal","MostiFishMod:FlyOverUtopia"],"picked":"ReplayTheSpireMod:Limb From Limb","floor":3.0},{"not_picked":["Run Through","Clothesline","ReplayTheSpireMod:Strike From Hell","Sword Boomerang"],"picked":"Combust","floor":4.0},{"not_picked":["Disarm","Flex","Heavy Blade","Replay:Undeath\u0027s Touch"],"picked":"Combust","floor":6.0},{"not_picked":["True Grit","Havoc","Shockwave","ReplayTheSpireMod:LeadingStrike","Corruption"],"picked":"SKIP","floor":7.0},{"not_picked":["Clash","Combust","hubris:SharpeningStone","Shrug It Off"],"picked":"Blood for Blood","floor":8.0},{"not_picked":["Flex","Wild Strike","Seeing Red","Thunderclap"],"picked":"hubris:SharpeningStone","floor":10.0},{"not_picked":["Perfected Strike","Iron Wave","Body Slam","ReplayReversal"],"picked":"Sever Soul","floor":11.0},{"not_picked":["Clash","Havoc","Iron Wave","Run Through"],"picked":"MostiFishMod:OrdinaryWorld","floor":12.0},{"not_picked":["Massacre","Wild Strike","Shockwave","Headbutt"],"picked":"ReplayTheSpireMod:Stacked","floor":14.0},{"not_picked":["MostiFishMod:RacingGame","MostiFishMod:TemporaryOutbreak+1","MostiFishMod:FlyOverUtopia","MostiFishMod:NewArrival"],"picked":"MostiFishMod:RainCloud","floor":16.0},{"not_picked":["Ghostly Armor","Perfected Strike","Sentinel+1","Headbutt+1"],"picked":"Sword Boomerang+1","floor":18.0},{"not_picked":["hubris:SharpeningStone","hubris:CleavingFinish","Sever Soul","Clothesline"],"picked":"Twin Strike","floor":20.0},{"not_picked":["Entrench+1","Reckless Charge","Dual Wield","Evolve+1"],"picked":"Carnage","floor":21.0},{"not_picked":["Warcry","Sever Soul","Body Slam","hubris:ReadiedAction"],"picked":"MostiFishMod:NewArrival","floor":22.0},{"not_picked":["Battle Trance+1","Intimidate","MostiFishMod:UltimateDefense","Evolve+1"],"picked":"Twin Strike+1","floor":23.0},{"not_picked":["Massacre+1","Seeing Red","Fire Breathing+1","Iron Wave"],"picked":"ReplayTheSpireMod:LeadingStrike","floor":24.0},{"not_picked":["Replay:Undeath\u0027s Touch","Iron Wave","Clothesline","Infernal Blade"],"picked":"Twin Strike+1","floor":25.0},{"not_picked":["Inflame+1","Sentinel","Warcry","hubris:ReadiedAction"],"picked":"Twin Strike","floor":28},{"not_picked":["Pummel+1","Dual Wield","Run Through","Body Slam"],"picked":"Warcry+1","floor":30},{"not_picked":["Demon Form+1","MostiFishMod:404NotFound","Exhume","MostiFishMod:ChineseTea"],"picked":"MostiFishMod:OrdinaryWorld","floor":33},{"not_picked":["Sentinel+1","Dual Wield+1","Armaments","Clothesline+1","Body Slam"],"picked":"SKIP","floor":35},{"not_picked":["MostiFishMod:PerfectForm+1","Replay:Sssssssssstrike","ReplayTheSpireMod:Trickstab","ReplayTheSpireMod:Brewmster+1"],"picked":"MostiFishMod:ButterFly","floor":36},{"not_picked":["Heavy Blade+1","Thunderclap+1","Iron Wave+1","Shockwave+1","Clothesline"],"picked":"SKIP","floor":37},{"not_picked":["Armaments","Uppercut+1","Heavy Blade+1","Whirlwind","Fire Breathing+1"],"picked":"SKIP","floor":41},{"not_picked":["Metallicize+1","True Grit+1","MostiFishMod:#F4004","Reckless Charge","Power Through"],"picked":"SKIP","floor":42},{"not_picked":["Replay:Undeath\u0027s Touch","hubris:ReadiedAction","Shockwave+1","Intimidate"],"picked":"Warcry+1","floor":44},{"not_picked":["Sword Boomerang+1","MostiFishMod:DarkDeal","Clothesline+1","Run Through","ReplayTheSpireMod:Stacked"],"picked":"SKIP","floor":45},{"not_picked":["Battle Trance","Wild Strike","Run Through","True Grit+1"],"picked":"Twin Strike","floor":48},{"not_picked":[],"picked":"Pommel Strike","floor":53},{"not_picked":[],"picked":"Twin Strike","floor":53},{"not_picked":[],"picked":"Deep Breath","floor":53},{"not_picked":["True Grit"],"picked":"SKIP","floor":53},{"not_picked":["Infernal Blade"],"picked":"SKIP","floor":53},{"not_picked":["Feel No Pain+1"],"picked":"SKIP","floor":53},{"not_picked":["MostiFishMod:Mottled"],"picked":"SKIP","floor":53},{"not_picked":["Abandon+1","ReplayTheSpireMod:Limb From Limb","Demonic Infusion","Clash"],"picked":"Pommel Strike","floor":54}],"player_experience":342559,"relics_obtained":[{"floor":1.0,"key":"SynthV:TestCard"},{"floor":6.0,"key":"Art of War"},{"floor":8.0,"key":"Snack Pack"},{"floor":9.0,"key":"Champion Belt"},{"floor":10.0,"key":"Bottled Tornado"},{"floor":23.0,"key":"Bottled Flame"},{"floor":25.0,"key":"Bag of Marbles"},{"floor":26.0,"key":"Darkstone Periapt"},{"floor":28,"key":"Bag of Preparation"},{"floor":30,"key":"hubris:ToyBattleship"},{"floor":31,"key":"hubris:SphereOfDissonance"},{"floor":41,"key":"SynthV:C4"},{"floor":44,"key":"Omamori"},{"floor":53,"key":"hubris:PeanutButter"},{"floor":53,"key":"aspiration:HummingbirdHeart"},{"floor":53,"key":"Toolbox"},{"floor":54,"key":"aspiration:FrozenJewel"}],"event_choices":[{"damage_healed":0.0,"max_hp_gain":0.0,"max_hp_loss":0.0,"gold_gain":0.0,"event_name":"Match and Keep!","player_choice":"1 cards matched","floor":5.0,"gold_loss":0.0,"damage_taken":0.0,"cards_obtained":["Impatience"]},{"damage_healed":0,"gold_gain":0,"player_choice":"Memory 1","damage_taken":0,"max_hp_gain":0,"max_hp_loss":0,"event_name":"SensoryStone","floor":36,"gold_loss":0},{"damage_healed":0,"gold_gain":0,"player_choice":"Upgraded","damage_taken":0,"max_hp_gain":0,"max_hp_loss":0,"event_name":"Upgrade Shrine","floor":39,"gold_loss":0,"cards_upgraded":["MostiFishMod:OrdinaryWorld"]}],"is_beta":false,"boss_relics":[{"not_picked":["hubris:TerracottaHorce","Calling Bell"],"picked":"Black Blood"},{"not_picked":["TimeKeys","Fusion Hammer"],"picked":"RhineSuit"}],"items_purged_floors":[29],"is_endless":false,"potions_floor_spawned":[2,3,4,10,14,16,18,22,23,25,30,33,44,45,48],"ascension_level":5}}