{"host":"kabf61oc9jgfwufg","time":1610943587,"event":{"mods":["AchievementEnabler","Aspiration","BaseMod","Conspire","Energized Spire","GifTheSpireLib","GungeonMod","Halation","HexUI Lib","Hubris","Infinite Spire","Minty Spire (QoL Compilation)","Quick Restart","Rare Cards Sparkle","Replay The Spire","Shop Mod","Small Relic Pack","StSLib"],"gold_per_floor":[109,34,34,134,151,178,178,197,197,214,232,59,59,59,59,156,156,166,166,81,81,92,92,109,137,137,137,147,147,163,176,176,281,281,301,301,311,324,324,324,324],"floor_reached":40,"language":"ENG","playtime":1329,"items_purged":["Strike_P","Defend_P","Defend_P"],"score":481,"play_id":"84158889-7900-4aaa-a4d0-dda9abb5395a","local_time":"20210118041947","is_ascension_mode":true,"campfire_choices":[{"data":"Eruption","floor":7.0,"key":"SMITH"},{"data":"Adaptation","floor":13.0,"key":"SMITH"},{"floor":15.0,"key":"REST"},{"floor":23.0,"key":"REST"},{"data":"Strike_P","floor":27.0,"key":"SMITH"},{"data":"Vigilance","floor":32.0,"key":"SMITH"}],"circlet_count":0,"master_deck":["Strike_P","Defend_P","Eruption+1","Vigilance+1","SignatureMove","FearNoEvil","Adaptation+1","Indignation+1","FearNoEvil","FlurryOfBlows","Conclude+1","Replay:DivineShield+1","Nirvana+1","Cleave","Replay:Parry+1","Hallucinations"],"relics":["PureWater","hubris:PeanutButter","aspiration:FrozenJewel","Snack Pack","MerchantsRug","halation:Risk","Dream Catcher","PrismaticShard","Shuriken","Darkstone Periapt","Black Star","Toxic Egg 2","Astrolabe","Replay:Lucky Slots","Ring of Chaos"],"acts_visited":["Exordium","TheCity","TheBeyond"],"potions_floor_usage":[37],"damage_taken":[{"damage":7.0,"enemies":"Cultist","floor":1.0,"turns":3.0},{"damage":0.0,"enemies":"2 Louse","floor":5.0,"turns":4.0},{"damage":31.0,"enemies":"Gremlin Nob","floor":6.0,"turns":5.0},{"damage":0.0,"enemies":"Small Slimes","floor":8.0,"turns":2.0},{"damage":0.0,"enemies":"2 Fungi Beasts","floor":10.0,"turns":3.0},{"damage":0.0,"enemies":"Large Slime","floor":11.0,"turns":2.0},{"damage":0.0,"enemies":"Slime Boss","floor":16.0,"turns":5.0},{"damage":0.0,"enemies":"Spheric Guardian","floor":18.0,"turns":2.0},{"damage":6.0,"enemies":"Shell Parasite","floor":22.0,"turns":3.0},{"damage":10.0,"enemies":"Snake Plant","floor":24.0,"turns":4.0},{"damage":29.0,"enemies":"Gremlin Leader","floor":25.0,"turns":4.0},{"damage":0.0,"enemies":"Snecko","floor":28.0,"turns":2.0},{"damage":2.0,"enemies":"Centurion and Healer","floor":30.0,"turns":3.0},{"damage":0.0,"enemies":"Cultist and Chosen","floor":31.0,"turns":3.0},{"damage":46.0,"enemies":"conspire:MysteriousRune","floor":33.0,"turns":6.0},{"damage":30.0,"enemies":"3 Darklings","floor":35.0,"turns":4.0},{"damage":0,"enemies":"Orb Walker","floor":37,"turns":4},{"damage":31,"enemies":"3 Darklings","floor":38,"turns":3},{"damage":16,"enemies":"Nemesis","floor":40,"turns":3}],"seed_played":"4519148741913609972","potions_obtained":[{"floor":1.0,"key":"PowerPotion"},{"floor":8.0,"key":"SteroidPotion"},{"floor":10.0,"key":"AttackPotion"},{"floor":28.0,"key":"DemoMod:LeadSkinPotion"},{"floor":30.0,"key":"Languid Potion"},{"floor":31.0,"key":"SteroidPotion"},{"floor":33.0,"key":"Block Potion"},{"floor":37,"key":"LifebloodPotion"}],"is_trial":false,"path_per_floor":["M","$","T","?","M","E","R","M","T","M","M","$","R","?","R","B",null,"M","?","?","?","M","R","M","E","T","R","M","AVR","M","M","R","B",null,"M","AVR","M","M","?","E"],"character_chosen":"WATCHER","items_purchased":["MerchantsRug","FlurryOfBlows"],"campfire_rested":2,"item_purchase_floors":[12,12],"current_hp_per_floor":[65,65,65,65,65,34,34,34,34,36,38,38,38,38,59,65,72,72,72,72,64,62,72,64,41,41,41,47,47,51,57,57,23,72,46,46,48,21,27,15,15],"gold":324,"neow_bonus":"REMOVE_CARD","is_daily":false,"chose_seed":false,"campfire_upgraded":4,"win_rate":0.0,"timestamp":1610943587,"path_taken":["M","$","?","?","M","E","R","M","T","M","?","$","R","?","R","BOSS","M","?","?","?","M","R","M","E","T","R","M","AVR","M","M","R","BOSS","M","AVR","M","M","?","E"],"items_purchased_type":["Relic","Card"],"build_version":"2020-12-22","purchased_purges":3,"victory":false,"max_hp_per_floor":[72,72,72,72,72,72,72,72,72,72,72,72,72,72,72,72,72,72,72,72,72,72,72,72,72,72,72,72,72,72,72,72,72,72,72,72,72,72,78,78,78],"card_choices":[{"not_picked":["ClearTheMind","Vengeance"],"picked":"SignatureMove","floor":1.0},{"not_picked":["FlyingSleeves","Weave"],"picked":"FearNoEvil","floor":5.0},{"not_picked":["Establishment","Replay:BluntJabs"],"picked":"Adaptation","floor":6.0},{"not_picked":["Nirvana","Replay:ManipulateFuture","FlyingSleeves"],"picked":"SKIP","floor":8.0},{"not_picked":["Wireheading","FlyingSleeves"],"picked":"Indignation","floor":10.0},{"not_picked":["JustLucky","EmptyBody"],"picked":"FearNoEvil","floor":11.0},{"not_picked":["FlyingSleeves","BowlingBash+1","Crescendo"],"picked":"SKIP","floor":18.0},{"not_picked":["ReplayTheSpireMod:Uncanny Aura","Flechettes+1","Replay:Undeath\u0027s Touch+1"],"picked":"SKIP","floor":22.0},{"not_picked":["Carnage+1","DemoMod:AWP","Omniscience"],"picked":"SKIP","floor":24.0},{"not_picked":["Evaluate+1","DeusExMachina","Leap"],"picked":"SKIP","floor":25.0},{"not_picked":["conspire:DoublingDagger","Forethought","DemoMod:ProbeStrike"],"picked":"SKIP","floor":28.0},{"not_picked":["BasicCrystalCard+1","Consecrate"],"picked":"DemoMod:HardPowerCard+1","floor":30.0},{"not_picked":["Swivel+1","Prepared+1","Backflip+1"],"picked":"SKIP","floor":31.0},{"not_picked":["DemoMod:FastSwitch+1","Dual Wield+1","Rupture+1"],"picked":"SKIP","floor":35.0},{"not_picked":["Body Slam","Adaptation"],"picked":"Cleave","floor":37},{"not_picked":["Replay:AtTheReady+1","Genetic Algorithm+1"],"picked":"Replay:Parry+1","floor":38}],"player_experience":161227,"relics_obtained":[{"floor":3.0,"key":"hubris:PeanutButter"},{"floor":6.0,"key":"aspiration:FrozenJewel"},{"floor":9.0,"key":"Snack Pack"},{"floor":21.0,"key":"PrismaticShard"},{"floor":25.0,"key":"Shuriken"},{"floor":26.0,"key":"Darkstone Periapt"},{"floor":39,"key":"Ring of Chaos"}],"event_choices":[{"damage_healed":0.0,"max_hp_gain":0.0,"max_hp_loss":0.0,"gold_gain":100.0,"event_name":"Golden Shrine","player_choice":"Pray","floor":4.0,"gold_loss":0.0,"damage_taken":0.0},{"damage_healed":0.0,"max_hp_gain":0.0,"max_hp_loss":0.0,"gold_gain":0.0,"event_name":"Ghosts","player_choice":"Ignored","floor":19.0,"gold_loss":0.0,"damage_taken":0.0},{"damage_healed":0.0,"max_hp_gain":0.0,"max_hp_loss":0.0,"gold_gain":0.0,"event_name":"Addict","player_choice":"Obtained Relic","floor":20.0,"gold_loss":85.0,"damage_taken":0.0,"relics_obtained":["Dream Catcher"]}],"is_beta":false,"boss_relics":[{"not_picked":["ReplayTheSpireMod:DimensionalGlitch","aspiration:DefectSkillbook"],"picked":"halation:Risk"},{"not_picked":["aspiration:RandomNobGenerator","energizedSpire:StickyHand"],"picked":"Astrolabe"}],"items_purged_floors":[2,29,36],"is_endless":false,"potions_floor_spawned":[1,8,10,28,30,31,33,35,37,38],"killed_by":"Nemesis","ascension_level":1}}