{"host":"00f1p9ihhzi7hxfk","time":1610972909,"event":{"mods":["BaseMod","Colored Map","Colored Powertips","Minty Spire (QoL Compilation)","Rare Cards Sparkle","Relic Stats"],"gold_per_floor":[109,123,137,156,35,70,70,83,83,83,94,110,110,126,126,126,126],"floor_reached":16,"language":"DEU","playtime":1339,"items_purged":[],"score":131,"play_id":"5e8087b5-44b3-4b5c-8072-9259aad4ef10","local_time":"20210118132829","is_ascension_mode":false,"campfire_choices":[{"floor":7,"key":"REST"},{"floor":10,"key":"REST"},{"data":"Feed","floor":13,"key":"SMITH"},{"floor":15,"key":"REST"}],"circlet_count":0,"master_deck":["Strike_R","Strike_R","Strike_R","Strike_R","Strike_R","Defend_R","Defend_R","Defend_R","Defend_R","Bash","Feed+1","Armaments","True Grit","Twin Strike","Inflame","Rampage","Inflame","Uppercut","True Grit"],"relics":["Burning Blood","Shuriken","White Beast Statue"],"acts_visited":["Exordium"],"potions_floor_usage":[],"damage_taken":[{"damage":12,"enemies":"Cultist","floor":1,"turns":6},{"damage":0,"enemies":"Small Slimes","floor":2,"turns":3},{"damage":6,"enemies":"Jaw Worm","floor":3,"turns":3},{"damage":28,"enemies":"Exordium Thugs","floor":4,"turns":11},{"damage":41,"enemies":"3 Sentries","floor":6,"turns":15},{"damage":54,"enemies":"Large Slime","floor":8,"turns":15},{"damage":27,"enemies":"2 Fungi Beasts","floor":11,"turns":6},{"damage":8,"enemies":"Looter","floor":12,"turns":5},{"damage":29,"enemies":"Lots of Slimes","floor":14,"turns":4},{"damage":38,"enemies":"Hexaghost","floor":16,"turns":11}],"seed_played":"-7965478991189607483","potions_obtained":[{"floor":3,"key":"LiquidBronze"},{"floor":8,"key":"GamblersBrew"},{"floor":11,"key":"Block Potion"}],"is_trial":false,"path_per_floor":["M","M","M","M","$","E","R","M","T","R","M","M","R","M","R","B"],"character_chosen":"IRONCLAD","items_purchased":["Inflame","Fire Potion"],"campfire_rested":3,"item_purchase_floors":[5,5],"current_hp_per_floor":[77,86,89,70,70,38,66,21,21,50,33,31,31,8,38,0,0],"gold":126,"neow_bonus":"ONE_RANDOM_RARE_CARD","is_daily":false,"chose_seed":false,"campfire_upgraded":1,"win_rate":0.0,"timestamp":1610972909,"path_taken":["M","M","M","M","$","E","R","M","T","R","M","M","R","M","R","BOSS"],"items_purchased_type":["Card","Potion"],"build_version":"2020-12-22","purchased_purges":0,"victory":false,"max_hp_per_floor":[83,86,89,92,92,95,95,98,98,98,102,102,102,102,102,102,102],"relic_stats":{"counters":[10,79],"Shuriken":[0],"obtain_stats":[{"Shuriken":6,"Burning Blood":0,"White Beast Statue":9},{"Shuriken":5,"Burning Blood":0,"White Beast Statue":6},{"Shuriken":38,"Burning Blood":0,"White Beast Statue":53}],"Burning Blood":54},"card_choices":[{"not_picked":["Perfected Strike","Infernal Blade"],"picked":"Armaments","floor":1},{"not_picked":["Clothesline","Power Through"],"picked":"True Grit","floor":2},{"not_picked":["Iron Wave","True Grit"],"picked":"Twin Strike","floor":3},{"not_picked":["Flex","Evolve","True Grit"],"picked":"SKIP","floor":4},{"not_picked":["Exhume","True Grit"],"picked":"Rampage","floor":6},{"not_picked":["True Grit","Pommel Strike"],"picked":"Inflame","floor":8},{"not_picked":["Ghostly Armor","Second Wind"],"picked":"Uppercut","floor":11},{"not_picked":["Perfected Strike","Seeing Red","Armaments"],"picked":"SKIP","floor":12},{"not_picked":["Power Through","Armaments"],"picked":"True Grit","floor":14}],"player_experience":60601,"relics_obtained":[{"floor":6,"key":"Shuriken"},{"floor":9,"key":"White Beast Statue"}],"event_choices":[],"is_beta":false,"boss_relics":[],"items_purged_floors":[],"is_endless":false,"potions_floor_spawned":[3,8,11,12,14],"killed_by":"Hexaghost","ascension_level":0}}