{"host":"56ghxnzsglgdq727","time":1610937170,"event":{"mods":["AchievementEnabler","BaseMod","Downfall","Duelist Mod","Minty Spire (QoL Compilation)","Rare Cards Sparkle","StSLib","The Bug Knight","The Exalted","The Senshi","The Wild Card"],"gold_per_floor":[99,114,129,144,54,69,69,93,132,132,184,223,223,262,277,386,386,386,410,425,440,166,166,166],"floor_reached":23,"language":"ENG","playtime":1342,"items_purged":["sneckomod:Strike","sneckomod:Defend"],"score":213,"play_id":"f58b6e09-b7e9-49e6-9183-755f985b0e00","local_time":"20210117213250","daily_mods":["Heirloom","Diverse","Elite Swarm"],"is_ascension_mode":false,"campfire_choices":[{"floor":10,"key":"REST"},{"floor":13,"key":"REST"},{"data":"sneckomod:UnknownDraw","floor":18,"key":"SMITH"}],"circlet_count":0,"master_deck":["sneckomod:Strike","sneckomod:Defend+1","sneckomod:TailWhip+1","sneckomod:SnekBite","sneckomod:Unknown","theSenshi:OdangoHead+1","sneckomod:UnknownDraw+1","Bromod:ShatteringImpact","theWildCard:TheUniverse","Bromod:RadialJavelin+1","Bromod:QuickThinking+1","hexamod:SixthSeal","theWildCard:TheArcanaUnleashed","Inflame","expansioncontent:QuickStudy"],"relics":["sneckomod:SneckoSoul","Turnip","CeramicFish","Tiny Chest","Pen Nib","Pocketwatch","Blood Vial","Empty Cage"],"acts_visited":["Exordium","TheCity"],"potions_floor_usage":[3,9,9,15,16,16,16,16,21,22],"damage_taken":[{"damage":1,"enemies":"Cultist","floor":2,"turns":3},{"damage":0,"enemies":"2 Louse","floor":3,"turns":1},{"damage":8,"enemies":"Small Slimes","floor":4,"turns":3},{"damage":5,"enemies":"downfall:FleeingMerchant","floor":5,"turns":4},{"damage":11,"enemies":"Blue Slaver","floor":6,"turns":3},{"damage":12,"enemies":"Looter","floor":8,"turns":3},{"damage":12,"enemies":"Lagavulin","floor":9,"turns":5},{"damage":24,"enemies":"Gremlin Nob","floor":11,"turns":4},{"damage":21,"enemies":"Gremlin Nob","floor":12,"turns":4},{"damage":14,"enemies":"HollowMod:MossKnight","floor":14,"turns":4},{"damage":0,"enemies":"Large Slime","floor":15,"turns":4},{"damage":34,"enemies":"Hexaghost","floor":16,"turns":9},{"damage":18,"enemies":"Chosen","floor":19,"turns":5},{"damage":64,"enemies":"Shelled Parasite and Fungi","floor":20,"turns":5},{"damage":4,"enemies":"Sentry and Sphere","floor":21,"turns":5},{"damage":10,"enemies":"downfall:FleeingMerchant","floor":22,"turns":4},{"damage":30,"enemies":"Centurion and Healer","floor":23,"turns":5}],"seed_played":"-1283480827410872575","potions_obtained":[{"floor":2,"key":"Explosive Potion"},{"floor":4,"key":"Dexterity Potion"},{"floor":8,"key":"champ:CounterPotion"},{"floor":9,"key":"Guardian:BlockOnCardUsePotion"},{"floor":14,"key":"EntropicBrew"},{"floor":15,"key":"DuplicationPotion"},{"floor":20,"key":"Fire Potion"}],"is_trial":false,"path_per_floor":["R","M","M","M","$","M","T","M","E","R","?","E","R","E","M","B",null,"R","M","M","M","$","M"],"character_chosen":"THE_SNECKO","items_purchased":["expansioncontent:QuickStudy"],"campfire_rested":2,"item_purchase_floors":[22],"current_hp_per_floor":[90,89,89,81,76,65,65,53,41,68,44,23,50,36,42,10,90,90,72,10,14,6,2,2],"gold":166,"neow_bonus":"","is_daily":true,"chose_seed":false,"campfire_upgraded":1,"win_rate":0.0,"timestamp":1610937170,"path_taken":["R","M","M","?","$","M","T","M","E","R","?","E","R","E","M","BOSS","R","M","M","M","$","M"],"items_purchased_type":["Card"],"build_version":"2020-12-22","purchased_purges":2,"victory":false,"max_hp_per_floor":[90,90,90,90,90,90,90,90,90,90,90,90,90,90,90,90,90,90,90,90,90,90,90,90],"card_choices":[{"not_picked":["Crescendo","Riddle With Holes","Sucker Punch"],"picked":"SKIP","floor":2},{"not_picked":["Bromod:BloodRush","bronze:CutThrough","theWildCard:PowerOfTheArcana"],"picked":"SKIP","floor":3},{"not_picked":["theDuelist:YellowGadget","Slimebound:SpikyOuterGoop","theDuelist:AncientGearReactorDragon"],"picked":"SKIP","floor":4},{"not_picked":["Rebound","hexamod:GhostLash"],"picked":"sneckomod:UnknownDraw","floor":5},{"not_picked":["theDuelist:Biofalcon","theDuelist:Factory100Machines"],"picked":"Bromod:ShatteringImpact","floor":6},{"not_picked":["FlurryOfBlows","Sever Soul"],"picked":"theWildCard:TheUniverse","floor":8},{"not_picked":["Slimebound:LeechLife","bronze:HyperBeam"],"picked":"Bromod:RadialJavelin","floor":9},{"not_picked":["bronze:Assembly","Meteor Strike"],"picked":"Bromod:QuickThinking","floor":12},{"not_picked":["Venomology","sneckomod:Cheat"],"picked":"hexamod:SixthSeal","floor":14},{"not_picked":["theDuelist:BlastJuggler","sneckomod:MixItUp","Slimebound:RollThrough"],"picked":"SKIP","floor":15},{"not_picked":["Die Die Die","theDuelist:GoldenBlastJuggler"],"picked":"theWildCard:TheArcanaUnleashed","floor":16},{"not_picked":["ThirdEye","theDuelist:AncientGearChimera+1"],"picked":"Inflame","floor":19},{"not_picked":["theWildCard:Polydeuces","theDuelist:AncientGearBox","Guardian:PrimingBeam"],"picked":"SKIP","floor":20},{"not_picked":["bronze:Separator","theDuelist:Jinzo","champ:SetATrap"],"picked":"SKIP","floor":21},{"not_picked":["Blade Dance+1","champ:PreemptiveStrike","theDuelist:CoreBlaster"],"picked":"SKIP","floor":22}],"player_experience":281232,"relics_obtained":[{"floor":7,"key":"CeramicFish"},{"floor":9,"key":"Tiny Chest"},{"floor":11,"key":"Pen Nib"},{"floor":12,"key":"Pocketwatch"},{"floor":14,"key":"Blood Vial"}],"event_choices":[{"damage_healed":0,"gold_gain":0,"player_choice":"Searched \u00272\u0027 times","damage_taken":0,"max_hp_gain":0,"max_hp_loss":0,"event_name":"Dead Adventurer","floor":11,"gold_loss":0}],"is_beta":false,"boss_relics":[{"not_picked":["Bromod:ArcaneBarrier","theSenshi:MoonKaleidoScopeRelic"],"picked":"Empty Cage"}],"items_purged_floors":[5,22],"is_endless":false,"potions_floor_spawned":[2,4,8,9,14,15,20],"killed_by":"Centurion and Healer","ascension_level":0}}