{"host":"684z1xpuwaoqmmh1","time":1610990805,"event":{"mods":["Bard","BaseMod","Downfall","Hermit","Jorbs\u0027s Wanderer Trilogy","Marisa????????","Minty Spire (QoL Compilation)","Robot Space Explorer","Shade Mod","StSLib","The Bug Knight","The Cursed","The Hayseed","The Hierophant","The Marked","The Mystic","The Runesmith","The Senshi","The Spell Scribe"],"gold_per_floor":[118,133,152,152,152,187,199,229,306,324,353,353,353,353],"floor_reached":13,"language":"ENG","playtime":572,"items_purged":[],"score":150,"play_id":"2ee18bfb-0314-4d4a-b662-66348979e676","local_time":"20210118192645","is_ascension_mode":true,"campfire_choices":[{"floor":12,"key":"REST"}],"circlet_count":0,"master_deck":["Shade:Strike_Shade","Shade:Strike_Shade","Shade:Strike_Shade","Shade:Strike_Shade","Shade:Defend_Shade","Shade:Defend_Shade","Shade:Defend_Shade","Shade:Defend_Shade","Shade:AnimateDead","Shade:CarefulCut","Shade:Asphyxiate","Shade:AblativeArmor","Shade:GraveStillness","Regret","Shade:FleshOffering","Shade:OpenGraves","Shade:Excise","Shade:FleshToFlesh","Shade:FleshOffering"],"relics":["Shade:YorickSkull","Bronze Scales","Bag of Preparation","Peace Pipe","Runesmith:AutoHammer","Matryoshka","Oddly Smooth Stone","Sundial","Mercury Hourglass"],"acts_visited":["Exordium"],"potions_floor_usage":[8,8,11],"damage_taken":[{"damage":0,"enemies":"Small Slimes","floor":1,"turns":2},{"damage":2,"enemies":"2 Louse","floor":2,"turns":3},{"damage":0,"enemies":"Jaw Worm","floor":3,"turns":4},{"damage":26,"enemies":"Lagavulin","floor":6,"turns":9},{"damage":0,"enemies":"2 Fungi Beasts","floor":7,"turns":3},{"damage":15,"enemies":"3 Sentries","floor":8,"turns":7},{"damage":0,"enemies":"Looter","floor":10,"turns":3},{"damage":3,"enemies":"Lagavulin","floor":11,"turns":6},{"damage":33,"enemies":"Gremlin Nob","floor":13,"turns":4}],"seed_played":"-39790894241264431","potions_obtained":[{"floor":3,"key":"Strength Potion"},{"floor":6,"key":"Ancient Potion"},{"floor":7,"key":"ColorlessPotion"},{"floor":8,"key":"DuplicationPotion"}],"is_trial":false,"path_per_floor":["M","M","M","?","?","E","M","E","T","M","E","R","E"],"character_chosen":"SHADE","items_purchased":[],"campfire_rested":1,"item_purchase_floors":[],"current_hp_per_floor":[65,63,63,63,56,30,30,15,15,15,12,31,0,0],"gold":353,"neow_bonus":"RANDOM_COMMON_RELIC","is_daily":false,"chose_seed":false,"campfire_upgraded":0,"win_rate":0.0,"timestamp":1610990805,"path_taken":["M","M","M","?","?","E","M","E","T","M","E","R","E"],"items_purchased_type":[],"build_version":"2020-12-22","purchased_purges":0,"victory":false,"max_hp_per_floor":[65,65,65,65,65,65,65,65,65,65,65,65,65,65],"card_choices":[{"not_picked":["Shade:CommandSoldier","Shade:SkeletonHug"],"picked":"Shade:Asphyxiate","floor":1},{"not_picked":["Shade:ExtraLimbs","Shade:SpontaneousRitual"],"picked":"Shade:AblativeArmor","floor":2},{"not_picked":["Shade:DangerousRitual","Shade:SkeletonHug"],"picked":"Shade:GraveStillness","floor":3},{"not_picked":["Shade:StitchTogether","Shade:FeralStrike"],"picked":"Shade:FleshOffering","floor":6},{"not_picked":["Shade:Patience","Shade:FeralStrike"],"picked":"Shade:OpenGraves","floor":7},{"not_picked":["Shade:BoneShards","Shade:AblativeArmor"],"picked":"Shade:Excise","floor":8},{"not_picked":["Shade:SpectralStrikes","Shade:Trample"],"picked":"Shade:FleshToFlesh","floor":10},{"not_picked":["Shade:BoneShards","Shade:FreshBones"],"picked":"Shade:FleshOffering","floor":11}],"player_experience":2897371,"relics_obtained":[{"floor":6,"key":"Runesmith:AutoHammer"},{"floor":8,"key":"Matryoshka"},{"floor":9,"key":"Oddly Smooth Stone"},{"floor":9,"key":"Sundial"},{"floor":11,"key":"Mercury Hourglass"}],"event_choices":[{"damage_healed":0,"gold_gain":0,"player_choice":"Box","damage_taken":0,"relics_obtained":["Bag of Preparation"],"max_hp_gain":0,"max_hp_loss":0,"event_name":"Big Fish","floor":4,"gold_loss":0,"cards_obtained":["Regret"]},{"damage_healed":0,"gold_gain":0,"player_choice":"Success","damage_taken":7,"relics_obtained":["Peace Pipe"],"max_hp_gain":0,"max_hp_loss":0,"event_name":"Scrap Ooze","floor":5,"gold_loss":0}],"is_beta":false,"boss_relics":[],"items_purged_floors":[],"is_endless":false,"potions_floor_spawned":[3,6,7,8],"killed_by":"Gremlin Nob","ascension_level":3}}