{"host":"xz7n3qy1zq36rzpg","time":1610966800,"event":{"mods":["BaseMod","Colored Map","Colored Powertips","Highlight Path","Minty Spire (QoL Compilation)","Quick Restart","Shop Mod"],"gold_per_floor":[116,116,134,19,38,71,71,88,88,88,140,140,159,176,176,278,278,278,44,44,44,44,44,44,44,44,44,44,44,44,44,44,44,44,44,44,44,44,44,44,0,0,0,0,0,0,0,0,0,0,0],"floor_reached":50,"language":"ENG","playtime":4427,"items_purged":["Regret"],"score":569,"play_id":"bdcde9e3-8642-41ae-9c34-029eba7f4020","local_time":"20210118114640","is_ascension_mode":true,"campfire_choices":[{"data":"Neutralize","floor":7,"key":"SMITH"},{"data":"Poisoned Stab","floor":10,"key":"SMITH"},{"data":"Slice","floor":12,"key":"SMITH"},{"floor":15,"key":"REST"},{"data":"Blade Dance","floor":23,"key":"SMITH"},{"data":"Blade Dance","floor":25,"key":"SMITH"},{"floor":28,"key":"REST"},{"floor":32,"key":"REST"},{"floor":40,"key":"REST"},{"floor":42,"key":"REST"},{"floor":49,"key":"REST"}],"circlet_count":0,"master_deck":["Strike_G","Strike_G","Strike_G","Strike_G","Strike_G","Defend_G","Defend_G","Defend_G","Defend_G","Defend_G","Survivor","Neutralize+1","Crippling Poison","Bane","Footwork","Poisoned Stab+1","Unload","Slice+1","Leg Sweep","Blade Dance+1","Tools of the Trade","Choke+1","Blade Dance+1","Caltrops","Shame","Phantasmal Killer","Underhanded Strike+1","Bouncing Flask+1","Venomology","Catalyst+1","Swift Strike"],"relics":["Ring of the Snake","Vajra","Gremlin Horn","Regal Pillow","The Courier","Bag of Preparation","Ectoplasm","Incense Burner","PreservedInsect","FossilizedHelix","Smiling Mask","HoveringKite","Lizard Tail","Red Mask","Lantern"],"acts_visited":["Exordium","TheCity","TheBeyond"],"potions_floor_usage":[11,11,24,31,31,39,39,44,45,45,46,47,48,50,50],"damage_taken":[{"damage":0,"enemies":"2 Louse","floor":1,"turns":4},{"damage":4,"enemies":"Jaw Worm","floor":3,"turns":5},{"damage":0,"enemies":"Small Slimes","floor":5,"turns":2},{"damage":16,"enemies":"Lagavulin","floor":6,"turns":6},{"damage":5,"enemies":"3 Louse","floor":8,"turns":2},{"damage":9,"enemies":"3 Sentries","floor":11,"turns":6},{"damage":9,"enemies":"Exordium Wildlife","floor":13,"turns":3},{"damage":2,"enemies":"Blue Slaver","floor":14,"turns":4},{"damage":52,"enemies":"The Guardian","floor":16,"turns":14},{"damage":13,"enemies":"Shell Parasite","floor":18,"turns":4},{"damage":7,"enemies":"Chosen","floor":20,"turns":3},{"damage":22,"enemies":"Slavers","floor":24,"turns":3},{"damage":30,"enemies":"Snake Plant","floor":27,"turns":4},{"damage":20,"enemies":"Sentry and Sphere","floor":29,"turns":5},{"damage":0,"enemies":"Colosseum Slavers","floor":31,"turns":2},{"damage":39,"enemies":"Champ","floor":33,"turns":11},{"damage":1,"enemies":"Orb Walker","floor":35,"turns":3},{"damage":24,"enemies":"Mind Bloom Boss Battle","floor":37,"turns":6},{"damage":29,"enemies":"3 Darklings","floor":39,"turns":7},{"damage":22,"enemies":"Jaw Worm Horde","floor":44,"turns":5},{"damage":0,"enemies":"Spire Growth","floor":45,"turns":4},{"damage":0,"enemies":"Transient","floor":46,"turns":2},{"damage":34,"enemies":"4 Shapes","floor":47,"turns":7},{"damage":13,"enemies":"Maw","floor":48,"turns":6},{"damage":85,"enemies":"Donu and Deca","floor":50,"turns":7}],"seed_played":"-6104624862300155325","potions_obtained":[{"floor":1,"key":"Swift Potion"},{"floor":5,"key":"Explosive Potion"},{"floor":8,"key":"ColorlessPotion"},{"floor":11,"key":"Fruit Juice"},{"floor":20,"key":"ColorlessPotion"},{"floor":27,"key":"DistilledChaos"},{"floor":39,"key":"Dexterity Potion"},{"floor":47,"key":"CultistPotion"}],"is_trial":false,"path_per_floor":["M","?","M","$","M","E","R","M","T","R","E","R","M","M","R","B",null,"M","$","M","?","?","R","E","R","T","M","R","M","?","?","R","B",null,"M","?","?","?","M","R","?","R","T","M","M","M","M","M","R","B"],"character_chosen":"THE_SILENT","items_purchased":["Footwork","Incense Burner"],"campfire_rested":6,"item_purchase_floors":[4,19],"current_hp_per_floor":[70,70,66,66,66,50,50,45,45,45,41,41,32,30,67,15,75,62,62,55,55,55,55,33,33,33,3,40,20,20,20,57,18,75,74,71,47,47,18,54,54,71,71,49,49,49,15,2,38,0,0],"gold":0,"neow_bonus":"RANDOM_COMMON_RELIC","is_daily":false,"chose_seed":false,"campfire_upgraded":5,"win_rate":0.0,"timestamp":1610966800,"path_taken":["M","?","M","$","M","E","R","M","T","R","E","R","M","M","R","BOSS","M","$","M","?","?","R","E","R","T","M","R","M","?","?","R","BOSS","M","?","?","?","M","R","?","R","T","M","M","M","M","M","R","BOSS"],"items_purchased_type":["Card","Relic"],"build_version":"2020-12-22","purchased_purges":1,"victory":false,"max_hp_per_floor":[70,70,70,70,70,70,70,70,70,70,75,75,75,75,75,75,75,75,75,75,75,75,75,75,75,75,75,75,75,75,75,75,75,75,75,71,71,71,71,71,71,71,71,71,71,71,71,71,71,71,71],"card_choices":[{"not_picked":["Dagger Spray","Deadly Poison"],"picked":"Crippling Poison","floor":1},{"not_picked":["PiercingWail","Deadly Poison"],"picked":"Bane","floor":3},{"not_picked":["Sucker Punch","Blade Dance"],"picked":"Poisoned Stab","floor":5},{"not_picked":["Crippling Poison","Outmaneuver"],"picked":"Unload","floor":6},{"not_picked":["Tactician","Dagger Throw","Concentrate"],"picked":"SKIP","floor":8},{"not_picked":["Concentrate","Escape Plan"],"picked":"Slice","floor":11},{"not_picked":["All Out Attack","Sucker Punch"],"picked":"Leg Sweep","floor":13},{"not_picked":["Catalyst","Dagger Throw"],"picked":"Blade Dance","floor":14},{"not_picked":["Doppelganger","Glass Knife"],"picked":"Tools of the Trade","floor":16},{"not_picked":["Acrobatics","PiercingWail"],"picked":"Choke+1","floor":18},{"not_picked":["Dodge and Roll","Dagger Throw"],"picked":"Blade Dance","floor":20},{"not_picked":["Dagger Spray","Deflect"],"picked":"Phantasmal Killer","floor":24},{"not_picked":["Sucker Punch","Deadly Poison"],"picked":"Underhanded Strike+1","floor":27},{"not_picked":["Dodge and Roll","Prepared"],"picked":"Bouncing Flask+1","floor":29},{"not_picked":["Storm of Steel","Phantasmal Killer"],"picked":"Venomology","floor":33},{"not_picked":["Dagger Spray","Concentrate+1","Outmaneuver"],"picked":"SKIP","floor":35},{"not_picked":["Blade Dance","Slice"],"picked":"Catalyst+1","floor":37},{"not_picked":["Secret Weapon","Apotheosis"],"picked":"Swift Strike","floor":38},{"not_picked":["Predator","Setup+1","Bouncing Flask"],"picked":"SKIP","floor":39},{"not_picked":["Dodge and Roll+1","Deadly Poison","Underhanded Strike+1"],"picked":"SKIP","floor":44},{"not_picked":["Predator+1","Concentrate","Backstab+1"],"picked":"SKIP","floor":45},{"not_picked":["Flying Knee+1","Backflip","Acrobatics"],"picked":"SKIP","floor":47},{"not_picked":["Calculated Gamble+1","Deflect","Sucker Punch"],"picked":"SKIP","floor":48}],"player_experience":336285,"relics_obtained":[{"floor":6,"key":"Regal Pillow"},{"floor":9,"key":"The Courier"},{"floor":11,"key":"Bag of Preparation"},{"floor":24,"key":"FossilizedHelix"},{"floor":26,"key":"Smiling Mask"},{"floor":37,"key":"Lizard Tail"},{"floor":43,"key":"Lantern"}],"event_choices":[{"damage_healed":0,"gold_gain":0,"player_choice":"Box","damage_taken":0,"relics_obtained":["Gremlin Horn"],"max_hp_gain":0,"max_hp_loss":0,"event_name":"Big Fish","floor":2,"gold_loss":0,"cards_obtained":["Regret"]},{"damage_healed":0,"gold_gain":0,"player_choice":"Read","damage_taken":0,"max_hp_gain":0,"max_hp_loss":0,"event_name":"The Library","floor":21,"gold_loss":0,"cards_obtained":["Caltrops"]},{"damage_healed":0,"gold_gain":0,"player_choice":"Stole Relic","damage_taken":0,"relics_obtained":["PreservedInsect"],"max_hp_gain":0,"max_hp_loss":0,"event_name":"Addict","floor":22,"gold_loss":0,"cards_obtained":["Shame"]},{"damage_healed":0,"gold_gain":0,"player_choice":"Ignored","damage_taken":0,"max_hp_gain":0,"max_hp_loss":0,"event_name":"Vampires","floor":30,"gold_loss":0},{"damage_healed":0,"gold_gain":0,"player_choice":"Fight","damage_taken":0,"max_hp_gain":0,"max_hp_loss":0,"event_name":"Colosseum","floor":31,"gold_loss":0},{"damage_healed":0,"gold_gain":0,"player_choice":"Fled From Nobs","damage_taken":0,"max_hp_gain":0,"max_hp_loss":0,"event_name":"Colosseum","floor":31,"gold_loss":0},{"damage_healed":0,"gold_gain":0,"player_choice":"Max HP","damage_taken":0,"max_hp_gain":0,"max_hp_loss":4,"event_name":"Winding Halls","floor":36,"gold_loss":0},{"damage_healed":0,"gold_gain":0,"player_choice":"Fight","damage_taken":0,"max_hp_gain":0,"max_hp_loss":0,"event_name":"MindBloom","floor":37,"gold_loss":0},{"damage_healed":0,"gold_gain":0,"player_choice":"Memory 1","damage_taken":0,"max_hp_gain":0,"max_hp_loss":0,"event_name":"SensoryStone","floor":38,"gold_loss":0},{"damage_healed":0,"gold_gain":0,"player_choice":"Paid","damage_taken":0,"relics_obtained":["Red Mask"],"max_hp_gain":0,"max_hp_loss":0,"event_name":"Tomb of Lord Red Mask","floor":41,"gold_loss":44}],"is_beta":false,"boss_relics":[{"not_picked":["Busted Crown","Fusion Hammer"],"picked":"Ectoplasm"},{"not_picked":["Runic Dome","Calling Bell"],"picked":"HoveringKite"}],"items_purged_floors":[4],"is_endless":false,"potions_floor_spawned":[1,5,8,11,20,27,39,47],"killed_by":"Donu and Deca","ascension_level":4}}