{"host":"4rvakrj1idbgia3f","time":1610962064,"event":{"mods":["BaseMod","Colored Map","Colored Powertips","DeckTracker","Highlight Path","Minty Spire (QoL Compilation)","Random Character Button","StSLib"],"gold_per_floor":[55,113,113,113,113,172,172,222,248,286,344,417,417,174,174,293,293,391,441,460,460,460],"floor_reached":21,"language":"JPN","playtime":744,"items_purged":["Decay"],"score":378,"play_id":"cc51fe7a-b774-45b8-9f91-aec94a301be1","local_time":"20210118182744","is_ascension_mode":true,"campfire_choices":[{"data":"Wild Strike","floor":7,"key":"SMITH"},{"data":"Fire Breathing","floor":13,"key":"SMITH"},{"data":"Bash","floor":15,"key":"SMITH"}],"circlet_count":0,"master_deck":["AscendersBane","Strike_R","Strike_R","Strike_R","Strike_R","Strike_R","Defend_R","Defend_R","Defend_R","Defend_R","Bash+1","HandOfGreed+1","Wild Strike+1","Battle Trance","Fire Breathing+1","Evolve+1","Barricade+1","Clothesline"],"relics":["Burning Blood","Golden Idol","Centennial Puzzle","Akabeko","Frozen Egg 2","Lee\u0027s Waffle","Snecko Eye"],"acts_visited":["Exordium","TheCity"],"potions_floor_usage":[10,11,16],"damage_taken":[{"damage":15,"enemies":"Small Slimes","floor":1,"turns":4},{"damage":6,"enemies":"2 Louse","floor":2,"turns":4},{"damage":34,"enemies":"Gremlin Nob","floor":6,"turns":4},{"damage":0,"enemies":"Cultist","floor":8,"turns":2},{"damage":12,"enemies":"Large Slime","floor":10,"turns":4},{"damage":17,"enemies":"Lagavulin","floor":11,"turns":3},{"damage":5,"enemies":"Gremlin Gang","floor":12,"turns":3},{"damage":67,"enemies":"Hexaghost","floor":16,"turns":8},{"damage":14,"enemies":"3 Byrds","floor":18,"turns":5},{"damage":36,"enemies":"Shell Parasite","floor":20,"turns":5}],"seed_played":"-3390966058540172932","potions_obtained":[{"floor":6,"key":"FearPotion"},{"floor":8,"key":"GamblersBrew"},{"floor":11,"key":"ElixirPotion"}],"is_trial":false,"path_per_floor":["M","M","?","?","?","E","R","M","T","M","E","M","R","$","R","B",null,"M","?","M","?"],"character_chosen":"IRONCLAD","items_purchased":["Lee\u0027s Waffle"],"campfire_rested":0,"item_purchase_floors":[14],"current_hp_per_floor":[59,59,59,59,59,31,31,37,37,31,20,21,21,75,75,14,60,52,52,22,22,22],"gold":460,"neow_bonus":"RANDOM_COLORLESS_2","is_daily":false,"chose_seed":false,"campfire_upgraded":3,"win_rate":0.0,"timestamp":1610962064,"path_taken":["M","M","?","?","?","E","R","M","T","M","E","M","R","$","R","BOSS","M","?","M","?"],"items_purchased_type":["Relic"],"build_version":"2020-12-22","purchased_purges":1,"victory":false,"max_hp_per_floor":[75,75,75,68,68,68,68,68,68,68,68,68,68,75,75,75,75,75,75,75,75,75],"card_choices":[{"not_picked":["Magnetism","Metamorphosis"],"picked":"HandOfGreed","floor":0},{"not_picked":["Sword Boomerang","Sentinel"],"picked":"Wild Strike","floor":2},{"not_picked":["Rupture","Brutality","Sword Boomerang"],"picked":"SKIP","floor":6},{"not_picked":["Heavy Blade","Rampage"],"picked":"Battle Trance","floor":8},{"not_picked":["Blood for Blood","Carnage"],"picked":"Fire Breathing","floor":10},{"not_picked":["Thunderclap","Headbutt"],"picked":"Evolve+1","floor":11},{"not_picked":["Searing Blow","Carnage","Clash"],"picked":"SKIP","floor":12},{"not_picked":["Fiend Fire","Limit Break"],"picked":"Barricade+1","floor":16},{"not_picked":["Wild Strike","Thunderclap"],"picked":"Clothesline","floor":18},{"not_picked":["Burning Pact","Infernal Blade","Twin Strike"],"picked":"SKIP","floor":20}],"player_experience":2050681,"relics_obtained":[{"floor":6,"key":"Centennial Puzzle"},{"floor":9,"key":"Akabeko"},{"floor":11,"key":"Frozen Egg 2"}],"event_choices":[{"damage_healed":0,"gold_gain":0,"player_choice":"Grow","damage_taken":0,"max_hp_gain":0,"max_hp_loss":0,"event_name":"Living Wall","floor":3,"gold_loss":0,"cards_upgraded":["HandOfGreed"]},{"damage_healed":0,"gold_gain":0,"player_choice":"Lose Max HP","damage_taken":0,"relics_obtained":["Golden Idol"],"max_hp_gain":0,"max_hp_loss":7,"event_name":"Golden Idol","floor":4,"gold_loss":0},{"damage_healed":0,"gold_gain":0,"player_choice":"Cursed","damage_taken":0,"max_hp_gain":0,"max_hp_loss":0,"event_name":"Wheel of Change","floor":5,"gold_loss":0,"cards_obtained":["Decay"]},{"damage_healed":0,"gold_gain":50,"player_choice":"Stole From Cult","damage_taken":0,"max_hp_gain":0,"max_hp_loss":0,"event_name":"Nest","floor":19,"gold_loss":0}],"is_beta":false,"boss_relics":[{"not_picked":["Cursed Key","Sozu"],"picked":"Snecko Eye"}],"items_purged_floors":[14],"is_endless":false,"potions_floor_spawned":[6,8,11],"ascension_level":20}}