{"host":"vumwfieg2b2mnrfl","time":1610928668,"event":{"mods":["AchievementEnabler","BaseMod","Minty Spire (QoL Compilation)","Rare Cards Sparkle","Relic Stats"],"gold_per_floor":[110,110,120,37,37,78,97,97,170,195,83,83,126,142,142,235,235,235,235,86,86,86,86,1,1,1,1,1,1,1,1,1],"floor_reached":31,"language":"ENG","playtime":969,"items_purged":["Injury"],"score":601,"play_id":"50a7bae6-55ac-4554-b61b-d32c7c7b55be","local_time":"20210117181108","is_ascension_mode":true,"campfire_choices":[{"data":"Neutralize","floor":8,"key":"SMITH"},{"data":"Escape Plan","floor":12,"key":"SMITH"},{"floor":15,"key":"REST"},{"floor":25,"key":"REST"}],"circlet_count":0,"master_deck":["AscendersBane","Strike_G","Strike_G","Strike_G+1","Defend_G","Defend_G","Defend_G","Defend_G","Defend_G","Survivor","Neutralize+1","Dagger Throw","Escape Plan+1","Predator+1","Terror","Cloak And Dagger","Backflip","Well Laid Plans","Glass Knife","Die Die Die","Cloak And Dagger+1","Phantasmal Killer","Adrenaline","Tactician","PiercingWail","Prepared+1","Tactician","Blur"],"relics":["Ring of the Snake","NeowsBlessing","Golden Idol","Mummified Hand","PreservedInsect","Ectoplasm","Paper Crane","Du-Vu Doll","Whetstone","Smiling Mask","Nloth\u0027s Gift"],"acts_visited":["Exordium","TheCity"],"potions_floor_usage":[16,18,29],"damage_taken":[{"damage":0,"enemies":"Small Slimes","floor":1,"turns":1},{"damage":0,"enemies":"2 Louse","floor":3,"turns":1},{"damage":0,"enemies":"Gremlin Nob","floor":6,"turns":1},{"damage":0,"enemies":"Jaw Worm","floor":7,"turns":3},{"damage":8,"enemies":"Exordium Thugs","floor":10,"turns":3},{"damage":23,"enemies":"Lagavulin","floor":13,"turns":7},{"damage":6,"enemies":"Exordium Wildlife","floor":14,"turns":3},{"damage":31,"enemies":"Hexaghost","floor":16,"turns":13},{"damage":9,"enemies":"Spheric Guardian","floor":18,"turns":4},{"damage":13,"enemies":"Chosen","floor":19,"turns":4},{"damage":0,"enemies":"Snecko","floor":21,"turns":3},{"damage":15,"enemies":"Book of Stabbing","floor":23,"turns":3},{"damage":7,"enemies":"Slavers","floor":27,"turns":4},{"damage":16,"enemies":"Shelled Parasite and Fungi","floor":29,"turns":5},{"damage":31,"enemies":"Cultist and Chosen","floor":31,"turns":3}],"seed_played":"935280100386272876","potions_obtained":[{"floor":7,"key":"Dexterity Potion"},{"floor":10,"key":"SpeedPotion"},{"floor":16,"key":"SkillPotion"},{"floor":23,"key":"SteroidPotion"},{"floor":27,"key":"Block Potion"},{"floor":29,"key":"Energy Potion"}],"is_trial":false,"path_per_floor":["M","?","M","$","?","E","M","R","T","M","$","R","E","M","R","B",null,"M","M","$","M","?","E","?","R","T","E","?","M","?","M"],"character_chosen":"THE_SILENT","items_purchased":["Predator","Well Laid Plans","Phantasmal Killer"],"campfire_rested":2,"item_purchase_floors":[4,11,20],"current_hp_per_floor":[59,59,59,59,59,59,59,59,59,51,51,51,28,22,41,10,52,43,30,30,30,30,15,15,34,34,27,27,11,11,0,0],"gold":1,"neow_bonus":"THREE_ENEMY_KILL","is_daily":false,"chose_seed":false,"campfire_upgraded":2,"win_rate":0.0,"timestamp":1610928668,"path_taken":["M","?","M","$","?","E","M","R","T","M","?","R","E","M","R","BOSS","M","M","$","M","?","E","?","R","T","E","?","?","?","?"],"items_purchased_type":["Card","Card","Card"],"build_version":"2020-12-22","purchased_purges":1,"victory":false,"max_hp_per_floor":[66,66,66,66,66,66,66,66,66,66,66,66,66,66,66,66,66,66,66,66,66,66,66,66,66,66,66,66,66,66,66,66],"relic_stats":{"counters":[15,58],"Golden Idol":75,"Mummified Hand":[6],"PreservedInsect":84,"Ectoplasm":161,"Nloth\u0027s Gift":0,"Whetstone":["Predator","Strike_G"],"Smiling Mask":0,"obtain_stats":[{"Du-Vu Doll":24,"NeowsBlessing":0,"Golden Idol":5,"Mummified Hand":9,"Vajra":6,"PreservedInsect":13,"Ectoplasm":17,"Nloth\u0027s Gift":30,"Whetstone":26,"Paper Crane":23,"Smiling Mask":27,"Ring of the Snake":0},{"Du-Vu Doll":12,"NeowsBlessing":0,"Golden Idol":2,"Mummified Hand":4,"Vajra":3,"PreservedInsect":6,"Ectoplasm":8,"Nloth\u0027s Gift":14,"Whetstone":12,"Paper Crane":12,"Smiling Mask":13,"Ring of the Snake":0},{"Du-Vu Doll":46,"NeowsBlessing":0,"Golden Idol":2,"Mummified Hand":6,"Vajra":3,"PreservedInsect":16,"Ectoplasm":32,"Nloth\u0027s Gift":55,"Whetstone":46,"Paper Crane":46,"Smiling Mask":50,"Ring of the Snake":0}],"Ring of the Snake":[30]},"card_choices":[{"not_picked":["Choke","Slice"],"picked":"Dagger Throw","floor":1},{"not_picked":["Quick Slash","Expertise"],"picked":"Escape Plan","floor":3},{"not_picked":["All Out Attack","Predator"],"picked":"Terror","floor":6},{"not_picked":["Blade Dance","Acrobatics"],"picked":"Cloak And Dagger","floor":7},{"not_picked":["Outmaneuver","Eviscerate"],"picked":"Backflip","floor":10},{"not_picked":["Poisoned Stab","Dagger Throw"],"picked":"Glass Knife","floor":13},{"not_picked":["Concentrate","Backflip","Quick Slash"],"picked":"SKIP","floor":14},{"not_picked":["Tools of the Trade","Grand Finale"],"picked":"Die Die Die","floor":16},{"not_picked":["Sucker Punch","Heel Hook"],"picked":"Cloak And Dagger+1","floor":18},{"not_picked":["Dagger Throw","Outmaneuver","Dodge and Roll"],"picked":"SKIP","floor":19},{"not_picked":["Slice","Riddle With Holes"],"picked":"Adrenaline","floor":21},{"not_picked":["Backflip","Tactician"],"picked":"Prepared+1","floor":23},{"not_picked":["Outmaneuver","Quick Slash"],"picked":"Tactician","floor":27},{"not_picked":["Expertise","Caltrops"],"picked":"Blur","floor":29}],"player_experience":437470,"relics_obtained":[{"floor":6,"key":"Vajra"},{"floor":9,"key":"Mummified Hand"},{"floor":13,"key":"PreservedInsect"},{"floor":23,"key":"Paper Crane"},{"floor":26,"key":"Whetstone"},{"floor":27,"key":"Smiling Mask"}],"event_choices":[{"damage_healed":0,"gold_gain":0,"player_choice":"Ignored","damage_taken":0,"max_hp_gain":0,"max_hp_loss":0,"event_name":"Golden Wing","floor":2,"gold_loss":0},{"damage_healed":0,"gold_gain":0,"player_choice":"Take Wound","damage_taken":0,"relics_obtained":["Golden Idol"],"max_hp_gain":0,"max_hp_loss":0,"event_name":"Golden Idol","floor":5,"gold_loss":0,"cards_obtained":["Injury"]},{"damage_healed":0,"gold_gain":0,"cards_transformed":["Strike_G","Strike_G"],"player_choice":"Became Test Subject","damage_taken":0,"max_hp_gain":0,"max_hp_loss":0,"event_name":"Drug Dealer","floor":22,"gold_loss":0,"cards_obtained":["Tactician","PiercingWail"]},{"damage_healed":0,"gold_gain":0,"player_choice":"Obtained Relic","damage_taken":0,"relics_obtained":["Du-Vu Doll"],"max_hp_gain":0,"max_hp_loss":0,"event_name":"Addict","floor":24,"gold_loss":85},{"damage_healed":0,"gold_gain":0,"player_choice":"Ignored","damage_taken":0,"max_hp_gain":0,"max_hp_loss":0,"event_name":"Cursed Tome","floor":28,"gold_loss":0},{"damage_healed":0,"gold_gain":0,"player_choice":"Traded Relic","damage_taken":0,"relics_obtained":["Nloth\u0027s Gift"],"max_hp_gain":0,"max_hp_loss":0,"event_name":"N\u0027loth","floor":30,"relics_lost":["Vajra"],"gold_loss":0}],"is_beta":false,"boss_relics":[{"not_picked":["Runic Dome","Astrolabe"],"picked":"Ectoplasm"}],"items_purged_floors":[11],"is_endless":false,"potions_floor_spawned":[7,10,14,16,23,27,29],"killed_by":"Cultist and Chosen","ascension_level":19}}