{"host":"xz7n3qy1zq36rzpg","time":1610962369,"event":{"mods":["BaseMod","Colored Map","Colored Powertips","Highlight Path","Minty Spire (QoL Compilation)","Quick Restart","Shop Mod"],"gold_per_floor":[110,61,61,73,85,118,118,153,153,153,153,167,216,216,216,216,216],"floor_reached":16,"language":"ENG","playtime":705,"items_purged":[],"score":130,"play_id":"0655af5d-fdde-4737-8657-2cb5e8b61d1f","local_time":"20210118103249","is_ascension_mode":true,"campfire_choices":[{"data":"Blade Dance","floor":7,"key":"SMITH"},{"floor":11,"key":"REST"},{"floor":15,"key":"REST"}],"circlet_count":0,"master_deck":["Strike_G","Strike_G","Strike_G","Strike_G","Strike_G","Defend_G","Defend_G+1","Defend_G","Defend_G","Defend_G","Survivor+1","Neutralize","Deflect","Sucker Punch","Infinite Blades","Blade Dance+1","Blur","Adrenaline","Backstab","Injury"],"relics":["Ring of the Snake","War Paint","Pantograph","MealTicket","Toy Ornithopter","Akabeko","Golden Idol"],"acts_visited":["Exordium"],"potions_floor_usage":[6,16],"damage_taken":[{"damage":1,"enemies":"Small Slimes","floor":1,"turns":5},{"damage":2,"enemies":"Jaw Worm","floor":4,"turns":6},{"damage":0,"enemies":"2 Louse","floor":5,"turns":2},{"damage":3,"enemies":"Lagavulin","floor":6,"turns":7},{"damage":13,"enemies":"3 Sentries","floor":8,"turns":9},{"damage":4,"enemies":"2 Fungi Beasts","floor":12,"turns":3},{"damage":85,"enemies":"The Guardian","floor":16,"turns":20}],"seed_played":"2462905059622744331","potions_obtained":[{"floor":4,"key":"PowerPotion"},{"floor":12,"key":"ColorlessPotion"}],"is_trial":false,"path_per_floor":["M","?","$","M","M","E","R","E","T","?","R","M","T","?","R","B"],"character_chosen":"THE_SILENT","items_purchased":[],"campfire_rested":2,"item_purchase_floors":[],"current_hp_per_floor":[69,69,69,67,67,64,64,51,51,18,39,35,35,35,56,0,0],"gold":216,"neow_bonus":"THREE_CARDS","is_daily":false,"chose_seed":false,"campfire_upgraded":1,"win_rate":0.0,"timestamp":1610962369,"path_taken":["M","?","?","M","M","E","R","E","T","?","R","M","?","?","R","BOSS"],"items_purchased_type":[],"build_version":"2020-12-22","purchased_purges":0,"victory":false,"max_hp_per_floor":[70,70,70,70,70,70,70,70,70,70,70,70,70,70,70,70,70],"card_choices":[{"not_picked":["Sucker Punch","Finisher"],"picked":"Deflect","floor":0},{"not_picked":["Outmaneuver","Blur"],"picked":"Sucker Punch","floor":1},{"not_picked":["Concentrate","Dodge and Roll"],"picked":"Infinite Blades","floor":4},{"not_picked":["Calculated Gamble","Eviscerate"],"picked":"Blade Dance","floor":5},{"not_picked":["Concentrate","Deadly Poison"],"picked":"Blur","floor":6},{"not_picked":["Acrobatics","Choke"],"picked":"Adrenaline","floor":8},{"not_picked":["Dodge and Roll","Sucker Punch"],"picked":"Backstab","floor":12}],"player_experience":336285,"relics_obtained":[{"floor":6,"key":"War Paint"},{"floor":8,"key":"Pantograph"},{"floor":9,"key":"MealTicket"},{"floor":13,"key":"Akabeko"}],"event_choices":[{"damage_healed":0,"gold_gain":0,"player_choice":"Left Gold","damage_taken":0,"max_hp_gain":0,"max_hp_loss":0,"event_name":"World of Goop","floor":2,"gold_loss":49},{"damage_healed":0,"gold_gain":0,"player_choice":"Success","damage_taken":33,"relics_obtained":["Toy Ornithopter"],"max_hp_gain":0,"max_hp_loss":0,"event_name":"Scrap Ooze","floor":10,"gold_loss":0},{"damage_healed":0,"gold_gain":0,"player_choice":"Take Wound","damage_taken":0,"relics_obtained":["Golden Idol"],"max_hp_gain":0,"max_hp_loss":0,"event_name":"Golden Idol","floor":14,"gold_loss":0,"cards_obtained":["Injury"]}],"is_beta":false,"boss_relics":[],"items_purged_floors":[],"is_endless":false,"potions_floor_spawned":[4,12],"killed_by":"The Guardian","ascension_level":4}}