{"host":"w4b7hmige5bnqipq","time":1610988461,"event":{"mods":["2.2 Compatiblity","BaseMod","Colored Map","DeckTracker","Keyboard Shortcuts","Minty Spire (QoL Compilation)","Permanent Neow","Rare Cards Sparkle","SuperFastMode","everything is the same but u backflip on backflip","slay the spire mod where everything is the same but ironclad has a cowboy hat"],"gold_per_floor":[115,128,147,164,181,181,209,209,209,209,209,209,209,209,209,283,283,301,186,186,205,220,220,237,237,237],"floor_reached":25,"language":"KOR","playtime":638,"items_purged":["Strike_G"],"score":406,"play_id":"9b7a7e64-286e-4d67-bf4b-ecab30d1c61e","local_time":"20210119004741","is_ascension_mode":true,"campfire_choices":[{"data":"Poisoned Stab","floor":6.0,"key":"SMITH"},{"data":"Envenom","floor":8.0,"key":"SMITH"},{"floor":10.0,"key":"REST"},{"floor":15.0,"key":"REST"},{"floor":23.0,"key":"REST"}],"circlet_count":0,"master_deck":["AscendersBane","Strike_G","Strike_G","Strike_G","Defend_G","Defend_G","Defend_G","Defend_G","Defend_G","Survivor","Neutralize","Footwork","Poisoned Stab+1","Malaise","Blade Dance","Envenom+1","Phantasmal Killer","Reflex","Cloak And Dagger","Escape Plan"],"relics":["Ring of the Snake","Bronze Scales","Darkstone Periapt","Shuriken","Orichalcum","Bottled Lightning","Sozu"],"acts_visited":["Exordium","TheCity"],"potions_floor_usage":[],"damage_taken":[{"damage":1.0,"enemies":"Small Slimes","floor":1.0,"turns":5.0},{"damage":0.0,"enemies":"Jaw Worm","floor":2.0,"turns":4.0},{"damage":3.0,"enemies":"2 Louse","floor":3.0,"turns":3.0},{"damage":2.0,"enemies":"Looter","floor":4.0,"turns":4.0},{"damage":18.0,"enemies":"Red Slaver","floor":5.0,"turns":4.0},{"damage":25.0,"enemies":"Gremlin Nob","floor":7.0,"turns":4.0},{"damage":8.0,"enemies":"The Guardian","floor":16.0,"turns":10.0},{"damage":14.0,"enemies":"Shell Parasite","floor":18.0,"turns":5.0},{"damage":13.0,"enemies":"2 Thieves","floor":21.0,"turns":5.0},{"damage":6.0,"enemies":"Snake Plant","floor":22.0,"turns":4.0},{"damage":3,"enemies":"Centurion and Healer","floor":24,"turns":7},{"damage":41,"enemies":"Gremlin Leader","floor":25,"turns":4}],"seed_played":"6437246392027822865","potions_obtained":[{"floor":3.0,"key":"Fire Potion"},{"floor":5.0,"key":"CultistPotion"}],"is_trial":false,"path_per_floor":["M","M","M","M","M","R","E","R","T","R","?","?","T","?","R","B",null,"M","$","?","M","M","R","M","E"],"character_chosen":"THE_SILENT","items_purchased":["Reflex"],"campfire_rested":3,"item_purchase_floors":[19],"current_hp_per_floor":[58,58,55,53,35,35,10,10,10,29,18,18,18,11,30,22,55,41,41,41,28,22,41,38,0,0],"gold":237,"neow_bonus":"RANDOM_COMMON_RELIC","is_daily":false,"chose_seed":false,"campfire_upgraded":2,"win_rate":0.0,"timestamp":1610988461,"path_taken":["M","M","M","M","M","R","E","R","T","R","?","?","?","?","R","BOSS","M","$","?","?","M","R","M","E"],"items_purchased_type":["Card"],"build_version":"2020-12-22","purchased_purges":1,"victory":false,"max_hp_per_floor":[66,66,66,66,66,66,66,66,66,66,66,66,66,66,66,66,66,66,66,66,66,66,66,66,66,66],"card_choices":[{"not_picked":["Cloak And Dagger","Concentrate"],"picked":"Footwork","floor":1.0},{"not_picked":["Bane","Choke"],"picked":"Poisoned Stab","floor":2.0},{"not_picked":["Infinite Blades","Poisoned Stab"],"picked":"Malaise","floor":3.0},{"not_picked":["Flying Knee","Underhanded Strike"],"picked":"Blade Dance","floor":4.0},{"not_picked":["Deadly Poison","Underhanded Strike","All Out Attack"],"picked":"SKIP","floor":5.0},{"not_picked":["Slice","All Out Attack"],"picked":"Envenom","floor":7.0},{"not_picked":["Bullet Time","Storm of Steel"],"picked":"Phantasmal Killer","floor":16.0},{"not_picked":["PiercingWail","Deadly Poison","Deflect"],"picked":"SKIP","floor":18.0},{"not_picked":["All Out Attack","Underhanded Strike"],"picked":"Cloak And Dagger","floor":21.0},{"not_picked":["Expertise+1","Poisoned Stab","Prepared"],"picked":"SKIP","floor":22.0},{"not_picked":["Blade Dance","Dagger Throw"],"picked":"Escape Plan","floor":24}],"player_experience":518800,"relics_obtained":[{"floor":7.0,"key":"Darkstone Periapt"},{"floor":9.0,"key":"Shuriken"},{"floor":13.0,"key":"Bottled Lightning"}],"event_choices":[{"damage_healed":0.0,"max_hp_gain":0.0,"max_hp_loss":0.0,"gold_gain":0.0,"event_name":"Scrap Ooze","player_choice":"Success","floor":11.0,"gold_loss":0.0,"damage_taken":11.0,"relics_obtained":["Orichalcum"]},{"damage_healed":0.0,"max_hp_gain":0.0,"max_hp_loss":0.0,"gold_gain":0.0,"event_name":"Shining Light","player_choice":"Ignored","floor":12.0,"gold_loss":0.0,"damage_taken":0.0},{"cards_removed":["Strike_G"],"damage_healed":0.0,"max_hp_gain":0.0,"max_hp_loss":0.0,"gold_gain":0.0,"event_name":"Golden Wing","player_choice":"Card Removal","floor":14.0,"gold_loss":0.0,"damage_taken":7.0},{"damage_healed":0.0,"max_hp_gain":0.0,"max_hp_loss":0.0,"gold_gain":0.0,"event_name":"Lab","player_choice":"Got Potions","floor":20.0,"gold_loss":0.0,"damage_taken":0.0}],"is_beta":false,"boss_relics":[{"not_picked":["Busted Crown","Philosopher\u0027s Stone"],"picked":"Sozu"}],"items_purged_floors":[19],"is_endless":false,"potions_floor_spawned":[3,5,22,24],"killed_by":"Gremlin Leader","ascension_level":20}}