{"host":"4bbalj7r5kimsnho","time":1610997871,"event":{"mods":["AchievementEnabler","BaseMod","Colored Powertips","Hermit","Minty Spire (QoL Compilation)","StSLib"],"gold_per_floor":[111,62,62,62,80,107,282,311,336,347,347,347,347,365,365,464,464,482,495,197,122,122,153,153,153,153,171,171,189,189,48,48,48,48],"floor_reached":33,"language":"ENG","playtime":1896,"items_purged":["hermit:Strike_Hermit","hermit:Strike_Hermit"],"score":296,"play_id":"b631a449-bf7b-4800-87ec-25f92d98cf7d","local_time":"20210118192431","is_ascension_mode":false,"campfire_choices":[{"data":"hermit:Enervate","floor":11,"key":"SMITH"},{"data":"hermit:Covet","floor":13,"key":"SMITH"},{"data":"hermit:GoldenBullet","floor":15,"key":"SMITH"},{"data":"hermit:Gestalt","floor":24,"key":"SMITH"},{"data":"hermit:BigShot","floor":28,"key":"SMITH"},{"data":"hermit:Deadeye","floor":32,"key":"SMITH"}],"circlet_count":0,"master_deck":["hermit:Strike_Hermit","hermit:Defend_Hermit","hermit:Defend_Hermit","hermit:Snapshot","hermit:Covet+1","hermit:Enervate+1","hermit:ItchyTrigger","Regret","hermit:Gestalt+1","hermit:GhostlyPresence","Doubt","hermit:TrackingShot","hermit:GoldenBullet+1","hermit:RoundhouseKick","hermit:Grudge","hermit:EyeOfTheStorm","hermit:Snipe","hermit:Quickdraw","hermit:LowProfile","hermit:BigShot+1","Decay","hermit:Deadeye+1"],"relics":["hermit:Momento","NeowsBlessing","PreservedInsect","Anchor","White Beast Statue","Bag of Preparation","Lantern","Empty Cage","Strange Spoon","Dream Catcher","Nunchaku","Toxic Egg 2"],"acts_visited":["Exordium","TheCity"],"potions_floor_usage":[4,14,16,16,19,23,23,33,33],"damage_taken":[{"damage":0,"enemies":"Cultist","floor":1,"turns":1},{"damage":0,"enemies":"Jaw Worm","floor":5,"turns":1},{"damage":0,"enemies":"3 Sentries","floor":6,"turns":1},{"damage":18,"enemies":"Gremlin Nob","floor":8,"turns":4},{"damage":0,"enemies":"2 Louse","floor":10,"turns":3},{"damage":1,"enemies":"Exordium Thugs","floor":14,"turns":4},{"damage":56,"enemies":"The Guardian","floor":16,"turns":11},{"damage":0,"enemies":"Chosen","floor":18,"turns":3},{"damage":12,"enemies":"2 Thieves","floor":19,"turns":4},{"damage":33,"enemies":"Gremlin Leader","floor":23,"turns":8},{"damage":0,"enemies":"3 Cultists","floor":27,"turns":4},{"damage":0,"enemies":"Centurion and Healer","floor":29,"turns":5},{"damage":52,"enemies":"Champ","floor":33,"turns":9}],"seed_played":"891766317762945211","potions_obtained":[{"floor":4,"key":"Fruit Juice"},{"floor":4,"key":"SmokeBomb"},{"floor":4,"key":"Regen Potion"},{"floor":5,"key":"FearPotion"},{"floor":6,"key":"CultistPotion"},{"floor":14,"key":"LiquidBronze"},{"floor":16,"key":"Block Potion"},{"floor":18,"key":"DuplicationPotion"},{"floor":19,"key":"SkillPotion"},{"floor":23,"key":"LiquidMemories"},{"floor":27,"key":"SpeedPotion"}],"is_trial":false,"path_per_floor":["M","$","?","?","M","E","?","E","T","M","R","?","R","M","R","B",null,"M","M","$","?","?","E","R","?","T","M","R","M","?","$","R","B"],"character_chosen":"HERMIT","items_purchased":["hermit:ItchyTrigger","Strange Spoon","hermit:Snipe","hermit:Quickdraw","hermit:Deadeye"],"campfire_rested":0,"item_purchase_floors":[2,20,20,20,31],"current_hp_per_floor":[75,75,75,80,80,80,80,62,62,62,62,50,50,61,61,5,80,80,68,68,68,68,35,35,35,35,35,35,35,35,35,35,0,0],"gold":48,"neow_bonus":"THREE_ENEMY_KILL","is_daily":false,"chose_seed":false,"campfire_upgraded":6,"win_rate":0.0,"timestamp":1610997871,"path_taken":["M","?","?","?","?","E","?","E","T","M","R","?","R","M","R","BOSS","M","M","$","?","?","E","R","?","T","M","R","M","?","?","R","BOSS"],"items_purchased_type":["Card","Relic","Card","Card","Card"],"build_version":"2020-12-22","purchased_purges":2,"victory":false,"max_hp_per_floor":[75,75,75,80,80,80,80,80,80,80,80,80,80,80,80,80,80,80,80,80,80,80,80,80,80,80,80,80,80,80,80,80,80,80],"card_choices":[{"not_picked":["hermit:Glare","hermit:Misfire"],"picked":"hermit:Enervate","floor":1},{"not_picked":["hermit:PistolWhip","hermit:Ricochet"],"picked":"hermit:Gestalt","floor":5},{"not_picked":["hermit:WideOpen","hermit:TrackingShot"],"picked":"hermit:GhostlyPresence","floor":6},{"not_picked":["hermit:Showdown","hermit:Purgatory"],"picked":"hermit:TrackingShot","floor":8},{"not_picked":["hermit:Enervate","hermit:LowProfile","hermit:Coalescence"],"picked":"SKIP","floor":10},{"not_picked":["hermit:Vantage","hermit:ItchyTrigger"],"picked":"hermit:GoldenBullet","floor":14},{"not_picked":["hermit:Roughhouse","hermit:Purgatory"],"picked":"hermit:RoundhouseKick","floor":16},{"not_picked":["hermit:Feint","hermit:Quickdraw"],"picked":"hermit:Grudge","floor":18},{"not_picked":["hermit:HighCaliber+1","hermit:ItchyTrigger"],"picked":"hermit:EyeOfTheStorm","floor":19},{"not_picked":["hermit:ItchyTrigger+1","hermit:Cheat+1"],"picked":"hermit:BigShot","floor":23},{"not_picked":["hermit:Showdown+1","hermit:Roulette","hermit:Cheat+1"],"picked":"SKIP","floor":27},{"not_picked":["hermit:Coalescence+1","hermit:SprayPray","hermit:TrackingShot"],"picked":"SKIP","floor":29}],"player_experience":87799,"relics_obtained":[{"floor":6,"key":"Anchor"},{"floor":8,"key":"White Beast Statue"},{"floor":9,"key":"Bag of Preparation"},{"floor":23,"key":"Dream Catcher"},{"floor":26,"key":"Toxic Egg 2"}],"event_choices":[{"damage_healed":0,"gold_gain":0,"player_choice":"Box","damage_taken":0,"relics_obtained":["PreservedInsect"],"max_hp_gain":0,"max_hp_loss":0,"event_name":"Big Fish","floor":3,"gold_loss":0,"cards_obtained":["Regret"]},{"damage_healed":0,"gold_gain":0,"player_choice":"Got Potions","damage_taken":0,"max_hp_gain":0,"max_hp_loss":0,"event_name":"Lab","floor":4,"gold_loss":0},{"damage_healed":0,"gold_gain":175,"player_choice":"AGREE","damage_taken":0,"max_hp_gain":0,"max_hp_loss":0,"event_name":"Liars Game","floor":7,"gold_loss":0,"cards_obtained":["Doubt"]},{"damage_healed":0,"gold_gain":0,"player_choice":"Success","damage_taken":12,"relics_obtained":["Lantern"],"max_hp_gain":0,"max_hp_loss":0,"event_name":"Scrap Ooze","floor":12,"gold_loss":0},{"cards_removed":["hermit:Defend_Hermit"],"damage_healed":0,"gold_gain":0,"player_choice":"Gave Gold","damage_taken":0,"max_hp_gain":0,"max_hp_loss":0,"event_name":"Beggar","floor":21,"gold_loss":75},{"damage_healed":0,"gold_gain":0,"player_choice":"Read","damage_taken":0,"max_hp_gain":0,"max_hp_loss":0,"event_name":"The Library","floor":22,"gold_loss":0,"cards_obtained":["hermit:LowProfile"]},{"damage_healed":0,"gold_gain":0,"player_choice":"Opened","damage_taken":0,"relics_obtained":["Nunchaku"],"max_hp_gain":0,"max_hp_loss":0,"event_name":"The Mausoleum","floor":25,"gold_loss":0},{"damage_healed":0,"gold_gain":0,"player_choice":"Smashed Altar","damage_taken":0,"max_hp_gain":0,"max_hp_loss":0,"event_name":"Forgotten Altar","floor":30,"gold_loss":0,"cards_obtained":["Decay"]}],"is_beta":false,"boss_relics":[{"not_picked":["Coffee Dripper","SacredBark"],"picked":"Empty Cage"}],"items_purged_floors":[20,31],"is_endless":false,"potions_floor_spawned":[5,6,10,14,16,18,19,23,27,29],"killed_by":"Champ","ascension_level":0}}