{"host":"wonp23fsqqcu31ie","time":1610958881,"event":{"mods":["2.2 Compatiblity","AchievementEnabler","Aspiration","BaseMod","Bestiary","Better Altar","Better Match","Better Sensory Stone","Better Skull","Better Third Choice","BetterRewards","Block Reminder","Colored Map","Colored Powertips","Conspire","Curses Come First","DeckTracker","Displayed Cursed Tome","Downfall","Energized Spire","Evolution","Hermit","Highlight Path","Hubris","Infinite Spire","Marisa????????","Minty Spire (QoL Compilation)","Permanent Neow","Prisma Mod","Quick Restart","Rare Cards Sparkle","Relic Stats","Robot Space Explorer","Shade Mod","Shop Mod","StSLib","SuperFastMode","The Animator","The Bug Knight","The Construct","The Cursed","The Disciple","The Dragon Tamer","The Gatherer","The Hierophant","The Marked","The Necromancer","The Poker Player","The Runesmith","The Saiyan","The Servant 0.9.4","TheBandit"],"gold_per_floor":[113,133,133,151,169,169,204,220,220,220,67,77,91,91,91,195,195,212,230,230,230,243,268,268,268,268,268,17,17,67,67,67,166,166,178,178,192,201,217,249,40,59,59,59,59,92,103,116,116,116,116,116,116,144,144],"floor_reached":56,"language":"ENG","playtime":786,"items_purged":[],"score":1852,"play_id":"81038df3-bf80-4619-af2d-2058f296b781","local_time":"20210118193441","is_ascension_mode":false,"campfire_choices":[{"data":"1","floor":6,"key":"LIFT"},{"data":"2","floor":10,"key":"LIFT"},{"floor":15,"key":"REST"},{"data":"3","floor":25,"key":"LIFT"},{"floor":32,"key":"REST"},{"floor":44,"key":"RECALL"},{"data":"hubris:InfiniteBlow+16","floor":49,"key":"SMITH"},{"data":"hubris:InfiniteBlow+17","floor":52,"key":"SMITH"}],"circlet_count":0,"master_deck":["hubris:InfiniteBlow+32","HollowMod:SoulStrike","HollowMod:SoulStrike","HollowMod:SoulStrike","HollowMod:SoulStrike","HollowMod:DoubleDash","HollowMod:DoubleDash","HollowMod:DoubleDash","HollowMod:DoubleDash","HollowMod:FocusHealStart","HollowMod:SoulStrike","HollowMod:SoulSplash","hubris:InfiniteBlow+18","HollowMod:GreatSlash","HollowMod:SoulShaman","HollowMod:DoubleDash","CurseOfTheBell","HollowMod:LifebloodCocoon","hubris:InfiniteBlow+33","HollowMod:MantisMark","infinitespire:Fortify","HollowMod:SoulStrike+1","HollowMod:SiblingsSouls+1","HollowMod:HuntersJournal+1","Luminosity+1"],"relics":["HollowMod:VesselMask","EVO:Axolotl","Girya","Thread and Needle","hubris:GlazedTorus","MerchantsRug","Bag of Marbles","Vajra","Akabeko","Sling","hubris:Towel","Bag of Preparation","aspiration:HummingbirdHeart","Ice Cream","Regal Pillow","MutagenicStrength","Frozen Egg 2","Dead Branch","aspiration:Stabinomicon","aspiration:ServantSkillbook","hubris:Icosahedron","Mummified Hand","Bronze Scales","Guardian:PocketSentry"],"acts_visited":["TheCity","TheBeyond","TheEnding"],"potions_floor_usage":[16,23,35,50,55,55,55,55],"damage_taken":[{"damage":0,"enemies":"Cultist","floor":1,"turns":2},{"damage":2,"enemies":"2 Louse","floor":2,"turns":2},{"damage":0,"enemies":"Small Slimes","floor":4,"turns":1},{"damage":0,"enemies":"2 Fungi Beasts","floor":5,"turns":2},{"damage":0,"enemies":"Gremlin Nob","floor":7,"turns":1},{"damage":0,"enemies":"Large Slime","floor":8,"turns":1},{"damage":0,"enemies":"3 Louse","floor":12,"turns":1},{"damage":0,"enemies":"Red Slaver","floor":13,"turns":1},{"damage":0,"enemies":"Hexaghost","floor":16,"turns":1},{"damage":0,"enemies":"HollowMod:HuskSentry","floor":18,"turns":3},{"damage":0,"enemies":"3 Byrds","floor":19,"turns":3},{"damage":0,"enemies":"Centurion and Healer","floor":22,"turns":2},{"damage":5,"enemies":"Slavers","floor":23,"turns":3},{"damage":0,"enemies":"Champ","floor":33,"turns":2},{"damage":7,"enemies":"3 Darklings","floor":35,"turns":4},{"damage":0,"enemies":"3 Shapes","floor":37,"turns":1},{"damage":0,"enemies":"Writhing Mass","floor":39,"turns":1},{"damage":12,"enemies":"Nemesis","floor":40,"turns":3},{"damage":0,"enemies":"HollowMod:SlobberingHusk","floor":42,"turns":2},{"damage":0,"enemies":"Reptomancer","floor":46,"turns":1},{"damage":0,"enemies":"3 Darklings","floor":47,"turns":3},{"damage":0,"enemies":"Maw","floor":48,"turns":3},{"damage":0,"enemies":"Donu and Deca","floor":50,"turns":2},{"damage":3,"enemies":"Shield and Spear","floor":54,"turns":4},{"damage":15,"enemies":"The Heart","floor":55,"turns":4}],"seed_played":"5196597391750618998","potions_obtained":[{"floor":4,"key":"Ancient Potion"},{"floor":7,"key":"Explosive Potion"},{"floor":12,"key":"construct:ShiftPotion"},{"floor":16,"key":"hexamod:SoulburnPotion"},{"floor":23,"key":"Fruit Juice"},{"floor":35,"key":"Slimebound:ThreeZeroPotion"},{"floor":39,"key":"Regen Potion"},{"floor":46,"key":"Block Potion"},{"floor":47,"key":"Block Potion"},{"floor":54,"key":"FearPotion"}],"is_trial":false,"path_per_floor":["M","M","AVR","M","M","R","E","M","T","R","$","M","M","?","R","B",null,"M","M","?","AVR","M","E","?","R","T","?","$","?","T","?","R","B",null,"M","?","M","$","M","E","$","M","T","R","?","E","M","M","R","B",null,"R","$","E","B",null],"character_chosen":"THE_BUGKNIGHT","items_purchased":["Girya","Thread and Needle","MerchantsRug","Sling","Dead Branch","Mummified Hand"],"campfire_rested":2,"item_purchase_floors":[0,0,0,11,28,41],"current_hp_per_floor":[40,38,38,38,38,38,38,38,38,38,38,38,38,38,61,61,78,78,78,78,78,78,78,78,78,78,58,58,42,42,42,81,81,83,76,76,76,76,76,71,71,71,71,71,76,76,82,88,88,90,90,90,90,87,72],"gold":144,"neow_bonus":"","is_daily":false,"chose_seed":false,"campfire_upgraded":2,"win_rate":0.0,"timestamp":1610958881,"path_taken":["M","?","AVR","M","M","R","E","M","T","R","$","M","M","?","R","BOSS","M","M","?","AVR","M","E","?","R","T","?","$","?","?","?","R","BOSS","M","?","M","$","M","E","$","M","T","R","?","E","M","M","R","BOSS","R","$","E","BOSS"],"items_purchased_type":["Relic","Relic","Relic","Relic","Relic","Relic"],"build_version":"2020-12-22","purchased_purges":0,"victory":true,"max_hp_per_floor":[78,78,78,78,78,78,78,78,78,78,78,78,78,78,78,78,78,78,78,78,78,78,83,83,83,83,83,83,83,83,83,83,83,83,83,83,83,83,83,90,90,90,90,90,90,90,90,90,90,90,90,90,90,90,90],"relic_stats":{"Regal Pillow":15,"counters":[69,277],"Mummified Hand":[5],"Dead Branch":[17],"Bronze Scales":[60],"Bag of Preparation":[32],"obtain_stats":[{"Ice Cream":17,"Gremlin Horn":9,"Vajra":7,"HollowMod:VesselMask":0,"aspiration:Stabinomicon":29,"EVO:Axolotl":0,"Boot":11,"Sling":11,"Sundial":26,"aspiration:BabyByrd":13,"DollysMirror":21,"Strawberry":40,"HollowMod:PaleOreRelic":12,"Kunai":5,"hubris:TinFlute":31,"MerchantsRug":36,"Girya":36,"Happy Flower":9,"aspiration:Nostalgia":0,"Dead Branch":28,"Velvet Choker":17,"Guardian:PocketSentry":30,"HollowMod:KingsBrand":24,"Akabeko":9,"energizedSpire:NeverEndingSparkler":34,"MutagenicStrength":24,"Bronze Scales":46,"aspiration:ServantSkillbook":34,"StrikeDummy":6,"aspiration:Lifesprig":9,"Regal Pillow":23,"Mango":36,"StoneCalendar":0,"Bag of Preparation":17,"hubris:RunicObelisk":34,"Burning Blood":0,"Matryoshka":2,"hubris:Icosahedron":19,"Mummified Hand":41,"Gambling Chip":6,"Red Mask":22,"hubris:GlazedTorus":0,"Potion Belt":29,"Lee\u0027s Waffle":10,"infinitespire:CursedDice":22,"HollowMod:GreatKnightMask":20,"Thread and Needle":0,"PreservedInsect":23,"aspiration:HummingbirdHeart":26,"aspiration:SecretTechniqueScroll":17,"hubris:Towel":27,"Frozen Egg 2":26,"Calling Bell":17,"CaptainsWheel":54,"Orrery":36,"Bag of Marbles":3,"Membership Card":36,"Runesmith:AutoHammer":53,"hubris:OldNail":0,"hubris:Potato":38,"hubris:BottledRain":3},{"Ice Cream":53,"Gremlin Horn":22,"Vajra":49,"HollowMod:VesselMask":0,"aspiration:Stabinomicon":57,"EVO:Axolotl":0,"Boot":23,"Sling":50,"Sundial":11,"aspiration:BabyByrd":24,"DollysMirror":55,"Strawberry":62,"HollowMod:PaleOreRelic":6,"Kunai":20,"hubris:TinFlute":33,"MerchantsRug":15,"Girya":15,"Happy Flower":6,"aspiration:Nostalgia":0,"Dead Branch":57,"Velvet Choker":25,"Guardian:PocketSentry":32,"HollowMod:KingsBrand":11,"Akabeko":50,"energizedSpire:NeverEndingSparkler":15,"MutagenicStrength":57,"Bronze Scales":64,"aspiration:ServantSkillbook":58,"StrikeDummy":21,"aspiration:Lifesprig":6,"Regal Pillow":57,"Mango":15,"StoneCalendar":16,"Bag of Preparation":53,"hubris:RunicObelisk":34,"Burning Blood":0,"Matryoshka":1,"hubris:Icosahedron":26,"Mummified Hand":62,"Gambling Chip":4,"Red Mask":28,"hubris:GlazedTorus":44,"Potion Belt":13,"Lee\u0027s Waffle":22,"infinitespire:CursedDice":10,"HollowMod:GreatKnightMask":27,"Thread and Needle":44,"PreservedInsect":29,"aspiration:HummingbirdHeart":30,"aspiration:SecretTechniqueScroll":7,"hubris:Towel":11,"Frozen Egg 2":57,"Calling Bell":53,"CaptainsWheel":43,"Orrery":35,"Bag of Marbles":46,"Membership Card":15,"Runesmith:AutoHammer":42,"hubris:OldNail":16,"hubris:Potato":35,"hubris:BottledRain":1},{"Ice Cream":236,"Gremlin Horn":129,"Vajra":232,"HollowMod:VesselMask":0,"aspiration:Stabinomicon":247,"EVO:Axolotl":0,"Boot":136,"Sling":233,"Sundial":74,"aspiration:BabyByrd":138,"DollysMirror":242,"Strawberry":258,"HollowMod:PaleOreRelic":31,"Kunai":121,"hubris:TinFlute":185,"MerchantsRug":98,"Girya":98,"Happy Flower":31,"aspiration:Nostalgia":0,"Dead Branch":247,"Velvet Choker":154,"Guardian:PocketSentry":180,"HollowMod:KingsBrand":74,"Akabeko":233,"energizedSpire:NeverEndingSparkler":98,"MutagenicStrength":247,"Bronze Scales":261,"aspiration:ServantSkillbook":249,"StrikeDummy":126,"aspiration:Lifesprig":31,"Regal Pillow":247,"Mango":98,"StoneCalendar":103,"Bag of Preparation":236,"hubris:RunicObelisk":192,"Burning Blood":0,"Matryoshka":3,"hubris:Icosahedron":160,"Mummified Hand":258,"Gambling Chip":20,"Red Mask":165,"hubris:GlazedTorus":224,"Potion Belt":83,"Lee\u0027s Waffle":129,"infinitespire:CursedDice":64,"HollowMod:GreatKnightMask":162,"Thread and Needle":224,"PreservedInsect":170,"aspiration:HummingbirdHeart":173,"aspiration:SecretTechniqueScroll":46,"hubris:Towel":74,"Frozen Egg 2":247,"Calling Bell":236,"CaptainsWheel":218,"Orrery":194,"Bag of Marbles":228,"Membership Card":98,"Runesmith:AutoHammer":216,"hubris:OldNail":103,"hubris:Potato":194,"hubris:BottledRain":3}]},"card_choices":[{"not_picked":["HollowMod:GoodIntentions","HollowMod:DescendingDark"],"picked":"HollowMod:SoulSplash","floor":1},{"not_picked":["HollowMod:VengefulVoid","HollowMod:DashSlash","HollowMod:WraithStrike"],"picked":"SKIP","floor":2},{"not_picked":["HollowMod:DoubleDash","HollowMod:GrimmsGift"],"picked":"HollowMod:GreatSlash","floor":4},{"not_picked":["HollowMod:CornifersMapStart","HollowMod:TaintedHusks","HollowMod:ElderbugsWisdom"],"picked":"SKIP","floor":5},{"not_picked":["HollowMod:SiblingsShadow","HollowMod:DesolateDive"],"picked":"HollowMod:SoulShaman","floor":7},{"not_picked":["HollowMod:GoodIntentions","HollowMod:DescendingDark","HollowMod:VengefulSpirit"],"picked":"SKIP","floor":8},{"not_picked":["HollowMod:NewGlowingWomb","HollowMod:SoulStrike","HollowMod:InfectionAssault"],"picked":"SKIP","floor":12},{"not_picked":["HollowMod:NewGlowingWomb","HollowMod:SoulStrike","HollowMod:InfectionAssault"],"picked":"SKIP","floor":12},{"not_picked":["HollowMod:VengefulVoid","HollowMod:SharpenedNail"],"picked":"HollowMod:DoubleDash","floor":13},{"not_picked":["HollowMod:DoubleDash","HollowMod:HowlingWraiths","HollowMod:HeavyBlow"],"picked":"SKIP","floor":18},{"not_picked":["HollowMod:MonarchWings","HollowMod:ChannelNail"],"picked":"HollowMod:LifebloodCocoon","floor":19},{"not_picked":["HollowMod:VoidDash","HollowMod:WraithStrike"],"picked":"HollowMod:MantisMark","floor":22},{"not_picked":["HollowMod:Hiveblood","HollowMod:SoulStrike"],"picked":"HollowMod:NewJinnsSoul","floor":23},{"not_picked":["infinitespire:TheBestDefense","infinitespire:FutureSight"],"picked":"infinitespire:Fortify","floor":27},{"not_picked":["Spin+1","HollowMod:DescendingDark+1","Barrier","HollowMod:BlackTendrils"],"picked":"SKIP","floor":35},{"not_picked":["HollowMod:SiblingsSouls","HollowMod:InfectedCysts","HollowMod:ShadowDash+1","Sabotage"],"picked":"SKIP","floor":37},{"not_picked":["Manipulate+1","HollowMod:HornetsHelp","BottledTime","HollowMod:SoulEater+1"],"picked":"SKIP","floor":39},{"not_picked":["HollowMod:GrimmsGift+1","HollowMod:SharpenedNail","HollowMod:AbyssShriek+1","HollowMod:DashSlash+1"],"picked":"SKIP","floor":40},{"not_picked":["RealityMarble+1","HollowMod:BrokenVessel+1","ShatteredReality"],"picked":"HollowMod:SoulStrike+1","floor":42},{"not_picked":["HollowMod:DoubleDash+1","HollowMod:MonomonsArchive","Replace+1"],"picked":"HollowMod:SiblingsSouls+1","floor":46},{"not_picked":["Hightail","HollowMod:SharpenedNail","HollowMod:HeavyBlow+1"],"picked":"HollowMod:HuntersJournal+1","floor":47},{"not_picked":["HollowMod:RecoilStrike","HollowMod:WraithStrike+1","HollowMod:DescendingDark+1"],"picked":"Luminosity+1","floor":48},{"not_picked":["Rewind","HollowMod:SharpenedNail","Misdirection","HollowMod:DashSlash+1"],"picked":"SKIP","floor":54}],"player_experience":554987,"relics_obtained":[{"floor":7,"key":"Vajra"},{"floor":9,"key":"Akabeko"},{"floor":17,"key":"Bag of Preparation"},{"floor":17,"key":"aspiration:HummingbirdHeart"},{"floor":17,"key":"Ice Cream"},{"floor":23,"key":"Regal Pillow"},{"floor":26,"key":"Frozen Egg 2"},{"floor":30,"key":"Potion Belt"},{"floor":40,"key":"Strawberry"},{"floor":46,"key":"Bronze Scales"},{"floor":54,"key":"Guardian:PocketSentry"}],"event_choices":[{"damage_healed":0,"gold_gain":0,"player_choice":"Leave","damage_taken":0,"max_hp_gain":0,"max_hp_loss":0,"event_name":"conspire:Investor","floor":20,"gold_loss":0},{"damage_healed":0,"gold_gain":0,"player_choice":"Inject Mutagens","damage_taken":0,"relics_obtained":["MutagenicStrength"],"max_hp_gain":0,"max_hp_loss":0,"event_name":"Drug Dealer","floor":24,"gold_loss":0},{"damage_healed":0,"gold_gain":0,"player_choice":"Obtained Book","damage_taken":16,"max_hp_gain":0,"max_hp_loss":0,"event_name":"Cursed Tome","floor":29,"gold_loss":0},{"cards_removed":["HollowMod:NewJinnsSoul"],"damage_healed":5,"gold_gain":0,"player_choice":"Offered Common","damage_taken":0,"max_hp_gain":0,"max_hp_loss":0,"event_name":"Bonfire Elementals","floor":45,"gold_loss":0},{"cards_removed":["HollowMod:NewJinnsSoul"],"damage_healed":5,"gold_gain":0,"player_choice":"Offered Special","damage_taken":0,"max_hp_gain":0,"max_hp_loss":0,"event_name":"Bonfire Elementals","floor":45,"gold_loss":0}],"is_beta":false,"boss_relics":[{"not_picked":["energizedSpire:RedRose","Runic Dome"],"picked":"Calling Bell"},{"not_picked":["aspiration:DefectSkillbook","hubris:TerracottaHorce"],"picked":"aspiration:ServantSkillbook"}],"items_purged_floors":[],"is_endless":false,"potions_floor_spawned":[4,7,12,13,16,19,23,35,39,46,47,54],"ascension_level":0}}