{"host":"e1r14iqujvrv6qpf","time":1610985316,"event":{"mods":["AchievementEnabler","Act Like it!","BaseMod","BetterRewards","Colored Map","Colored Powertips","Conspire","Decade(王小明)","Friendly Minions","Googly Eyes","Highlight Path","KinomotoSakuraMod(木之本樱)","LagranYue(拉格朗・月)","Marisa（F雨　魔理沙）","Minty Spire (QoL Compilation)","Quick Restart","Reimu（博丽灵梦）","Remilia（蕾米莉亚）","Shop Mod","SuperFastMode","The Administrix","The Construct","The Disciple","The Servant 0.9.4","Waifu the Spire","Youmu（魂魄妖梦）","Yuyuko"],"gold_per_floor":[114,114,139,157,157,157,157],"floor_reached":6,"language":"ZHS","playtime":276,"items_purged":[],"score":41,"play_id":"d7122ed7-dd35-4203-8752-fd4d01bd82c9","local_time":"20210118235516","is_ascension_mode":true,"campfire_choices":[],"circlet_count":0,"master_deck":["Strike_S","Strike_S","Strike_S","Defend_S","Defend_S","Defend_S","Defend_S","KidneyShot","Exchange","Spin","TimeTheft"],"relics":["Uniform","LagranYue:RandomDrawCardRelic","Pocketwatch","Golden Idol"],"acts_visited":["Exordium"],"potions_floor_usage":[],"damage_taken":[{"damage":3,"enemies":"Jaw Worm","floor":1,"turns":4},{"damage":0,"enemies":"Small Slimes","floor":3,"turns":3},{"damage":6,"enemies":"Cultist","floor":4,"turns":3},{"damage":15,"enemies":"Lagavulin","floor":6,"turns":5}],"seed_played":"-1033253586495950387","potions_obtained":[],"is_trial":false,"path_per_floor":["M","?","M","M","?","E"],"character_chosen":"THE_SERVANT","items_purchased":[],"campfire_rested":0,"item_purchase_floors":[],"current_hp_per_floor":[56,42,42,36,29,14,14],"gold":157,"neow_bonus":"ONE_RARE_RELIC","is_daily":false,"chose_seed":false,"campfire_upgraded":0,"win_rate":0.0,"timestamp":1610985316,"path_taken":["M","?","M","M","?","E"],"items_purchased_type":[],"build_version":"2020-12-22","purchased_purges":0,"victory":false,"max_hp_per_floor":[59,59,59,59,59,59,59],"card_choices":[{"not_picked":["Spin","Rewind","Rearm"],"picked":"SKIP","floor":1},{"not_picked":["Unruled","Luminosity"],"picked":"Spin","floor":3},{"not_picked":["Spin","Revamp"],"picked":"TimeTheft","floor":4}],"player_experience":274149,"relics_obtained":[],"event_choices":[{"damage_healed":0,"gold_gain":0,"player_choice":"Take Damage","damage_taken":14,"relics_obtained":["Golden Idol"],"max_hp_gain":0,"max_hp_loss":0,"event_name":"Golden Idol","floor":2,"gold_loss":0},{"cards_removed":["Strike_S"],"damage_healed":0,"gold_gain":0,"player_choice":"Card Removal","damage_taken":7,"max_hp_gain":0,"max_hp_loss":0,"event_name":"Golden Wing","floor":5,"gold_loss":0}],"is_beta":false,"boss_relics":[],"items_purged_floors":[],"is_endless":false,"potions_floor_spawned":[],"killed_by":"Lagavulin","ascension_level":3}}