{"host":"bf9sa99gaumonoeu","time":1610996194,"event":{"mods":["AchievementEnabler","Act Like it!","Aspiration","BaseMod","Bestiary","Better Note","Block Reminder","Colored Map","Colored Powertips","Fox Events","Friendly Minions","Gensokyo","GifTheSpireLib","Googly Eyes","Hallownest","Hermit","Highlight Path","Hubris","Jorbs\u0027s Wanderer Trilogy","KinomotoSakuraMod(????)","Koishi","Marisa????????","Minty Spire (QoL Compilation)","Rare Cards Sparkle","Reimu??????","Relic Stats","Remilia??????","Replay The Spire","StSLib","The Administrix","The Animator","The Blue Laboratory","The Bug Knight","The Construct","The Cursed","The Hierophant","The Mystic","The Necromancer","The Poker Player","The Runesmith","The Senshi","The Servant 0.9.4"],"gold_per_floor":[17,32,50,66,15,41,54,54,54,54,69,69,80,111,111,189,189,204,42,42,42,55,73,73,73,73,93,93,113,52,52,52,124,124,135,135,146,165,180,180,192,192,192],"floor_reached":42,"language":"ENG","playtime":2721,"items_purged":[],"score":853,"play_id":"8dc4e225-cb2c-4918-87f7-8b25f71a097e","local_time":"20210118165634","is_ascension_mode":true,"campfire_choices":[{"data":"All Out Attack","floor":8.0,"key":"SMITH"},{"data":"Backflip","floor":10.0,"key":"SMITH"},{"floor":12.0,"key":"REST"},{"floor":15.0,"key":"REST"},{"data":"Draining Mist","floor":24.0,"key":"SMITH"},{"floor":28.0,"key":"REST"},{"floor":32.0,"key":"DIG"},{"floor":40,"key":"REST"}],"circlet_count":0,"master_deck":["AscendersBane","Strike_G","Strike_G","Strike_G","Strike_G","Strike_G","Defend_G","Defend_G","Defend_G","Defend_G","Defend_G","Survivor","Neutralize","Blade Dance","All Out Attack+1","Deadly Poison","Deadly Poison","Slice","Backflip+1","Blur","Prepared","Burst+1","Deflect","Footwork","Catalyst","Draining Mist+1","PiercingWail","Escape Plan+1","Tactician+1","Die Die Die","ReplayTheSpireMod:Speed Training+1","hubris:Disease","Deflect+1","Predator","Fluid Movement+1","Dodge and Roll"],"relics":["Ring of the Snake","Lizard Tail","aspiration:StickyExplosives_weak","aspiration:Nostalgia","Cracked Core","Chameleon Ring","Replay:Grab Bag","Painkiller Herb","Cursed Key","construct:ClawGrip","ReplayFunnel","PureWhite:ReiMu","Honey Jar","Unceasing Top"],"acts_visited":["Exordium","TheCity","TheBeyond"],"potions_floor_usage":[41],"damage_taken":[{"damage":7.0,"enemies":"Cultist","floor":1.0,"turns":6.0},{"damage":1.0,"enemies":"Jaw Worm","floor":2.0,"turns":4.0},{"damage":0.0,"enemies":"Small Slimes","floor":3.0,"turns":2.0},{"damage":4.0,"enemies":"Blue Slaver","floor":4.0,"turns":4.0},{"damage":21.0,"enemies":"Lagavulin","floor":6.0,"turns":6.0},{"damage":0.0,"enemies":"Lots of Slimes","floor":7.0,"turns":1.0},{"damage":9.0,"enemies":"Red Slaver","floor":11.0,"turns":4.0},{"damage":0.0,"enemies":"2 Fungi Beasts","floor":13.0,"turns":3.0},{"damage":25.0,"enemies":"3 Sentries","floor":14.0,"turns":8.0},{"damage":51.0,"enemies":"Hexaghost","floor":16.0,"turns":11.0},{"damage":2.0,"enemies":"Spheric Guardian","floor":18.0,"turns":5.0},{"damage":0.0,"enemies":"3 Byrds","floor":22.0,"turns":4.0},{"damage":12.0,"enemies":"Snake Plant","floor":23.0,"turns":4.0},{"damage":14.0,"enemies":"Cultist and Chosen","floor":27.0,"turns":6.0},{"damage":1.0,"enemies":"Centurion and Healer","floor":29.0,"turns":7.0},{"damage":10.0,"enemies":"Collector","floor":33.0,"turns":8.0},{"damage":9.0,"enemies":"3 Shapes","floor":35.0,"turns":4.0},{"damage":0.0,"enemies":"Orb Walker","floor":37.0,"turns":3.0},{"damage":27.0,"enemies":"Jaw Worm Horde","floor":38.0,"turns":4.0},{"damage":19,"enemies":"4 Shapes","floor":39,"turns":5},{"damage":12,"enemies":"3 Darklings","floor":41,"turns":6},{"damage":11,"enemies":"Transient","floor":42,"turns":2}],"seed_played":"-218812992696795278","potions_obtained":[{"floor":2.0,"key":"blueLaboratory:StoneskinPotion"},{"floor":4.0,"key":"blueLaboratory:PyrophylliteBrew"},{"floor":16.0,"key":"blueLaboratory:TrueEctoplasm"},{"floor":22.0,"key":"Energy Potion"},{"floor":27.0,"key":"blueLaboratory:BottledHope"},{"floor":37.0,"key":"Fire Potion"},{"floor":39,"key":"Weak Potion"}],"is_trial":false,"path_per_floor":["M","M","M","M","$","E","M","R","T","R","M","R","M","E","R","B",null,"?","T","T","?","?","?","T","T","T","?","T","?","T","?","T","B",null,"?","T","?","?","?","T","?","?"],"character_chosen":"THE_SILENT","items_purchased":["Slice","Footwork","Catalyst","Tactician+1"],"campfire_rested":4,"item_purchase_floors":[5,19,19,30],"current_hp_per_floor":[52,51,51,47,47,26,26,26,26,26,17,36,36,11,30,15,53,51,51,51,51,51,39,39,39,39,25,44,43,43,43,43,33,58,49,49,49,22,3,22,10,0,0],"gold":192,"neow_bonus":"ONE_RARE_RELIC","is_daily":false,"chose_seed":false,"campfire_upgraded":3,"win_rate":0.0,"timestamp":1610996194,"path_taken":["M","M","M","M","$","E","M","R","T","R","M","R","M","E","R","BOSS","?","?","T","?","?","?","T","?","T","?","T","?","T","?","T","BOSS","?","?","?","?","?","T","?","?"],"items_purchased_type":["Card","Card","Card","Card"],"build_version":"2020-12-22","purchased_purges":0,"victory":false,"max_hp_per_floor":[66,66,66,66,66,66,66,66,66,66,66,66,66,66,66,66,66,66,66,66,66,66,66,66,66,66,66,66,66,66,66,66,66,66,66,66,66,66,66,66,66,66,66],"relic_stats":{"Lizard Tail":33,"counters":[22,107],"Cursed Key":2,"obtain_stats":[{"ReplayFunnel":26,"construct:ClawGrip":17,"aspiration:Nostalgia":9,"Replay:Grab Bag":17,"Painkiller Herb":17,"Cursed Key":17,"aspiration:StickyExplosives_weak":6,"Lizard Tail":0,"PureWhite:ReiMu":32,"Chameleon Ring":14,"Honey Jar":34,"Cracked Core":9,"Unceasing Top":36,"Ring of the Snake":0},{"ReplayFunnel":13,"construct:ClawGrip":10,"aspiration:Nostalgia":6,"Replay:Grab Bag":10,"Painkiller Herb":10,"Cursed Key":10,"aspiration:StickyExplosives_weak":5,"Lizard Tail":0,"PureWhite:ReiMu":15,"Chameleon Ring":9,"Honey Jar":16,"Cracked Core":6,"Unceasing Top":17,"Ring of the Snake":0},{"ReplayFunnel":62,"construct:ClawGrip":49,"aspiration:Nostalgia":23,"Replay:Grab Bag":49,"Painkiller Herb":49,"Cursed Key":49,"aspiration:StickyExplosives_weak":22,"Lizard Tail":0,"PureWhite:ReiMu":75,"Chameleon Ring":38,"Honey Jar":83,"Cracked Core":23,"Unceasing Top":87,"Ring of the Snake":0}],"Unceasing Top":[6],"Ring of the Snake":[44]},"card_choices":[{"not_picked":["hubris:SlightOfHand","PiercingWail"],"picked":"Blade Dance","floor":1.0},{"not_picked":["Cloak And Dagger","Predator"],"picked":"All Out Attack","floor":2.0},{"not_picked":["Deflect","Backflip"],"picked":"Deadly Poison","floor":3.0},{"not_picked":["hubris:Sniper","Crippling Poison"],"picked":"Deadly Poison","floor":4.0},{"not_picked":["hubris:Counter","Dagger Throw"],"picked":"Backflip","floor":6.0},{"not_picked":["Dagger Throw","hubris:Counter"],"picked":"Blur","floor":7.0},{"not_picked":["Blade Dance","Outmaneuver","Doppelganger"],"picked":"SKIP","floor":11.0},{"not_picked":["Bouncing Flask","Skewer"],"picked":"Prepared","floor":13.0},{"not_picked":["Choke","Slice","Backflip"],"picked":"SKIP","floor":14.0},{"not_picked":["Wraith Form v2","Tools of the Trade"],"picked":"Burst","floor":16.0},{"not_picked":["Underhanded Strike","Skewer"],"picked":"Deflect","floor":18.0},{"not_picked":["hubris:TrickCloak","hubris:SlightOfHand"],"picked":"Draining Mist","floor":22.0},{"not_picked":["Finisher","Outmaneuver"],"picked":"PiercingWail","floor":23.0},{"not_picked":["Masterful Stab","Flying Knee","Endless Agony"],"picked":"SKIP","floor":27.0},{"not_picked":["Infinite Blades","Outmaneuver"],"picked":"Escape Plan+1","floor":29.0},{"not_picked":["Grand Finale","Glass Knife"],"picked":"Die Die Die","floor":33.0},{"not_picked":["Bane+1","Noxious Fumes","Cloak And Dagger"],"picked":"ReplayTheSpireMod:Speed Training+1","floor":35.0},{"not_picked":["Slice","Cloak And Dagger+1","ReplayTheSpireMod:From All Sides"],"picked":"Deflect+1","floor":37.0},{"not_picked":["Flying Knee","ReplayTheSpireMod:Speed Training","Bane"],"picked":"Predator","floor":38.0},{"not_picked":["Flechettes","Quick Slash+1","hubris:SlightOfHand"],"picked":"Fluid Movement+1","floor":39},{"not_picked":["Slice","Flying Knee","Dagger Spray"],"picked":"Dodge and Roll","floor":41}],"player_experience":988578,"relics_obtained":[{"floor":6.0,"key":"aspiration:StickyExplosives_weak"},{"floor":9.0,"key":"aspiration:Nostalgia"},{"floor":14.0,"key":"Chameleon Ring"},{"floor":26.0,"key":"ReplayFunnel"},{"floor":32.0,"key":"PureWhite:ReiMu"},{"floor":36.0,"key":"Unceasing Top"}],"event_choices":[{"damage_healed":0.0,"max_hp_gain":0.0,"max_hp_loss":0.0,"gold_gain":0.0,"event_name":"Upgrade Shrine","player_choice":"Upgraded","floor":21.0,"gold_loss":0.0,"damage_taken":0.0,"cards_upgraded":["Burst"]},{"cards_removed":["hubris:Envy"],"damage_healed":0.0,"max_hp_gain":0.0,"max_hp_loss":0.0,"gold_gain":0.0,"event_name":"Purifier","player_choice":"Purged","floor":31.0,"gold_loss":0.0,"damage_taken":0.0}],"is_beta":false,"boss_relics":[{"not_picked":["Coffee Dripper","SlaversCollar"],"picked":"Replay:Grab Bag"},{"not_picked":["Runesmith:UraniumAnvil","ChewingGum"],"picked":"Painkiller Herb"},{"not_picked":["Philosopher\u0027s Stone","hubris:RunicObelisk"],"picked":"Cursed Key"},{"not_picked":["hubris:BlackHole","RedLine:ReiMu"],"picked":"construct:ClawGrip"},{"not_picked":["Replay:Ancient Bell","hubris:Stopwatch"],"picked":"Honey Jar"}],"items_purged_floors":[],"is_endless":false,"potions_floor_spawned":[2,4,16,22,27,29,37,39],"killed_by":"Transient","ascension_level":20}}