{"host":"mmqs5ul2bvb60kyc","time":1610967792,"event":{"mods":["AchievementEnabler","BaseMod","Colored Map","Colored Powertips","Minty Spire (QoL Compilation)","Quick Restart","StSLib"],"gold_per_floor":[119,44,44,44,44,44,44,69,96,112,141,216,216,234,234,313,313,333,333,350,364,364,364,699,699,699,719,719,734,748,470,470,543,543,562,1090,1115,704,714,746,773,803,803,581,593,626,653,362,362,362,362,362,12,43,43],"floor_reached":56,"language":"ZHS","playtime":3020,"items_purged":["Shame","Strike_P+1","Strike_P+1","Strike_P+1","Parasite","Defend_P+1"],"score":2447,"play_id":"b2f8718f-3dad-4ea9-9361-d8dbbaa63ed3","local_time":"20210118190312","is_ascension_mode":true,"campfire_choices":[{"data":"Eruption","floor":6.0,"key":"SMITH"},{"floor":13.0,"key":"REST"},{"data":"Vault","floor":15.0,"key":"SMITH"},{"floor":23.0,"key":"RECALL"},{"data":"Brilliance","floor":25.0,"key":"SMITH"},{"data":"WheelKick","floor":28.0,"key":"SMITH"},{"floor":32.0,"key":"REST"},{"floor":49.0,"key":"DIG"},{"floor":52.0,"key":"DIG"}],"circlet_count":0,"master_deck":["AscendersBane","Eruption+1","Vigilance+1","Vault+1","Indignation+1","InnerPeace+1","LessonLearned+1","Sanctity+1","Collect+1","Consecrate+1","WheelKick+1","Tantrum+1","Prostrate+1","Brilliance+1","Wallop+1","Vault+1","CurseOfTheBell","Adaptation+1","Wallop+1","Fasting2+1","Scrawl+1","Wireheading+1","TalkToTheHand+1","Vault+1","Ragnarok"],"relics":["PureWater","Turnip","Bag of Marbles","Potion Belt","Blood Vial","Lantern","Astrolabe","Old Coin","Calling Bell","Orichalcum","Mummified Hand","WingedGreaves","Du-Vu Doll","Thread and Needle","Bird Faced Urn","Gambling Chip","Prayer Wheel","Dead Branch","Torii","CaptainsWheel","CloakClasp","Lizard Tail","Calipers","FossilizedHelix","Membership Card","Centennial Puzzle","Ornamental Fan","Darkstone Periapt","Unceasing Top","Nunchaku","TeardropLocket","Strawberry","Melange","Shovel","Toxic Egg 2","TheAbacus","Bottled Lightning","Sundial","Mercury Hourglass","Medical Kit","Bronze Scales","Damaru","Yang"],"acts_visited":["Exordium","TheCity","TheBeyond","TheEnding"],"potions_floor_usage":[55,55,55,55,55,55,55,55],"damage_taken":[{"damage":3.0,"enemies":"Small Slimes","floor":1.0,"turns":5.0},{"damage":19.0,"enemies":"Lagavulin","floor":8.0,"turns":7.0},{"damage":0.0,"enemies":"2 Louse","floor":10.0,"turns":2.0},{"damage":10.0,"enemies":"Gremlin Nob","floor":11.0,"turns":4.0},{"damage":0.0,"enemies":"Jaw Worm","floor":14.0,"turns":1.0},{"damage":21.0,"enemies":"Hexaghost","floor":16.0,"turns":10.0},{"damage":6.0,"enemies":"3 Byrds","floor":18.0,"turns":4.0},{"damage":2.0,"enemies":"Shell Parasite","floor":20.0,"turns":2.0},{"damage":0.0,"enemies":"Cultist and Chosen","floor":21.0,"turns":3.0},{"damage":14.0,"enemies":"Slavers","floor":24.0,"turns":3.0},{"damage":0.0,"enemies":"Snake Plant","floor":27.0,"turns":2.0},{"damage":15.0,"enemies":"Centurion and Healer","floor":29.0,"turns":3.0},{"damage":0.0,"enemies":"Sentry and Sphere","floor":30.0,"turns":2.0},{"damage":4.0,"enemies":"Automaton","floor":33.0,"turns":6.0},{"damage":20.0,"enemies":"3 Shapes","floor":35.0,"turns":5.0},{"damage":0.0,"enemies":"2 Orb Walkers","floor":36.0,"turns":4.0},{"damage":0.0,"enemies":"Mind Bloom Boss Battle","floor":37.0,"turns":3.0},{"damage":0.0,"enemies":"Orb Walker","floor":39.0,"turns":1.0},{"damage":0.0,"enemies":"Giant Head","floor":40.0,"turns":7.0},{"damage":0.0,"enemies":"Reptomancer","floor":41.0,"turns":3.0},{"damage":0.0,"enemies":"Nemesis","floor":42.0,"turns":10.0},{"damage":0.0,"enemies":"Writhing Mass","floor":45.0,"turns":3.0},{"damage":0.0,"enemies":"Giant Head","floor":46.0,"turns":5.0},{"damage":0.0,"enemies":"Nemesis","floor":47.0,"turns":5.0},{"damage":0.0,"enemies":"Time Eater","floor":50.0,"turns":8.0},{"damage":0.0,"enemies":"Shield and Spear","floor":54.0,"turns":4.0},{"damage":1,"enemies":"The Heart","floor":55,"turns":7}],"seed_played":"6179796613544467139","potions_obtained":[{"floor":1.0,"key":"SteroidPotion"},{"floor":16.0,"key":"BottledMiracle"},{"floor":18.0,"key":"LiquidMemories"},{"floor":20.0,"key":"SkillPotion"},{"floor":29.0,"key":"SkillPotion"},{"floor":35.0,"key":"Ancient Potion"},{"floor":36.0,"key":"Fruit Juice"},{"floor":36.0,"key":"Strength Potion"}],"is_trial":false,"path_per_floor":["M","$","?","?","?","R","?","E","T","M","E","?","R","M","R","B",null,"M","?","M","M","?","R","E","R","T","M","R","M","M","$","R","B",null,"M","?","?","$","M","E","E","E","T","$","M","E","E","$","R","B",null,"R","$","E","B",null],"character_chosen":"WATCHER","items_purchased":["Wallop","EntropicBrew","Membership Card","Centennial Puzzle","Ornamental Fan","Strawberry","Melange","TheAbacus","Bottled Lightning","Medical Kit","Bronze Scales","Damaru","PowerPotion"],"campfire_rested":2,"item_purchase_floors":[31,31,38,38,38,44,44,48,48,53,53,53,53],"current_hp_per_floor":[58,58,55,48,34,34,39,20,20,22,14,3,24,26,26,7,57,53,53,53,55,55,55,43,43,43,45,45,32,34,34,55,53,68,50,57,59,59,63,67,71,78,78,85,91,91,91,88,88,88,88,88,88,88,88],"gold":43,"neow_bonus":"ONE_RARE_RELIC","is_daily":false,"chose_seed":false,"campfire_upgraded":4,"win_rate":0.0,"timestamp":1610967792,"path_taken":["M","$","?","?","?","R","?","E","T","M","E","?","R","M","R","BOSS","M","?","M","M","?","R","E","R","T","M","R","M","?","$","R","BOSS","M","?","?","$","M","E","E","E","T","$","M","E","E","$","R","BOSS","R","$","E","BOSS"],"items_purchased_type":["Card","Potion","Relic","Relic","Relic","Relic","Relic","Relic","Relic","Relic","Relic","Relic","Potion"],"build_version":"2020-12-22","purchased_purges":6,"victory":true,"max_hp_per_floor":[68,68,68,68,68,68,73,73,73,73,73,73,73,73,73,73,73,73,73,73,73,73,73,73,73,73,73,73,73,73,73,73,73,73,73,78,78,78,78,78,78,78,78,85,91,91,91,88,88,88,88,88,88,88,88],"card_choices":[{"not_picked":["CarveReality","PathToVictory","ThirdEye"],"picked":"SKIP","floor":1.0},{"not_picked":["EmptyFist","EmptyBody"],"picked":"Vault","floor":8.0},{"not_picked":["FollowUp","Sanctity"],"picked":"Indignation","floor":10.0},{"not_picked":["ThirdEye","JustLucky","CarveReality"],"picked":"SKIP","floor":11.0},{"not_picked":["BattleHymn","CrushJoints"],"picked":"InnerPeace","floor":14.0},{"not_picked":["SpiritShield","DeusExMachina"],"picked":"LessonLearned","floor":16.0},{"not_picked":["ClearTheMind","WreathOfFlame"],"picked":"WheelKick","floor":18.0},{"not_picked":["ThirdEye","Swivel"],"picked":"Prostrate+1","floor":20.0},{"not_picked":["Swivel","WheelKick","FlurryOfBlows"],"picked":"SKIP","floor":21.0},{"not_picked":["Consecrate","SashWhip"],"picked":"Brilliance","floor":24.0},{"not_picked":["Collect","FlyingSleeves","Evaluate"],"picked":"SKIP","floor":27.0},{"not_picked":["Evaluate","EmptyBody","Study"],"picked":"SKIP","floor":29.0},{"not_picked":["Worship+1","FollowUp","PathToVictory+1"],"picked":"SKIP","floor":30.0},{"not_picked":["MasterReality","DeusExMachina"],"picked":"Vault","floor":33.0},{"not_picked":["Perseverance","SandsOfTime","ClearTheMind"],"picked":"SKIP","floor":35.0},{"not_picked":["CutThroughFate","Halt"],"picked":"Adaptation","floor":36.0},{"not_picked":["FlyingSleeves","SashWhip"],"picked":"Wallop","floor":39.0},{"not_picked":["EmptyBody","SandsOfTime"],"picked":"Fasting2","floor":39.0},{"not_picked":["CarveReality","Tantrum"],"picked":"Scrawl","floor":40.0},{"not_picked":["Perseverance","Devotion","FlurryOfBlows"],"picked":"SKIP","floor":41.0},{"not_picked":["ReachHeaven+1","SandsOfTime"],"picked":"Wireheading+1","floor":42.0},{"not_picked":["Crescendo","PathToVictory","CarveReality"],"picked":"SKIP","floor":45.0},{"not_picked":["FlurryOfBlows+1","Study","InnerPeace"],"picked":"SKIP","floor":45.0},{"not_picked":["Study","Wireheading"],"picked":"TalkToTheHand+1","floor":46.0},{"not_picked":["ClearTheMind+1","EmptyMind+1"],"picked":"Vault+1","floor":47.0},{"not_picked":["Halt+1","Brilliance"],"picked":"Ragnarok","floor":54.0}],"player_experience":276324,"relics_obtained":[{"floor":8.0,"key":"Potion Belt"},{"floor":9.0,"key":"Blood Vial"},{"floor":11.0,"key":"Lantern"},{"floor":24.0,"key":"Old Coin"},{"floor":34.0,"key":"Orichalcum"},{"floor":34.0,"key":"Mummified Hand"},{"floor":34.0,"key":"WingedGreaves"},{"floor":36.0,"key":"Du-Vu Doll"},{"floor":36.0,"key":"Thread and Needle"},{"floor":36.0,"key":"Bird Faced Urn"},{"floor":36.0,"key":"Gambling Chip"},{"floor":36.0,"key":"Prayer Wheel"},{"floor":36.0,"key":"Dead Branch"},{"floor":36.0,"key":"Torii"},{"floor":36.0,"key":"CaptainsWheel"},{"floor":36.0,"key":"CloakClasp"},{"floor":36.0,"key":"Lizard Tail"},{"floor":36.0,"key":"Calipers"},{"floor":37.0,"key":"FossilizedHelix"},{"floor":40.0,"key":"Darkstone Periapt"},{"floor":41.0,"key":"Unceasing Top"},{"floor":42.0,"key":"Nunchaku"},{"floor":43.0,"key":"TeardropLocket"},{"floor":46.0,"key":"Shovel"},{"floor":47.0,"key":"Toxic Egg 2"},{"floor":49.0,"key":"Sundial"},{"floor":52.0,"key":"Mercury Hourglass"},{"floor":54.0,"key":"Yang"}],"event_choices":[{"damage_healed":0.0,"max_hp_gain":0.0,"max_hp_loss":0.0,"gold_gain":0.0,"event_name":"Scrap Ooze","player_choice":"Success","floor":3.0,"gold_loss":0.0,"damage_taken":3.0,"relics_obtained":["Bag of Marbles"]},{"cards_removed":["Defend_P"],"damage_healed":0.0,"max_hp_gain":0.0,"max_hp_loss":0.0,"gold_gain":0.0,"event_name":"Golden Wing","player_choice":"Card Removal","floor":4.0,"gold_loss":0.0,"damage_taken":7.0},{"damage_healed":0.0,"max_hp_gain":0.0,"max_hp_loss":0.0,"gold_gain":0.0,"event_name":"Shining Light","player_choice":"Entered Light","floor":5.0,"gold_loss":0.0,"damage_taken":14.0,"cards_upgraded":["Defend_P","Defend_P"]},{"damage_healed":0.0,"max_hp_gain":5.0,"max_hp_loss":0.0,"gold_gain":0.0,"event_name":"Big Fish","player_choice":"Donut","floor":7.0,"gold_loss":0.0,"damage_taken":0.0},{"damage_healed":0.0,"max_hp_gain":0.0,"max_hp_loss":0.0,"gold_gain":75.0,"event_name":"World of Goop","player_choice":"Gather Gold","floor":12.0,"gold_loss":0.0,"damage_taken":11.0},{"damage_healed":0.0,"max_hp_gain":0.0,"max_hp_loss":0.0,"gold_gain":0.0,"event_name":"The Library","player_choice":"Read","floor":19.0,"gold_loss":0.0,"damage_taken":0.0,"cards_obtained":["Tantrum"]},{"damage_healed":0.0,"max_hp_gain":0.0,"max_hp_loss":0.0,"gold_gain":0.0,"event_name":"Accursed Blacksmith","player_choice":"Forge","floor":22.0,"gold_loss":0.0,"damage_taken":0.0,"cards_upgraded":["Tantrum"]},{"damage_healed":0.0,"max_hp_gain":0.0,"max_hp_loss":0.0,"gold_gain":0.0,"event_name":"Mysterious Sphere","player_choice":"Fight","floor":36.0,"gold_loss":0.0,"damage_taken":0.0},{"damage_healed":0.0,"max_hp_gain":0.0,"max_hp_loss":0.0,"gold_gain":0.0,"event_name":"Mysterious Sphere","player_choice":"Fight","floor":36.0,"gold_loss":0.0,"damage_taken":0.0},{"damage_healed":0.0,"max_hp_gain":0.0,"max_hp_loss":0.0,"gold_gain":0.0,"event_name":"Mysterious Sphere","player_choice":"Fight","floor":36.0,"gold_loss":0.0,"damage_taken":0.0},{"damage_healed":0.0,"max_hp_gain":0.0,"max_hp_loss":0.0,"gold_gain":0.0,"event_name":"Mysterious Sphere","player_choice":"Fight","floor":36.0,"gold_loss":0.0,"damage_taken":0.0},{"damage_healed":0.0,"max_hp_gain":0.0,"max_hp_loss":0.0,"gold_gain":0.0,"event_name":"Mysterious Sphere","player_choice":"Fight","floor":36.0,"gold_loss":0.0,"damage_taken":0.0},{"damage_healed":0.0,"max_hp_gain":0.0,"max_hp_loss":0.0,"gold_gain":0.0,"event_name":"Mysterious Sphere","player_choice":"Fight","floor":36.0,"gold_loss":0.0,"damage_taken":0.0},{"damage_healed":0.0,"max_hp_gain":0.0,"max_hp_loss":0.0,"gold_gain":0.0,"event_name":"Mysterious Sphere","player_choice":"Fight","floor":36.0,"gold_loss":0.0,"damage_taken":0.0},{"damage_healed":0.0,"max_hp_gain":0.0,"max_hp_loss":0.0,"gold_gain":0.0,"event_name":"Mysterious Sphere","player_choice":"Fight","floor":36.0,"gold_loss":0.0,"damage_taken":0.0},{"damage_healed":0.0,"max_hp_gain":0.0,"max_hp_loss":0.0,"gold_gain":0.0,"event_name":"Mysterious Sphere","player_choice":"Fight","floor":36.0,"gold_loss":0.0,"damage_taken":0.0},{"damage_healed":0.0,"max_hp_gain":0.0,"max_hp_loss":0.0,"gold_gain":0.0,"event_name":"Mysterious Sphere","player_choice":"Fight","floor":36.0,"gold_loss":0.0,"damage_taken":0.0},{"damage_healed":0.0,"max_hp_gain":0.0,"max_hp_loss":0.0,"gold_gain":0.0,"event_name":"Mysterious Sphere","player_choice":"Fight","floor":36.0,"gold_loss":0.0,"damage_taken":0.0},{"damage_healed":0.0,"max_hp_gain":0.0,"max_hp_loss":0.0,"gold_gain":0.0,"event_name":"MindBloom","player_choice":"Fight","floor":37.0,"gold_loss":0.0,"damage_taken":0.0}],"is_beta":false,"boss_relics":[{"not_picked":["HolyWater","Velvet Choker"],"picked":"Astrolabe"},{"not_picked":["Pandora\u0027s Box","Snecko Eye"],"picked":"Calling Bell"}],"items_purged_floors":[2,31,38,44,48,53],"is_endless":false,"potions_floor_spawned":[1,16,18,20,29,35,36,36,36,36,36,39,41,42,46,47,54],"ascension_level":14}}