{"host":"zxd2l8an9de7z7b9","time":1610987898,"event":{"mods":["100% Spire Juice","2.2 Compatiblity","BaseMod","CapriCore","Colored Map","Colored Powertips","GungeonMod","Minty Spire (QoL Compilation)","Rare Cards Sparkle","Replay The Spire","StSLib","SuperFastMode"],"gold_per_floor":[114,39,57,111,130,130,147,147,147,159,159,159,184,47,47,149,249,261,211,221,221,20,53,53,87,87,87,102,102,102,121,121,121,121],"floor_reached":33,"language":"KOR","playtime":2141,"items_purged":["DemoMod:Defend_Huntress","DemoMod:Defend_Huntress"],"score":285,"play_id":"55a95f0b-ee5b-460e-b564-00e035bc3300","local_time":"20210119013818","is_ascension_mode":false,"campfire_choices":[{"data":"DemoMod:ManualReload","floor":6.0,"key":"SMITH"},{"floor":12.0,"key":"REST"},{"floor":15.0,"key":"REST"},{"data":"DemoMod:ShadowBullets","floor":24,"key":"SMITH"},{"data":"DemoMod:Unmoved","floor":27,"key":"SMITH"},{"floor":29,"key":"REST"},{"floor":32,"key":"REST"}],"circlet_count":0,"master_deck":["DemoMod:Strike_Huntress","DemoMod:Defend_Huntress","DemoMod:Roll","DemoMod:ManualReload+1","DemoMod:RustySidearm","DemoMod:CrossBow","DemoMod:JK47","DemoMod:StickyCrossBow","DemoMod:FeignSurrender","DemoMod:DarkMarker","DemoMod:TeaPot","DemoMod:FastSwitch","DemoMod:PracticeMakesPerfect","DemoMod:Eureka","DemoMod:GunShield","DemoMod:Eureka","DemoMod:TeaPot","DemoMod:TripleGun","DemoMod:MachoBrace","DemoMod:TeaPot","DemoMod:RadGun","DemoMod:Unmoved+1","DemoMod:ShadowBullets+1","DemoMod:HuntsMan","DemoMod:HighKaliber","DemoMod:SniperShot","DemoMod:FastSwitch"],"relics":["DemoMod:Dog","Blood Vial","Replay:WaspNest","Replay:Wanted Poster","Replay:Bottled Steam","BargainBundle","Simple Rune","Onion Ring","Frozen Egg 2"],"acts_visited":["Exordium","TheCity"],"potions_floor_usage":[16,16,16,25,25,33,33],"damage_taken":[{"damage":0.0,"enemies":"Jaw Worm","floor":1.0,"turns":3.0},{"damage":6.0,"enemies":"2 Louse","floor":3.0,"turns":2.0},{"damage":5.0,"enemies":"Cultist","floor":4.0,"turns":6.0},{"damage":9.0,"enemies":"Exordium Thugs","floor":5.0,"turns":3.0},{"damage":7.0,"enemies":"2 Fungi Beasts","floor":7.0,"turns":3.0},{"damage":13.0,"enemies":"Red Slaver","floor":10.0,"turns":4.0},{"damage":23.0,"enemies":"Lagavulin","floor":13.0,"turns":5.0},{"damage":48,"enemies":"Fading Forest","floor":16,"turns":11},{"damage":8,"enemies":"3 Byrds","floor":18,"turns":4},{"damage":2,"enemies":"Chosen","floor":20,"turns":3},{"damage":24,"enemies":"Book of Stabbing","floor":23,"turns":4},{"damage":17,"enemies":"Gremlin Leader","floor":25,"turns":6},{"damage":26,"enemies":"Shelled Parasite and Fungi","floor":28,"turns":3},{"damage":13,"enemies":"Chosen and Byrds","floor":31,"turns":4},{"damage":77,"enemies":"Automaton","floor":33,"turns":7}],"seed_played":"-6602800150597658411","potions_obtained":[{"floor":1.0,"key":"Venom Potion"},{"floor":10.0,"key":"SteroidPotion"},{"floor":13.0,"key":"Weak Potion"},{"floor":23,"key":"DemoMod:LeadSkinPotion"},{"floor":28,"key":"Cursed Concoction"}],"is_trial":false,"path_per_floor":["M","$","M","M","M","R","M","?","T","M","?","R","E","$","R","B",null,"M","?","M","T","$","E","R","E","T","R","M","R","?","M","R","B"],"character_chosen":"HUNTRESS","items_purchased":["DemoMod:GunShield","BargainBundle","DemoMod:MachoBrace","Reflective Coating","Regen Potion","PowerPotion","DemoMod:TeaPot","DemoMod:RadGun","DemoMod:Unmoved"],"campfire_rested":4,"item_purchase_floors":[14,22,22,22,22,22,22,22,22],"current_hp_per_floor":[70,70,64,59,50,50,43,43,43,32,32,53,32,32,53,19,70,62,62,62,62,62,40,40,40,40,40,16,37,37,26,47,0,0],"gold":121,"neow_bonus":"TRANSFORM_CARD","is_daily":false,"chose_seed":false,"campfire_upgraded":3,"win_rate":0.0,"timestamp":1610987898,"path_taken":["M","$","M","M","M","R","M","?","T","M","?","R","E","$","R","BOSS","M","?","?","?","$","E","R","E","T","R","M","R","?","M","R","BOSS"],"items_purchased_type":["Card","Relic","Card","Potion","Potion","Potion","Card","Card","Card"],"build_version":"2020-12-22","purchased_purges":2,"victory":false,"max_hp_per_floor":[70,70,70,70,70,70,70,70,70,70,70,70,70,70,70,70,70,70,70,70,70,70,70,70,70,70,70,70,70,70,70,70,70,70],"card_choices":[{"not_picked":["DemoMod:Ejector","DemoMod:MachoBrace"],"picked":"DemoMod:StickyCrossBow","floor":1.0},{"not_picked":["DemoMod:PotionOfGunFriendShip","DemoMod:MachoBrace"],"picked":"DemoMod:FeignSurrender","floor":3.0},{"not_picked":["DemoMod:HardPowerCard","DemoMod:Polaris"],"picked":"DemoMod:DarkMarker","floor":4.0},{"not_picked":["DemoMod:TableSutra","DemoMod:AbyssalTentacle"],"picked":"DemoMod:TeaPot","floor":5.0},{"not_picked":["DemoMod:MachoBrace","DemoMod:Ejector"],"picked":"DemoMod:FastSwitch","floor":7.0},{"not_picked":["DemoMod:BoxingGlove","DemoMod:DirectionalPad"],"picked":"DemoMod:PracticeMakesPerfect","floor":10.0},{"not_picked":["DemoMod:Unmoved","DemoMod:PotionOfGunFriendShip"],"picked":"DemoMod:Eureka","floor":13.0},{"not_picked":["DemoMod:BlackHoleGun","DemoMod:Elimentaler"],"picked":"DemoMod:Eureka","floor":16},{"not_picked":["DemoMod:LifeOrb","DemoMod:Ejector"],"picked":"DemoMod:Purify","floor":18},{"not_picked":["DemoMod:Unity+1","DemoMod:GunShield"],"picked":"DemoMod:TeaPot","floor":18},{"not_picked":["DemoMod:StickyCrossBow+1","DemoMod:FeignSurrender"],"picked":"DemoMod:TripleGun","floor":20},{"not_picked":["DemoMod:FortunesFavor","DemoMod:JK47"],"picked":"DemoMod:ShadowBullets","floor":23},{"not_picked":["DemoMod:CombinedRifle","DemoMod:DarkMarker"],"picked":"DemoMod:HuntsMan","floor":25},{"not_picked":["DemoMod:HuntsMan","DemoMod:CombinedRifle"],"picked":"DemoMod:HighKaliber","floor":28},{"not_picked":["DemoMod:Ejector+1","DemoMod:GunstockTap"],"picked":"DemoMod:SniperShot","floor":28},{"not_picked":["DemoMod:CursedBullets+1","DemoMod:JK47+1"],"picked":"DemoMod:FastSwitch","floor":31}],"player_experience":326320,"relics_obtained":[{"floor":9.0,"key":"Blood Vial"},{"floor":13.0,"key":"Replay:WaspNest"},{"floor":21,"key":"Replay:Bottled Steam"},{"floor":23,"key":"Simple Rune"},{"floor":25,"key":"Onion Ring"},{"floor":26,"key":"Frozen Egg 2"}],"event_choices":[{"damage_healed":0.0,"max_hp_gain":0.0,"max_hp_loss":0.0,"gold_gain":0.0,"event_name":"Liars Game","player_choice":"Ignored","floor":8.0,"gold_loss":0.0,"damage_taken":0.0},{"damage_healed":0,"gold_gain":0,"player_choice":"Bet on Owner","damage_taken":0,"max_hp_gain":0,"max_hp_loss":0,"event_name":"The Joust","floor":19,"gold_loss":50},{"damage_healed":0,"gold_gain":0,"player_choice":"Ignored","damage_taken":0,"max_hp_gain":0,"max_hp_loss":0,"event_name":"N\u0027loth","floor":30,"gold_loss":0}],"is_beta":false,"boss_relics":[{"not_picked":["Tiny House","Coffee Dripper"],"picked":"Replay:Wanted Poster"}],"items_purged_floors":[2,14],"is_endless":false,"potions_floor_spawned":[1,10,13,23,28],"killed_by":"Automaton","ascension_level":0}}