{"host":"xp5rvh2jwe2ejyfm","time":1610990132,"event":{"mods":["BaseMod","Hermit","Minty Spire (QoL Compilation)","Replay The Spire","StSLib","The Construct","The Cursed","The Disciple","The Hierophant","The Necromancer","The Runesmith"],"gold_per_floor":[119,132,132,145,196,193,193,185,211,211,215,219,235,235,235,295,295,277,123,141,341,372,385,428,483,508,509,509,552,224,224,224,307,307,351,384,434,158,254,254],"floor_reached":39,"language":"ENG","playtime":2179,"items_purged":[],"score":692,"play_id":"3e9271f5-bbfd-4114-ac30-119fe8b182f4","local_time":"20210118121532","is_ascension_mode":false,"campfire_choices":[{"floor":7,"key":"REST"},{"floor":10,"key":"REST"},{"floor":15,"key":"REST"},{"floor":28,"key":"REST"},{"floor":32,"key":"REST"}],"circlet_count":0,"master_deck":["hierophant:Strike_Hierophant","hierophant:Strike_Hierophant","hierophant:Strike_Hierophant","hierophant:Strike_Hierophant","hierophant:Punish","hierophant:Defend_Hierophant","hierophant:Defend_Hierophant","hierophant:Defend_Hierophant","hierophant:Defend_Hierophant+1","hierophant:ChurchCoffers","hierophant:HolyVerse","hierophant:MorningPrayer","hierophant:Encroach","hierophant:RepressedViolence","hierophant:PassingBell","hierophant:TollTheBells","hierophant:ThreeLashes","hierophant:Patience","hierophant:Embezzle","hierophant:AuricForm","hierophant:Blessing","hierophant:SecretStash","hierophant:Rebuild","hierophant:Doubloon","hierophant:Charity","hierophant:HammerAndAnvil+1","hierophant:MintersHammer","hierophant:Doubloon+1","hierophant:Zeal","hierophant:Doubloon","hierophant:Remorse","hierophant:Smite","hierophant:Racketeering+1","hierophant:FieryStrike","hierophant:FieryStrike","Apotheosis","hierophant:Kindle","hierophant:Chorus+1","hierophant:FlamingChariot","hierophant:RustyCrate+1","hierophant:Doubloon","hierophant:Doubloon","hierophant:Community","hierophant:Embezzle+1"],"relics":["hierophant:PropheticMaskRelic","NeowsBlessing","Potion Belt","Oddly Smooth Stone","Vajra","Replay:Ringing Soul","Replay:Bronze Core","Orrery","Gremlin Horn","Happy Flower","Juzu Bracelet","Sozu","Akabeko"],"acts_visited":["Exordium","TheCity","TheBeyond"],"potions_floor_usage":[6,8,11,16,16,16,20,24,27],"damage_taken":[{"damage":0,"enemies":"2 Louse","floor":1,"turns":1},{"damage":0,"enemies":"Jaw Worm","floor":2,"turns":1},{"damage":0,"enemies":"Small Slimes","floor":4,"turns":1},{"damage":12,"enemies":"Gremlin Gang","floor":6,"turns":3},{"damage":24,"enemies":"Lagavulin","floor":8,"turns":5},{"damage":10,"enemies":"3 Sentries","floor":11,"turns":4},{"damage":0,"enemies":"Large Slime","floor":12,"turns":3},{"damage":16,"enemies":"Exordium Wildlife","floor":13,"turns":5},{"damage":36,"enemies":"The Guardian","floor":16,"turns":11},{"damage":1,"enemies":"Chosen","floor":18,"turns":3},{"damage":26,"enemies":"Shell Parasite","floor":20,"turns":5},{"damage":19,"enemies":"Centurion and Healer","floor":22,"turns":8},{"damage":27,"enemies":"Gremlin Leader","floor":23,"turns":5},{"damage":17,"enemies":"3 Cultists","floor":24,"turns":5},{"damage":33,"enemies":"Chosen and Byrds","floor":25,"turns":5},{"damage":1,"enemies":"Snake Plant","floor":27,"turns":3},{"damage":21,"enemies":"3 Cultists","floor":29,"turns":4},{"damage":59,"enemies":"Pondfish","floor":33,"turns":7},{"damage":9,"enemies":"Orb Walker","floor":35,"turns":3},{"damage":3,"enemies":"3 Shapes","floor":36,"turns":3},{"damage":60,"enemies":"Writhing Mass","floor":37,"turns":6},{"damage":91,"enemies":"Spire Growth","floor":39,"turns":5}],"seed_played":"2662634375965179026","potions_obtained":[{"floor":2,"key":"GamblersBrew"},{"floor":4,"key":"Swift Potion"},{"floor":5,"key":"Fire Potion"},{"floor":5,"key":"AttackPotion"},{"floor":5,"key":"SteroidPotion"},{"floor":6,"key":"Languid Potion"},{"floor":8,"key":"PowerPotion"},{"floor":13,"key":"SteroidPotion"},{"floor":18,"key":"AttackPotion"},{"floor":23,"key":"Weak Potion"},{"floor":25,"key":"EssenceOfSteel"}],"is_trial":false,"path_per_floor":["M","M","?","M","?","M","R","E","T","R","E","M","M","?","R","B",null,"M","$","M","?","M","E","M","M","T","M","R","M","$","?","R","B",null,"M","M","M","$","M"],"character_chosen":"HIEROPHANT","items_purchased":["Orrery","Juzu Bracelet","Apotheosis","hierophant:Community","hierophant:Embezzle+1","Akabeko"],"campfire_rested":5,"item_purchase_floors":[19,30,30,38,38,38],"current_hp_per_floor":[75,75,75,75,45,33,55,31,31,53,43,43,27,15,37,4,78,80,83,60,60,51,34,27,4,4,13,43,25,28,64,96,47,111,105,112,65,68,0,0],"gold":254,"neow_bonus":"THREE_ENEMY_KILL","is_daily":false,"chose_seed":false,"campfire_upgraded":0,"win_rate":0.0,"timestamp":1610990132,"path_taken":["M","M","?","M","?","M","R","E","T","R","E","M","?","?","R","BOSS","M","$","M","?","M","E","M","M","T","?","R","M","$","?","R","BOSS","M","M","M","$","M"],"items_purchased_type":["Relic","Relic","Card","Card","Card","Relic"],"build_version":"2020-12-22","purchased_purges":0,"victory":false,"max_hp_per_floor":[75,75,75,75,75,75,75,75,75,75,75,75,75,75,75,78,78,81,84,87,87,90,93,96,99,99,102,102,105,108,108,108,111,111,114,117,120,123,123,123],"card_choices":[{"not_picked":["hierophant:FieryStrike","hierophant:Repentance"],"picked":"hierophant:HolyVerse","floor":1},{"not_picked":["hierophant:FlamingChariot","hierophant:ThreeLashes"],"picked":"hierophant:MorningPrayer","floor":2},{"not_picked":["hierophant:SolarFlare","hierophant:DisplayOfPower"],"picked":"hierophant:Encroach","floor":4},{"not_picked":["hierophant:MirrorShield","hierophant:FlamingChariot"],"picked":"hierophant:RepressedViolence","floor":5},{"not_picked":["hierophant:OrnateJavelin","hierophant:Sermon"],"picked":"hierophant:PassingBell","floor":6},{"not_picked":["hierophant:Doomsaying","hierophant:Glossolalia"],"picked":"hierophant:TollTheBells","floor":8},{"not_picked":["hierophant:Cornucopia","hierophant:SealAway"],"picked":"hierophant:ThreeLashes","floor":11},{"not_picked":["hierophant:Encroach","hierophant:ConvertCurrency"],"picked":"hierophant:Patience","floor":12},{"not_picked":["hierophant:Bribe","hierophant:PassingBell"],"picked":"hierophant:Embezzle","floor":13},{"not_picked":["hierophant:Anathema","hierophant:Generosity"],"picked":"hierophant:AuricForm","floor":16},{"not_picked":["hierophant:Encroach+1","hierophant:Dazzle"],"picked":"hierophant:Blessing","floor":18},{"not_picked":["hierophant:Zeal","hierophant:TollTheBells"],"picked":"hierophant:SecretStash","floor":19},{"not_picked":["hierophant:DisplayOfPower","hierophant:Racketeering"],"picked":"hierophant:Rebuild","floor":19},{"not_picked":["hierophant:Generosity","hierophant:Sermon+1"],"picked":"hierophant:Charity","floor":19},{"not_picked":["hierophant:SolarFlare","hierophant:FlamingChariot"],"picked":"hierophant:HammerAndAnvil+1","floor":19},{"not_picked":["hierophant:HolyVerse","hierophant:Repentance"],"picked":"hierophant:MintersHammer","floor":19},{"not_picked":["hierophant:HolyVerse","hierophant:OrnateBuckler+1"],"picked":"hierophant:Doubloon","floor":20},{"not_picked":["hierophant:Flagellation","hierophant:Encroach"],"picked":"hierophant:Zeal","floor":22},{"not_picked":["hierophant:Mercenaries","hierophant:Purify+1"],"picked":"hierophant:Remorse","floor":23},{"not_picked":["hierophant:Exaltation","hierophant:Repentance"],"picked":"hierophant:Smite","floor":24},{"not_picked":["hierophant:FlamingChariot","hierophant:Remorse"],"picked":"hierophant:Racketeering+1","floor":25},{"not_picked":["hierophant:Refuge+1","hierophant:OrnateBuckler"],"picked":"hierophant:FieryStrike","floor":27},{"not_picked":["hierophant:Embezzle+1","hierophant:Purify"],"picked":"hierophant:FieryStrike","floor":29},{"not_picked":["hierophant:MintersHammer","hierophant:LocustPlague"],"picked":"hierophant:Kindle","floor":33},{"not_picked":["hierophant:Martyrdom","hierophant:Remorse"],"picked":"hierophant:Chorus+1","floor":35},{"not_picked":["hierophant:Dazzle","hierophant:OrnateBuckler"],"picked":"hierophant:FlamingChariot","floor":36},{"not_picked":["hierophant:AuricBeam","hierophant:ThreeLashes"],"picked":"hierophant:RustyCrate+1","floor":37}],"player_experience":223963,"relics_obtained":[{"floor":8,"key":"Potion Belt"},{"floor":9,"key":"Oddly Smooth Stone"},{"floor":11,"key":"Vajra"},{"floor":23,"key":"Gremlin Horn"},{"floor":26,"key":"Happy Flower"}],"event_choices":[{"damage_healed":0,"gold_gain":0,"player_choice":"Success","damage_taken":12,"relics_obtained":["Replay:Ringing Soul"],"max_hp_gain":0,"max_hp_loss":0,"event_name":"Scrap Ooze","floor":14,"gold_loss":0},{"damage_healed":0,"gold_gain":200,"player_choice":"Gold","damage_taken":0,"max_hp_gain":0,"max_hp_loss":0,"event_name":"Wheel of Change","floor":21,"gold_loss":0},{"damage_healed":36,"gold_gain":0,"player_choice":"Heal","damage_taken":0,"max_hp_gain":0,"max_hp_loss":0,"event_name":"The Library","floor":31,"gold_loss":0}],"is_beta":false,"boss_relics":[{"not_picked":["Velvet Choker","Ectoplasm"],"picked":"Replay:Bronze Core"},{"not_picked":["Empty Cage","Astrolabe"],"picked":"Sozu"}],"items_purged_floors":[],"is_endless":false,"potions_floor_spawned":[2,4,6,8,13,18,23,25,35,36,37],"killed_by":"Spire Growth","ascension_level":0}}