{"host":"8lvnnmfamkc2d31d","time":1610960365,"event":{"mods":["2.2 Compatiblity","Act Like it!","Arknights The Spire","BaseMod","Colored Map","Minty Spire (QoL Compilation)","Relic Stats","StSLib"],"gold_per_floor":[116,136,8,158,158,193,218,218,259,259,259],"floor_reached":10,"language":"ENG","playtime":614,"items_purged":[],"score":132,"play_id":"f722544b-4e2f-4227-82b5-e293c4a4e9ff","local_time":"20210118025925","daily_mods":["SealedDeck","Vintage","Heirloom","Time Dilation","Flight","DeadlyEvents"],"is_ascension_mode":true,"campfire_choices":[{"data":"ats:Revitalization","floor":8,"key":"SMITH"}],"circlet_count":0,"master_deck":["AscendersBane","ats:Flexible Camouflage","ats:Childhood Dance","ats:Shell Defense","ats:Spore Proliferation","ats:Magnetic Hammer","ats:Apocalypse","ats:Flexible Camouflage","ats:Overload","ats:Explosion Area Strengthen","ats:Neurotoxin+1","ats:Shell Defense","ats:Overload","Doubt","ats:Revitalization+1"],"relics":["ats:Sanity","Unceasing Top","Toy Ornithopter","Bottled Flame","ats:Originium","ats:Gyao","Lantern","Art of War"],"acts_visited":["Exordium"],"potions_floor_usage":[],"damage_taken":[{"damage":4,"enemies":"Cultist","floor":1,"turns":3},{"damage":2,"enemies":"Jaw Worm","floor":2,"turns":3},{"damage":37,"enemies":"3 Sentries","floor":6,"turns":7},{"damage":2,"enemies":"2 Louse","floor":7,"turns":2},{"damage":72,"enemies":"Gremlin Nob","floor":10,"turns":4}],"seed_played":"-1686562128146200778","potions_obtained":[],"is_trial":true,"path_per_floor":["M","M","$","?","?","E","M","R","T","E"],"character_chosen":"DOCTOR_CLASS","items_purchased":["ats:Shell Defense","ats:Overload"],"campfire_rested":0,"item_purchase_floors":[3,3],"current_hp_per_floor":[65,70,70,70,70,49,47,47,47,0,0],"gold":259,"neow_bonus":"","is_daily":false,"chose_seed":false,"campfire_upgraded":1,"win_rate":0.0,"timestamp":1610960365,"path_taken":["M","?","?","?","?","E","M","R","T","?"],"items_purchased_type":["Card","Card"],"build_version":"2020-12-22","purchased_purges":0,"victory":false,"max_hp_per_floor":[72,72,72,72,72,72,72,72,72,72,72],"relic_stats":{"counters":[5,19],"Art of War":[0],"obtain_stats":[{"Bottled Flame":2,"Lantern":7,"ats:Originium":6,"Art of War":9,"ats:Sanity":0,"Unceasing Top":0,"Toy Ornithopter":1,"ats:Gyao":6},{"Bottled Flame":2,"Lantern":4,"ats:Originium":3,"Art of War":4,"ats:Sanity":0,"Unceasing Top":0,"Toy Ornithopter":1,"ats:Gyao":3},{"Bottled Flame":6,"Lantern":15,"ats:Originium":13,"Art of War":15,"ats:Sanity":0,"Unceasing Top":0,"Toy Ornithopter":3,"ats:Gyao":13}],"Unceasing Top":[3],"Toy Ornithopter":0},"card_choices":[{"not_picked":["ats:Powerful Strike","ats:Shell Defense"],"picked":"ats:Revitalization","floor":6}],"player_experience":437598,"relics_obtained":[{"floor":1,"key":"Toy Ornithopter"},{"floor":2,"key":"Bottled Flame"},{"floor":6,"key":"ats:Originium"},{"floor":6,"key":"ats:Gyao"},{"floor":7,"key":"Lantern"},{"floor":9,"key":"Art of War"}],"event_choices":[{"damage_healed":0,"gold_gain":150,"player_choice":"AGREE","damage_taken":0,"max_hp_gain":0,"max_hp_loss":0,"event_name":"Liars Game","floor":4,"gold_loss":0,"cards_obtained":["Doubt"]},{"damage_healed":0,"gold_gain":0,"player_choice":"Forge","damage_taken":0,"max_hp_gain":0,"max_hp_loss":0,"event_name":"Accursed Blacksmith","floor":5,"gold_loss":0,"cards_upgraded":["ats:Neurotoxin"]}],"is_beta":false,"boss_relics":[],"items_purged_floors":[],"is_endless":false,"potions_floor_spawned":[],"killed_by":"Gremlin Nob","ascension_level":20}}