{"host":"ypphcgdomtfqpc2w","time":1610979086,"event":{"mods":["BaseMod","DeckTracker","Minty Spire (QoL Compilation)","Relic Stats","StSLib"],"gold_per_floor":[110,128,145,56,74,74,74,74,74,74,105,118,83,114,114,185,185,197,197,212,224,238,266,266,266,266],"floor_reached":25,"language":"ENG","playtime":995,"items_purged":[],"score":408,"play_id":"da7a6b11-a042-49db-979d-e8fb16ac3716","local_time":"20210118231126","is_ascension_mode":true,"campfire_choices":[{"data":"Burning Pact","floor":6.0,"key":"SMITH"},{"data":"Evolve","floor":8.0,"key":"SMITH"},{"data":"Brutality","floor":10.0,"key":"SMITH"},{"data":"Rage","floor":15.0,"key":"SMITH"},{"floor":24.0,"key":"REST"}],"circlet_count":0,"master_deck":["AscendersBane","Strike_R","Strike_R","Strike_R","Strike_R","Strike_R","Defend_R","Defend_R","Defend_R","Defend_R","Bash","Twin Strike","Evolve+1","Brutality+1","Burning Pact+1","Thunderclap","Pommel Strike+1","Rage+1","Barricade","Body Slam+1","Fiend Fire","Disarm+1","Uppercut","Body Slam+1","True Grit"],"relics":["Mark of Pain","Mercury Hourglass","Red Skull","Akabeko","Runic Pyramid","Art of War"],"acts_visited":["Exordium","TheCity"],"potions_floor_usage":[25],"damage_taken":[{"damage":8.0,"enemies":"Small Slimes","floor":1.0,"turns":3.0},{"damage":1.0,"enemies":"2 Louse","floor":2.0,"turns":3.0},{"damage":7.0,"enemies":"Jaw Worm","floor":3.0,"turns":3.0},{"damage":9.0,"enemies":"Red Slaver","floor":5.0,"turns":2.0},{"damage":18.0,"enemies":"Gremlin Nob","floor":11.0,"turns":3.0},{"damage":0.0,"enemies":"Looter","floor":12.0,"turns":2.0},{"damage":14.0,"enemies":"3 Sentries","floor":14.0,"turns":4.0},{"damage":23.0,"enemies":"The Guardian","floor":16.0,"turns":8.0},{"damage":23.0,"enemies":"2 Thieves","floor":18.0,"turns":2.0},{"damage":0.0,"enemies":"Spheric Guardian","floor":20.0,"turns":3.0},{"damage":13.0,"enemies":"Centurion and Healer","floor":21.0,"turns":4.0},{"damage":0.0,"enemies":"Cultist and Chosen","floor":22.0,"turns":4.0},{"damage":9.0,"enemies":"Gremlin Leader","floor":23.0,"turns":6.0},{"damage":39,"enemies":"Book of Stabbing","floor":25,"turns":3}],"seed_played":"-5690892573553615150","potions_obtained":[{"floor":1.0,"key":"Fire Potion"},{"floor":5.0,"key":"SteroidPotion"},{"floor":14.0,"key":"Strength Potion"},{"floor":18.0,"key":"Swift Potion"},{"floor":21.0,"key":"Block Potion"}],"is_trial":false,"path_per_floor":["M","M","M","$","M","R","?","R","T","R","E","M","?","E","R","B",null,"M","?","M","M","M","E","R","E"],"character_chosen":"IRONCLAD","items_purchased":["Burning Pact","Thunderclap"],"campfire_rested":1,"item_purchase_floors":[4,4],"current_hp_per_floor":[60,59,52,52,43,43,43,43,43,43,25,25,43,29,29,6,58,35,35,35,22,22,13,35,0,0],"gold":266,"neow_bonus":"BOSS_RELIC","is_daily":false,"chose_seed":false,"campfire_upgraded":4,"win_rate":0.0,"timestamp":1610979086,"path_taken":["M","M","M","$","M","R","?","R","T","R","E","M","?","E","R","BOSS","M","?","?","M","M","E","R","E"],"items_purchased_type":["Card","Card"],"build_version":"2020-12-22","purchased_purges":0,"victory":false,"max_hp_per_floor":[75,75,75,75,75,75,75,75,75,75,75,75,75,75,75,75,75,75,75,75,75,75,75,75,75,75],"relic_stats":{"counters":[14,49],"Art of War":[0],"obtain_stats":[{"Mark of Pain":0,"Art of War":23,"Burning Blood":0,"Red Skull":11,"Akabeko":14,"Mercury Hourglass":9,"Runic Pyramid":17},{"Mark of Pain":0,"Art of War":13,"Burning Blood":0,"Red Skull":5,"Akabeko":7,"Mercury Hourglass":4,"Runic Pyramid":8},{"Mark of Pain":0,"Art of War":46,"Burning Blood":0,"Red Skull":14,"Akabeko":20,"Mercury Hourglass":11,"Runic Pyramid":28}],"Mercury Hourglass":[153]},"card_choices":[{"not_picked":["Inflame","Anger"],"picked":"Twin Strike","floor":1.0},{"not_picked":["Wild Strike","Seeing Red"],"picked":"Evolve","floor":2.0},{"not_picked":["Twin Strike","Headbutt"],"picked":"Brutality","floor":3.0},{"not_picked":["Cleave","Body Slam"],"picked":"Pommel Strike","floor":5.0},{"not_picked":["Flex","Heavy Blade"],"picked":"Rage","floor":11.0},{"not_picked":["Intimidate","Thunderclap"],"picked":"Barricade","floor":12.0},{"not_picked":["Flex","Clash"],"picked":"Body Slam","floor":14.0},{"not_picked":["Double Tap","Berserk"],"picked":"Fiend Fire","floor":16.0},{"not_picked":["Anger","Heavy Blade","Sword Boomerang"],"picked":"SKIP","floor":18.0},{"not_picked":["Hemokinesis","Shrug It Off"],"picked":"Disarm+1","floor":20.0},{"not_picked":["Cleave","Metallicize"],"picked":"Uppercut","floor":21.0},{"not_picked":["Twin Strike+1","Iron Wave"],"picked":"Body Slam+1","floor":22.0},{"not_picked":["Clothesline","Cleave"],"picked":"True Grit","floor":23.0}],"player_experience":2051000,"relics_obtained":[{"floor":9.0,"key":"Mercury Hourglass"},{"floor":11.0,"key":"Red Skull"},{"floor":14.0,"key":"Akabeko"},{"floor":23.0,"key":"Art of War"}],"event_choices":[{"damage_healed":0.0,"max_hp_gain":0.0,"max_hp_loss":0.0,"gold_gain":0.0,"event_name":"Living Wall","player_choice":"Grow","floor":7.0,"gold_loss":0.0,"damage_taken":0.0,"cards_upgraded":["Pommel Strike"]},{"damage_healed":18.0,"max_hp_gain":0.0,"max_hp_loss":0.0,"gold_gain":0.0,"event_name":"The Cleric","player_choice":"Healed","floor":13.0,"gold_loss":35.0,"damage_taken":0.0},{"damage_healed":0.0,"max_hp_gain":0.0,"max_hp_loss":0.0,"gold_gain":0.0,"event_name":"Upgrade Shrine","player_choice":"Upgraded","floor":19.0,"gold_loss":0.0,"damage_taken":0.0,"cards_upgraded":["Body Slam"]}],"is_beta":false,"boss_relics":[{"not_picked":["Runic Dome","Astrolabe"],"picked":"Runic Pyramid"}],"items_purged_floors":[],"is_endless":false,"potions_floor_spawned":[1,5,11,14,18,21],"killed_by":"Book of Stabbing","ascension_level":15}}