{"host":"5ty8fyb0ngp9gspj","time":1610936437,"event":{"mods":["2.2 Compatiblity","AchievementEnabler","Act Like it!","BaseMod","Colored Map","Downfall","Hubris","Minty Spire (QoL Compilation)","Rare Cards Sparkle","Relic Stats","StSLib","The Jungle","slay the spire mod where everything is the same but ironclad has a cowboy hat"],"gold_per_floor":[113,113,37,137,157,157,187,187,187,202,218,232,259,270,270,368,368,382,382,399,252,269,269,286,286,286,306,306,306,149,165,165,266,266,279,298,155,173,188,220,220,251,251,261,261,261,261,274,274,274,274],"floor_reached":50,"language":"ENG","playtime":1688,"items_purged":[],"score":886,"play_id":"57ed424d-268f-4fa0-aa6f-dcc0f46cb9f4","local_time":"20210118132037","is_ascension_mode":true,"campfire_choices":[{"data":"A Thousand Cuts","floor":6,"key":"SMITH"},{"data":"Blade Dance","floor":8,"key":"SMITH"},{"data":"Envenom","floor":15,"key":"SMITH"},{"data":"After Image","floor":23,"key":"SMITH"},{"data":"Calculated Gamble","floor":25,"key":"SMITH"},{"data":"Footwork","floor":29,"key":"SMITH"},{"floor":32,"key":"RECALL"},{"data":"Choke","floor":41,"key":"SMITH"},{"data":"Blade Dance","floor":45,"key":"SMITH"},{"data":"Blade Dance","floor":49,"key":"SMITH"}],"circlet_count":0,"master_deck":["Strike_G","Strike_G","Strike_G","Strike_G","Strike_G","Defend_G","Defend_G","Defend_G","Defend_G","Defend_G","Survivor","Neutralize","Backflip","A Thousand Cuts+1","hubris:Compulsion","Pain","Writhe","Pain","Injury","Bullet Time","Backflip","Blade Dance+1","Calculated Gamble+1","Dagger Throw","Envenom+1","Blade Dance+1","Footwork+1","After Image+1","Blade Dance+1","Poisoned Stab+1","Noxious Fumes+1","downfall:Bewildered","hubris:TrickCloak+1","Blade Dance+1","Dagger Spray+1","Malaise","Crippling Poison+1","Riddle With Holes+1","hubris:NaturalOne","Riddle With Holes+1","Dagger Throw+1","Choke+1","Backflip+1","hubris:Envy","Parasite","Calculated Gamble+1","Dagger Spray+1","Caltrops","Dagger Spray+1","Cloak And Dagger+1"],"relics":["hubris:GrandSneckoEye","hubris:Icosahedron","Du-Vu Doll","Ornamental Fan","Bottled Lightning","Strawberry","Cursed Key","Anchor","Calipers","Bag of Preparation","Philosopher\u0027s Stone","Juzu Bracelet","Prayer Wheel","Nunchaku"],"acts_visited":["Exordium","TheCity","TheBeyond"],"potions_floor_usage":[19,33,50],"damage_taken":[{"damage":1,"enemies":"Jaw Worm","floor":1,"turns":3},{"damage":3,"enemies":"2 Louse","floor":5,"turns":2},{"damage":40,"enemies":"Gremlin Nob","floor":7,"turns":4},{"damage":5,"enemies":"Cultist","floor":10,"turns":2},{"damage":0,"enemies":"Looter","floor":11,"turns":1},{"damage":5,"enemies":"Gremlin Gang","floor":12,"turns":2},{"damage":2,"enemies":"Lagavulin","floor":13,"turns":2},{"damage":0,"enemies":"3 Louse","floor":14,"turns":2},{"damage":29,"enemies":"Hexaghost","floor":16,"turns":5},{"damage":6,"enemies":"2 Thieves","floor":18,"turns":3},{"damage":1,"enemies":"3 Byrds","floor":19,"turns":1},{"damage":32,"enemies":"Cultist and Chosen","floor":20,"turns":5},{"damage":4,"enemies":"Shelled Parasite and Fungi","floor":22,"turns":2},{"damage":22,"enemies":"Snake Plant","floor":24,"turns":4},{"damage":24,"enemies":"Snecko","floor":27,"turns":4},{"damage":0,"enemies":"Cultist and Chosen","floor":31,"turns":3},{"damage":2,"enemies":"Automaton","floor":33,"turns":4},{"damage":0,"enemies":"Orb Walker","floor":35,"turns":2},{"damage":4,"enemies":"3 Darklings","floor":36,"turns":4},{"damage":1,"enemies":"Sphere and 2 Shapes","floor":38,"turns":3},{"damage":0,"enemies":"Spire Growth","floor":39,"turns":2},{"damage":4,"enemies":"Giant Head","floor":40,"turns":5},{"damage":24,"enemies":"Reptomancer","floor":42,"turns":3},{"damage":0,"enemies":"Writhing Mass","floor":44,"turns":2},{"damage":2,"enemies":"3 Darklings","floor":48,"turns":2},{"damage":50,"enemies":"Time Eater","floor":50,"turns":5}],"seed_played":"-1105683578407813472","potions_obtained":[{"floor":10,"key":"FairyPotion"},{"floor":11,"key":"FearPotion"},{"floor":12,"key":"SmokeBomb"},{"floor":16,"key":"champ:CounterPotion"},{"floor":24,"key":"Block Potion"},{"floor":35,"key":"Ancient Potion"},{"floor":40,"key":"Energy Potion"},{"floor":48,"key":"Slimebound:ThreeZeroPotion"}],"is_trial":false,"path_per_floor":["M","?","$","?","M","R","E","R","T","M","M","M","E","M","R","B",null,"M","M","M","$","M","R","M","R","T","M","?","R","$","M","R","B",null,"M","M","$","M","M","E","R","E","T","M","R","?","?","M","R","B"],"character_chosen":"THE_SILENT","items_purchased":["A Thousand Cuts","Anchor","Bag of Preparation","Juzu Bracelet"],"campfire_rested":0,"item_purchase_floors":[3,21,30,37],"current_hp_per_floor":[69,69,69,74,71,71,31,31,31,26,26,21,26,26,26,23,82,76,75,43,43,39,39,63,63,63,39,39,39,39,39,39,37,82,82,78,78,77,77,73,73,49,49,49,49,49,49,47,47,0,0],"gold":274,"neow_bonus":"BOSS_RELIC","is_daily":false,"chose_seed":false,"campfire_upgraded":9,"win_rate":0.0,"timestamp":1610936437,"path_taken":["M","?","$","?","M","R","E","R","T","M","?","M","E","M","R","BOSS","M","?","M","$","M","R","M","R","T","M","?","R","$","M","R","BOSS","M","?","$","M","M","E","R","E","T","M","R","?","?","M","R","BOSS"],"items_purchased_type":["Card","Relic","Relic","Relic"],"build_version":"2020-12-22","purchased_purges":0,"victory":false,"max_hp_per_floor":[70,70,70,75,75,75,75,75,75,75,75,75,82,82,82,82,82,82,82,82,82,82,82,82,82,82,82,82,82,82,82,82,82,82,82,82,82,82,82,82,82,82,82,82,82,82,82,82,82,82,82],"relic_stats":{"Nunchaku":[5],"counters":[26,77],"Ornamental Fan":[276],"Prayer Wheel":2,"Bag of Preparation":[22],"Juzu Bracelet":0,"Cursed Key":2,"obtain_stats":[{"Calipers":26,"Bag of Preparation":30,"Juzu Bracelet":37,"Cursed Key":17,"Du-Vu Doll":4,"Anchor":21,"Nunchaku":42,"hubris:Icosahedron":2,"Ornamental Fan":7,"Strawberry":13,"Philosopher\u0027s Stone":34,"Prayer Wheel":40,"hubris:GrandSneckoEye":0,"Bottled Lightning":9,"Ring of the Snake":0},{"Calipers":14,"Bag of Preparation":15,"Juzu Bracelet":19,"Cursed Key":9,"Du-Vu Doll":1,"Anchor":12,"Nunchaku":23,"hubris:Icosahedron":1,"Ornamental Fan":3,"Strawberry":7,"Philosopher\u0027s Stone":17,"Prayer Wheel":22,"hubris:GrandSneckoEye":0,"Bottled Lightning":3,"Ring of the Snake":0},{"Calipers":38,"Bag of Preparation":42,"Juzu Bracelet":55,"Cursed Key":23,"Du-Vu Doll":3,"Anchor":32,"Nunchaku":68,"hubris:Icosahedron":3,"Ornamental Fan":9,"Strawberry":16,"Philosopher\u0027s Stone":49,"Prayer Wheel":65,"hubris:GrandSneckoEye":0,"Bottled Lightning":9,"Ring of the Snake":0}]},"card_choices":[{"not_picked":["Dagger Spray","Deflect"],"picked":"Backflip","floor":1},{"not_picked":["Prepared","Poisoned Stab"],"picked":"Backflip","floor":5},{"not_picked":["Flying Knee","Masterful Stab"],"picked":"Blade Dance","floor":7},{"not_picked":["Dodge and Roll","Deadly Poison"],"picked":"Calculated Gamble","floor":10},{"not_picked":["Underhanded Strike","Well Laid Plans"],"picked":"Dagger Throw","floor":11},{"not_picked":["Calculated Gamble","Flechettes"],"picked":"Envenom","floor":12},{"not_picked":["Acrobatics","Prepared"],"picked":"Blade Dance","floor":13},{"not_picked":["hubris:SlightOfHand","Deadly Poison"],"picked":"Footwork","floor":14},{"not_picked":["Night Terror","Doppelganger"],"picked":"After Image","floor":16},{"not_picked":["Catalyst","Bane"],"picked":"Blade Dance","floor":18},{"not_picked":["Deadly Poison+1","Setup"],"picked":"Poisoned Stab+1","floor":20},{"not_picked":["Endless Agony","Skewer","Bouncing Flask"],"picked":"SKIP","floor":22},{"not_picked":["All Out Attack+1","Dagger Throw"],"picked":"Noxious Fumes+1","floor":24},{"not_picked":["Underhanded Strike+1","Infinite Blades"],"picked":"hubris:TrickCloak+1","floor":27},{"not_picked":["Slice","Poisoned Stab"],"picked":"Dagger Spray+1","floor":31},{"not_picked":["Adrenaline","Wraith Form v2"],"picked":"Malaise","floor":33},{"not_picked":["hubris:TrickCloak+1","Accuracy+1"],"picked":"Crippling Poison+1","floor":35},{"not_picked":["Deflect","Dagger Throw+1"],"picked":"Riddle With Holes+1","floor":36},{"not_picked":["Noxious Fumes+1","Sucker Punch"],"picked":"Riddle With Holes+1","floor":38},{"not_picked":["Expertise","hubris:SlightOfHand"],"picked":"Dagger Throw+1","floor":39},{"not_picked":["Tactician+1","Acrobatics"],"picked":"Choke","floor":40},{"not_picked":["Deadly Poison","Setup"],"picked":"Backflip+1","floor":42},{"not_picked":["PiercingWail+1","Outmaneuver"],"picked":"Calculated Gamble+1","floor":44},{"not_picked":["Backflip","Flying Knee"],"picked":"Dagger Spray+1","floor":44},{"not_picked":["Underhanded Strike","Bullet Time"],"picked":"Dagger Spray+1","floor":48},{"not_picked":["Catalyst+1","Dagger Throw+1"],"picked":"Cloak And Dagger+1","floor":48}],"player_experience":389014,"relics_obtained":[{"floor":7,"key":"Ornamental Fan"},{"floor":9,"key":"Bottled Lightning"},{"floor":13,"key":"Strawberry"},{"floor":26,"key":"Calipers"},{"floor":40,"key":"Prayer Wheel"},{"floor":42,"key":"Nunchaku"}],"event_choices":[{"damage_healed":0,"gold_gain":0,"player_choice":"Copied","damage_taken":0,"max_hp_gain":0,"max_hp_loss":0,"event_name":"Duplicator","floor":28,"gold_loss":0,"cards_obtained":["Blade Dance"]},{"damage_healed":0,"gold_gain":0,"player_choice":"0 cards matched","damage_taken":0,"max_hp_gain":0,"max_hp_loss":0,"event_name":"Match and Keep!","floor":47,"gold_loss":0,"cards_obtained":[]}],"is_beta":false,"boss_relics":[{"not_picked":["Calling Bell","hubris:ScarierMask"],"picked":"Cursed Key"},{"not_picked":["HoveringKite","SacredBark"],"picked":"Philosopher\u0027s Stone"}],"items_purged_floors":[],"is_endless":false,"potions_floor_spawned":[10,11,12,16,19,24,31,33,35,40,42,48],"killed_by":"Time Eater","ascension_level":3}}