{"host":"d54lcqy5t45er8jx","time":1610992390,"event":{"mods":["2.2 Compatiblity","BaseMod","CapriCore","Defuse TimeMaze Blight","Hermit","Hubris","Infinite Spire","Marisa£¨Ùöéë¡¡Øª×âÞÞ£©","Minty Spire (QoL Compilation)","Rare Cards Sparkle","Relic Stats","StSLib","The Animator","The Cursed","The Immortal","The Servant 0.9.4","WarShipGirlsR/??á´Ò³R mod"],"gold_per_floor":[114,114,39,39,71,121,192,222,273,273,349,399,447,459,459,532,532,542,601,617,665,665,740,740,772,772,772,772,854,917,997,997,1118,1118,1135,1085,1128,1141,1222,1257,1257,1257,1325,1360,1360,1387,1453,1483,1483,1558,1647,1647,1663,1663,1663,1668,1673,1673,1680,1680,1680,1708,1708,1867,1869,1894,1894,1959,1959,1980,1989,1998,2052,2058,2084,2084,2117,2117,2117,2117,2117,2131,2128,2128,2207,2207,2227,2227,2238,2538,2544,2557,2557,2585,2585,2591,2645,2675,2675,2675,2745,2807,2807,2819,2819,2823,2823],"floor_reached":107,"language":"ENG","playtime":4858,"items_purged":["6A","GrandCross","AsteroidBelt","AsteroidBelt","WitchOfGreed","MysteriousBeam","MysteriousBeam"],"score":7320,"play_id":"d7a1b602-2148-4b38-a755-ee7cf274c5fc","local_time":"20210119025310","daily_mods":["SealedDeck","Insanity","Heirloom","DeadlyEvents","Elite Swarm","Uncertain Future"],"is_ascension_mode":true,"campfire_choices":[{"data":"ManaConvection","floor":10.0,"key":"SMITH"},{"data":"OpenUniverse","floor":15.0,"key":"SMITH"},{"data":"MagicChant","floor":28.0,"key":"SMITH"},{"data":"IllusionStar","floor":32.0,"key":"SMITH"},{"data":"SatelliteIllusion","floor":41.0,"key":"SMITH"},{"data":"IllusionStar","floor":45.0,"key":"SMITH"},{"data":"AbsoluteMagnitude","floor":49.0,"key":"SMITH"},{"data":"ChargingUp","floor":58,"key":"SMITH"},{"data":"BigCrunch","floor":63,"key":"SMITH"},{"data":"ChargingUp","floor":67,"key":"SMITH"},{"data":"infinitespire:Execution","floor":76,"key":"SMITH"},{"data":"hubris:DuctTapeCard","floor":79,"key":"SMITH"},{"data":"SuperPerseids","floor":84,"key":"SMITH"},{"data":"SuperPerseids","floor":93,"key":"SMITH"},{"data":"IllusionStar","floor":96,"key":"SMITH"},{"data":"Orbital","floor":101,"key":"SMITH"}],"circlet_count":0,"master_deck":["AscendersBane","IllusionStar","Acceleration","PropBag","OpenUniverse+1","MilkyWay","SprinkleStarSeal","ManaConvection+1","StarBarrage","GalacticHalo","AsteroidBelt","EnergyFlow","GalacticHalo","WitchLeyline","PowerUp","GalacticHalo","OrrerysSun","UnstableBomb","Robbery","DeepEcoloBomb","IllusionStar+1","GravityBeat","DoubleSpark","ShootingEcho","MilkyWay+1","NonDirectionalLaser","WitchLeyline","DoubleSpark","WitchLeyline","PropBag","6A","StarBarrage","SporeBomb","WitchLeyline+1","WitchLeyline","AlicesGift","Robbery","WitchOfGreed","MysteriousBeam+1","BlazeAway","WitchLeyline","DoubleSpark","WitchOfGreed","MilkyWay","MagicChant+1","GalacticHalo","SuperPerseids+1","MysteriousBeam","ManaConvection","IllusionStar+1","GravityBeat","6A","MilkyWay","UltimateShortwave","OpenUniverse","IllusionStar+1","ChargingUp+1","BigCrunch+1","IllusionStar","IllusionStar","SatelliteIllusion+1","infinitespire:Execution+1","TreasureHunter","SuperPerseids+1","AbsoluteMagnitude+1","Orbital+1","CollectingQuirk","BigCrunch+1","UltimateShortwave","SatelliteIllusion","OpenUniverse+1","ChargingUp+1","IllusionStar","SatelliteIllusion","BigCrunch","UltimateShortwave","hubris:DuctTapeCard+2","infinitespire:TheBestDefense","infinitespire:FutureSight","SatelliteIllusion","SuperPerseids","MilkyWay+1","SuperPerseids+1","Orbital"],"relics":["BewitchedHakkero","SproutingBranch","HandmadeGrimoire","InkBottle","Tiny Chest","Potion Belt","Toy Ornithopter","Gambling Chip","Black Star","hubris:Teleporter","hubris:ToyBattleship","Whetstone","StoneCalendar","hubris:GlazedTorus","Pocketwatch","hubris:PeanutButter","Mummified Hand","Torii","infinitespire:CursedDice","Boot","infinitespire:Beetle Shell","Orichalcum","Ginger","Nunchaku","StrikeDummy","Bird Faced Urn","infinitespire:PuzzleCube","Turnip","Pen Nib","Empty Cage","SproutingBranch","hubris:Potato","hubris:Backtick","MiniHakkero","infinitespire:Lychee Nut","hubris:CrystalStatue","Mango","PreservedInsect","Happy Flower","Anchor","Bag of Marbles","MealTicket","hubris:BundleOfHerbs","hubris:Spice","War Paint","hubris:DuctTape","hubris:TinFlute","hubris:CuriousFeather","Dream Catcher","hubris:Towel","Art of War","Bronze Scales","infinitespire:CheckeredPen","hubris:CuriousFeather","infinitespire:Midas Blood","Unceasing Top","Ice Cream","infinitespire:Cupcake","Frozen Eye"],"acts_visited":["Exordium","TheCity","TheBeyond","Exordium","TheCity","TheBeyond","Exordium"],"potions_floor_usage":[64,64,64],"damage_taken":[{"damage":12.0,"enemies":"Jaw Worm","floor":1.0,"turns":3.0},{"damage":0.0,"enemies":"Small Slimes","floor":5.0,"turns":1.0},{"damage":0.0,"enemies":"Lagavulin","floor":6.0,"turns":2.0},{"damage":0.0,"enemies":"Cultist","floor":7.0,"turns":3.0},{"damage":0.0,"enemies":"3 Louse","floor":8.0,"turns":1.0},{"damage":0.0,"enemies":"3 Sentries","floor":11.0,"turns":2.0},{"damage":0.0,"enemies":"Gremlin Nob","floor":13.0,"turns":1.0},{"damage":0.0,"enemies":"Looter","floor":14.0,"turns":1.0},{"damage":0.0,"enemies":"Slime Boss","floor":16.0,"turns":1.0},{"damage":0.0,"enemies":"Spheric Guardian","floor":18.0,"turns":1.0},{"damage":0.0,"enemies":"3 Byrds","floor":19.0,"turns":2.0},{"damage":0.0,"enemies":"Snecko","floor":20.0,"turns":2.0},{"damage":14.0,"enemies":"Shelled Parasite and Fungi","floor":21.0,"turns":2.0},{"damage":0.0,"enemies":"Nightmare","floor":23.0,"turns":1.0},{"damage":0.0,"enemies":"Book of Stabbing","floor":25.0,"turns":1.0},{"damage":0.0,"enemies":"Slavers","floor":30.0,"turns":2.0},{"damage":0.0,"enemies":"Cultist and Chosen","floor":31.0,"turns":2.0},{"damage":85.0,"enemies":"Automaton","floor":33.0,"turns":10.0},{"damage":1.0,"enemies":"3 Shapes","floor":35.0,"turns":1.0},{"damage":0.0,"enemies":"Orb Walker","floor":37.0,"turns":1.0},{"damage":1.0,"enemies":"Maw","floor":38.0,"turns":5.0},{"damage":8.0,"enemies":"Giant Head","floor":39.0,"turns":5.0},{"damage":0.0,"enemies":"Nightmare","floor":40.0,"turns":3.0},{"damage":0.0,"enemies":"3 Darklings","floor":44.0,"turns":1.0},{"damage":0.0,"enemies":"Nemesis","floor":46.0,"turns":1.0},{"damage":0.0,"enemies":"Spire Growth","floor":47.0,"turns":1.0},{"damage":0.0,"enemies":"Reptomancer","floor":48.0,"turns":1.0},{"damage":0.0,"enemies":"Awakened One","floor":50.0,"turns":2.0},{"damage":0.0,"enemies":"hubris:GrandSnecko","floor":51.0,"turns":1.0},{"damage":0,"enemies":"Jaw Worm","floor":53,"turns":2},{"damage":0,"enemies":"Cultist","floor":56,"turns":1},{"damage":0,"enemies":"2 Louse","floor":57,"turns":1},{"damage":0,"enemies":"Exordium Wildlife","floor":59,"turns":1},{"damage":0,"enemies":"Gremlin Nob","floor":62,"turns":1},{"damage":0,"enemies":"Nightmare","floor":64,"turns":1},{"damage":0,"enemies":"Gremlin Gang","floor":65,"turns":1},{"damage":0,"enemies":"Gremlin Nob","floor":66,"turns":1},{"damage":0,"enemies":"Slime Boss","floor":68,"turns":2},{"damage":0,"enemies":"Spheric Guardian","floor":70,"turns":1},{"damage":0,"enemies":"Shell Parasite","floor":71,"turns":1},{"damage":0,"enemies":"Snake Plant","floor":72,"turns":1},{"damage":0,"enemies":"3 Cultists","floor":74,"turns":1},{"damage":0,"enemies":"Gremlin Leader","floor":75,"turns":1},{"damage":0,"enemies":"Book of Stabbing","floor":77,"turns":1},{"damage":0,"enemies":"Nightmare","floor":82,"turns":1},{"damage":0,"enemies":"Chosen and Byrds","floor":83,"turns":1},{"damage":0,"enemies":"hubris:MusketHawk","floor":85,"turns":1},{"damage":0,"enemies":"Orb Walker","floor":87,"turns":1},{"damage":0,"enemies":"3 Shapes","floor":89,"turns":1},{"damage":0,"enemies":"Writhing Mass","floor":91,"turns":1},{"damage":0,"enemies":"Nightmare","floor":92,"turns":1},{"damage":0,"enemies":"Reptomancer","floor":94,"turns":1},{"damage":0,"enemies":"Sphere and 2 Shapes","floor":97,"turns":1},{"damage":0,"enemies":"Nemesis","floor":99,"turns":1},{"damage":0,"enemies":"Awakened One","floor":102,"turns":2},{"damage":0,"enemies":"hubris:GrandSnecko","floor":103,"turns":1},{"damage":0,"enemies":"Small Slimes","floor":105,"turns":1}],"seed_played":"-6022815211859346166","potions_obtained":[{"floor":5.0,"key":"Regen Potion"},{"floor":6.0,"key":"Ancient Potion"},{"floor":11.0,"key":"Explosive Potion"},{"floor":13.0,"key":"ColorlessPotion"},{"floor":23.0,"key":"SkillPotion"},{"floor":33.0,"key":"DistilledChaos"},{"floor":33.0,"key":"EntropicBrew"},{"floor":33.0,"key":"Strength Potion"},{"floor":35.0,"key":"EssenceOfSteel"},{"floor":37.0,"key":"BlessingOfTheForge"},{"floor":37.0,"key":"EntropicBrew"},{"floor":37.0,"key":"infinitespire:BlackPotion"},{"floor":39.0,"key":"GamblersBrew"},{"floor":47.0,"key":"FairyPotion"},{"floor":51,"key":"ShroomBrew"},{"floor":53,"key":"infinitespire:BlackPotion"},{"floor":64,"key":"Block Potion"},{"floor":64,"key":"LiquidMemories"},{"floor":64,"key":"Fire Potion"},{"floor":70,"key":"SkillPotion"},{"floor":83,"key":"DistilledChaos"}],"is_trial":true,"path_per_floor":["M","?","$","?","M","E","M","M","T","R","E","T","E","M","R","B",null,"M","M","M","M","?","NM","AVR","E","T","?","R","T","E","M","R","B",null,"M","?","M","M","E","NM","R","AVR","T","M","R","E","M","E","R","B","B",null,"M","T","AVR","M","M","R","M","?","T","E","R","NM","M","E","R","B",null,"M","M","M","T","M","E","R","E","T","R","?","AVR","NM","M","R","B",null,"M","?","M","?","M","NM","R","E","R","M","T","E","AVR","R","B","B",null,"M","AVR","?"],"character_chosen":"MARISA","items_purchased":[],"campfire_rested":0,"item_purchase_floors":[],"current_hp_per_floor":[60,65,65,39,39,44,53,53,53,53,58,58,58,58,58,58,71,71,75,75,61,40,40,40,40,40,36,36,36,41,46,46,22,66,65,65,70,79,72,80,80,80,80,80,80,80,80,80,80,80,80,80,80,80,80,80,80,80,80,80,60,74,74,74,74,74,74,82,90,82,74,74,74,74,50,50,34,26,26,29,29,13,13,13,13,5,5,5,5,5,5,1,1,1,1,1,1,1,1,1,1,1,1,1,1,0,0],"gold":2823,"neow_bonus":"","is_daily":false,"chose_seed":false,"campfire_upgraded":16,"win_rate":0.0,"timestamp":1610992390,"path_taken":["M","?","$","?","M","E","M","M","T","R","E","?","E","M","R","BOSS","M","M","M","M","?","NM","AVR","E","T","?","R","?","E","M","R","BOSS","M","?","M","M","?","NM","R","AVR","T","M","R","E","?","E","R","BOSS","BOSS","BOSS","M","?","AVR","M","?","R","M","?","T","E","R","NM","M","E","R","BOSS","M","M","?","?","M","E","R","E","T","R","?","AVR","NM","M","R","BOSS","M","?","M","?","M","NM","R","E","R","M","?","E","AVR","R","BOSS","BOSS","M","AVR","?"],"items_purchased_type":[],"build_version":"2020-12-22","purchased_purges":7,"victory":false,"max_hp_per_floor":[70,75,75,75,75,75,75,75,75,75,75,75,75,75,75,75,75,75,75,75,75,80,80,80,80,80,80,80,80,80,80,80,80,80,80,80,80,80,80,80,80,80,80,80,80,80,80,80,80,80,80,80,80,80,80,80,80,80,80,80,60,74,74,74,74,74,74,82,90,82,74,74,74,74,50,50,34,26,26,29,29,13,13,13,13,5,5,5,5,5,5,1,1,1,1,1,1,1,1,1,1,1,1,1,1,1,1],"relic_stats":{"Torii":6,"StoneCalendar":[52],"Whetstone":["MysteriousBeam","WitchLeyline"],"Ginger":[0],"Boot":[26],"Nunchaku":[8],"Dream Catcher":0,"Mummified Hand":[134],"Gambling Chip":[277],"Tiny Chest":4,"MealTicket":0,"InkBottle":[78],"Happy Flower":[8],"counters":[57,91],"Pen Nib":[7],"PreservedInsect":672,"Orichalcum":[0],"War Paint":["MilkyWay","BigCrunch"],"Bird Faced Urn":[0],"Bronze Scales":[0],"Turnip":[0],"Black Star":16,"Art of War":[0],"obtain_stats":[{"Ice Cream":103,"hubris:CrystalStatue":62,"Gremlin Horn":7,"Whetstone":24,"Ginger":40,"Boot":39,"Sundial":20,"MealTicket":66,"Kunai":21,"hubris:TinFlute":77,"hubris:Teleporter":23,"Happy Flower":64,"hubris:DuctTape":77,"Blue Candle":39,"infinitespire:Beetle Shell":40,"Pen Nib":48,"Letter Opener":37,"War Paint":73,"Shuriken":21,"infinitespire:Lychee Nut":61,"Bird Faced Urn":46,"Bronze Scales":94,"hubris:PeanutButter":29,"Black Star":17,"hubris:ToyBattleship":23,"MiniHakkero":0,"StrikeDummy":43,"infinitespire:PuzzleCube":46,"Unceasing Top":102,"Meat on the Bone":6,"Pocketwatch":26,"infinitespire:Cupcake":104,"AmplifyWand":91,"Torii":30,"StoneCalendar":25,"Mango":62,"SproutingBranch":0,"Empty Cage":52,"Frozen Eye":106,"Nunchaku":42,"Dream Catcher":82,"hubris:Backtick":55,"Mummified Hand":13,"Gambling Chip":13,"Tiny Chest":9,"hubris:CuriousFeather":81,"HandmadeGrimoire":4,"BewitchedHakkero":34,"InkBottle":6,"hubris:GlazedTorus":25,"Potion Belt":11,"infinitespire:CursedDice":39,"PreservedInsect":62,"infinitespire:CheckeredPen":94,"Orichalcum":40,"hubris:Towel":88,"Mercury Hourglass":5,"Anchor":64,"Ornamental Fan":33,"hubris:Spice":68,"Turnip":48,"hubris:BundleOfHerbs":66,"Bag of Marbles":66,"Art of War":92,"Toy Ornithopter":12,"hubris:Potato":55,"infinitespire:Midas Blood":100},{"Ice Cream":56,"hubris:CrystalStatue":34,"Gremlin Horn":4,"Whetstone":14,"Ginger":23,"Boot":22,"Sundial":12,"MealTicket":37,"Kunai":13,"hubris:TinFlute":44,"hubris:Teleporter":14,"Happy Flower":35,"hubris:DuctTape":44,"Blue Candle":22,"infinitespire:Beetle Shell":23,"Pen Nib":27,"Letter Opener":20,"War Paint":41,"Shuriken":13,"infinitespire:Lychee Nut":33,"Bird Faced Urn":25,"Bronze Scales":52,"hubris:PeanutButter":15,"Black Star":9,"hubris:ToyBattleship":14,"MiniHakkero":0,"StrikeDummy":23,"infinitespire:PuzzleCube":25,"Unceasing Top":55,"Meat on the Bone":3,"Pocketwatch":15,"infinitespire:Cupcake":56,"AmplifyWand":50,"Torii":16,"StoneCalendar":15,"Mango":34,"SproutingBranch":0,"Empty Cage":29,"Frozen Eye":57,"Nunchaku":23,"Dream Catcher":45,"hubris:Backtick":30,"Mummified Hand":7,"Gambling Chip":7,"Tiny Chest":5,"hubris:CuriousFeather":44,"HandmadeGrimoire":1,"BewitchedHakkero":18,"InkBottle":3,"hubris:GlazedTorus":15,"Potion Belt":6,"infinitespire:CursedDice":22,"PreservedInsect":34,"infinitespire:CheckeredPen":52,"Orichalcum":23,"hubris:Towel":48,"Mercury Hourglass":2,"Anchor":35,"Ornamental Fan":18,"hubris:Spice":38,"Turnip":27,"hubris:BundleOfHerbs":37,"Bag of Marbles":37,"Art of War":51,"Toy Ornithopter":6,"hubris:Potato":30,"infinitespire:Midas Blood":54},{"Ice Cream":90,"hubris:CrystalStatue":66,"Gremlin Horn":7,"Whetstone":23,"Ginger":53,"Boot":50,"Sundial":19,"MealTicket":69,"Kunai":21,"hubris:TinFlute":77,"hubris:Teleporter":23,"Happy Flower":67,"hubris:DuctTape":77,"Blue Candle":46,"infinitespire:Beetle Shell":53,"Pen Nib":57,"Letter Opener":40,"War Paint":74,"Shuriken":21,"infinitespire:Lychee Nut":65,"Bird Faced Urn":55,"Bronze Scales":85,"hubris:PeanutButter":24,"Black Star":15,"hubris:ToyBattleship":23,"MiniHakkero":0,"StrikeDummy":53,"infinitespire:PuzzleCube":55,"Unceasing Top":89,"Meat on the Bone":6,"Pocketwatch":24,"infinitespire:Cupcake":90,"AmplifyWand":83,"Torii":26,"StoneCalendar":24,"Mango":66,"SproutingBranch":0,"Empty Cage":60,"Frozen Eye":91,"Nunchaku":53,"Dream Catcher":78,"hubris:Backtick":62,"Mummified Hand":13,"Gambling Chip":13,"Tiny Chest":10,"hubris:CuriousFeather":77,"HandmadeGrimoire":3,"BewitchedHakkero":38,"InkBottle":6,"hubris:GlazedTorus":24,"Potion Belt":12,"infinitespire:CursedDice":50,"PreservedInsect":66,"infinitespire:CheckeredPen":85,"Orichalcum":53,"hubris:Towel":81,"Mercury Hourglass":4,"Anchor":67,"Ornamental Fan":29,"hubris:Spice":71,"Turnip":57,"hubris:BundleOfHerbs":69,"Bag of Marbles":69,"Art of War":84,"Toy Ornithopter":12,"hubris:Potato":62,"infinitespire:Midas Blood":87}],"Toy Ornithopter":30,"Unceasing Top":[0],"Pocketwatch":[6]},"card_choices":[{"not_picked":["NonDirectionalLaser","PulseMagic"],"picked":"MilkyWay","floor":1.0},{"not_picked":["ShootingEcho","NonDirectionalLaser","DoubleSpark"],"picked":"SKIP","floor":5.0},{"not_picked":["ManaRampage","FinalSpark"],"picked":"UltimateShortwave","floor":6.0},{"not_picked":["ShootTheMoon","DC"],"picked":"OpenUniverse","floor":7.0},{"not_picked":["6A","LuminesStrike"],"picked":"IllusionStar","floor":8.0},{"not_picked":["AbsoluteMagnitude","StarDustReverie"],"picked":"ManaRampage","floor":11.0},{"not_picked":["StarDustReverie","BinaryStars","CasketOfStar"],"picked":"SKIP","floor":13.0},{"not_picked":["6A","MilkyWay"],"picked":"ChargingUp","floor":14.0},{"not_picked":["FinalSpark","SatelliteIllusion"],"picked":"BigCrunch","floor":16.0},{"not_picked":["MilkyWay","6A"],"picked":"IllusionStar","floor":18.0},{"not_picked":["SporeBomb","WitchLeyline","ShootingEcho"],"picked":"SKIP","floor":19.0},{"not_picked":["SprinkleStarSeal","PowerUp"],"picked":"IllusionStar","floor":20.0},{"not_picked":["MagicAbsorber","ShootTheMoon","MillisecondPulsars"],"picked":"SKIP","floor":21.0},{"not_picked":["MillisecondPulsars","EscapeVelocity"],"picked":"SatelliteIllusion","floor":23.0},{"not_picked":["BinaryStars","EscapeVelocity"],"picked":"TreasureHunter","floor":25.0},{"not_picked":["CasketOfStar","MaximisePower","EscapeVelocity"],"picked":"SKIP","floor":30.0},{"not_picked":["GasGiant","MilkyWay"],"picked":"SuperPerseids","floor":31.0},{"not_picked":["EscapeVelocity","CasketOfStar"],"picked":"AbsoluteMagnitude","floor":33.0},{"not_picked":["6A+1","EarthLightRay","AlicesGift"],"picked":"SKIP","floor":35.0},{"not_picked":[],"picked":"Orbital","floor":36.0},{"not_picked":["SporeBomb","OneTimeOff+1","GravityBeat"],"picked":"SKIP","floor":37.0},{"not_picked":["AsteroidBelt","DoubleSpark+1","AlicesGift+1"],"picked":"SKIP","floor":38.0},{"not_picked":["BinaryStars","AbsoluteMagnitude"],"picked":"CollectingQuirk","floor":39.0},{"not_picked":["BlazingStar","SuperNova"],"picked":"BigCrunch","floor":40.0},{"not_picked":["AsteroidBelt","MysteriousBeam","EarthLightRay"],"picked":"SKIP","floor":44.0},{"not_picked":["AbsoluteMagnitude","MillisecondPulsars"],"picked":"MaximisePower","floor":46.0},{"not_picked":["DragonMeteor","WitchLeyline","GrandCross"],"picked":"SKIP","floor":47.0},{"not_picked":["BinaryStars","BlazingStar"],"picked":"UltimateShortwave","floor":48.0},{"not_picked":["CollectingQuirk","ManaRampage"],"picked":"SatelliteIllusion","floor":51},{"not_picked":["NonDirectionalLaser","MysteriousBeam"],"picked":"OpenUniverse","floor":53},{"not_picked":["Orbital","GravityBeat"],"picked":"ChargingUp","floor":56},{"not_picked":["GravityBeat","6A"],"picked":"IllusionStar","floor":57},{"not_picked":["Acceleration","AsteroidBelt","IllusionStar"],"picked":"SKIP","floor":59},{"not_picked":["CasketOfStar","ManaRampage"],"picked":"SatelliteIllusion","floor":62},{"not_picked":["SuperNova","FinalSpark"],"picked":"BigCrunch","floor":64},{"not_picked":["6A","EarthLightRay","Acceleration"],"picked":"SKIP","floor":65},{"not_picked":["AbsoluteMagnitude","MaximisePower"],"picked":"UltimateShortwave","floor":66},{"not_picked":["UnstableBomb","ShootingEcho"],"picked":"hubris:SpiceAddiction","floor":70},{"not_picked":["GrandCross","PowerUp"],"picked":"hubris:SpiceAddiction","floor":71},{"not_picked":["WitchOfGreed","IllusionStar","Acceleration"],"picked":"SKIP","floor":72},{"not_picked":["DC","GalacticHalo","DoubleSpark"],"picked":"SKIP","floor":74},{"not_picked":["AbsoluteMagnitude","CasketOfStar","ManaRampage"],"picked":"SKIP","floor":75},{"not_picked":["MaximisePower","ManaRampage"],"picked":"hubris:SpiceAddiction","floor":77},{"not_picked":["hubris:InfiniteBlow","infinitespire:Starlight"],"picked":"infinitespire:FutureSight","floor":82},{"not_picked":["UltimateShortwave","StarDustReverie"],"picked":"SatelliteIllusion","floor":82},{"not_picked":["MysteriousBeam","WitchLeyline"],"picked":"SuperPerseids","floor":83},{"not_picked":["hubris:SpiceAddiction","MysteriousBeam+1"],"picked":"MilkyWay+1","floor":87},{"not_picked":["hubris:SpiceAddiction","hubris:SpiceAddiction"],"picked":"SuperPerseids+1","floor":89},{"not_picked":["DC","LuminesStrike"],"picked":"Orbital","floor":91},{"not_picked":["FinalSpark","JA"],"picked":"hubris:SpiceAddiction","floor":92},{"not_picked":["TreasureHunter","BinaryStars","MillisecondPulsars"],"picked":"SKIP","floor":94},{"not_picked":["MysteriousBeam+1","WitchLeyline","EnergyFlow+1"],"picked":"SKIP","floor":97},{"not_picked":["MillisecondPulsars","BinaryStars","ManaRampage"],"picked":"SKIP","floor":99},{"not_picked":["Robbery","PropBag"],"picked":"hubris:SpiceAddiction","floor":105}],"player_experience":847494,"relics_obtained":[{"floor":6.0,"key":"InkBottle"},{"floor":9.0,"key":"Tiny Chest"},{"floor":11.0,"key":"Potion Belt"},{"floor":12.0,"key":"Toy Ornithopter"},{"floor":13.0,"key":"Gambling Chip"},{"floor":23.0,"key":"hubris:Teleporter"},{"floor":23.0,"key":"hubris:ToyBattleship"},{"floor":25.0,"key":"StoneCalendar"},{"floor":25.0,"key":"hubris:GlazedTorus"},{"floor":26.0,"key":"Pocketwatch"},{"floor":29.0,"key":"hubris:PeanutButter"},{"floor":30.0,"key":"Mummified Hand"},{"floor":30.0,"key":"Torii"},{"floor":39.0,"key":"infinitespire:CursedDice"},{"floor":39.0,"key":"Boot"},{"floor":40.0,"key":"infinitespire:Beetle Shell"},{"floor":40.0,"key":"Orichalcum"},{"floor":40.0,"key":"Ginger"},{"floor":43.0,"key":"StrikeDummy"},{"floor":46.0,"key":"Bird Faced Urn"},{"floor":46.0,"key":"infinitespire:PuzzleCube"},{"floor":48.0,"key":"Turnip"},{"floor":48.0,"key":"Pen Nib"},{"floor":54,"key":"SproutingBranch"},{"floor":61,"key":"infinitespire:Lychee Nut"},{"floor":62,"key":"hubris:CrystalStatue"},{"floor":62,"key":"Mango"},{"floor":62,"key":"PreservedInsect"},{"floor":64,"key":"Happy Flower"},{"floor":64,"key":"Anchor"},{"floor":66,"key":"Bag of Marbles"},{"floor":66,"key":"MealTicket"},{"floor":66,"key":"hubris:BundleOfHerbs"},{"floor":68,"key":"hubris:Spice"},{"floor":73,"key":"War Paint"},{"floor":75,"key":"hubris:Spice"},{"floor":75,"key":"hubris:Spice"},{"floor":75,"key":"hubris:Spice"},{"floor":77,"key":"hubris:DuctTape"},{"floor":77,"key":"hubris:Spice"},{"floor":77,"key":"hubris:TinFlute"},{"floor":78,"key":"hubris:Spice"},{"floor":82,"key":"Dream Catcher"},{"floor":82,"key":"hubris:Spice"},{"floor":82,"key":"hubris:Spice"},{"floor":92,"key":"hubris:Spice"},{"floor":92,"key":"Art of War"},{"floor":92,"key":"hubris:Spice"},{"floor":94,"key":"Bronze Scales"},{"floor":94,"key":"infinitespire:CheckeredPen"},{"floor":98,"key":"hubris:Spice"},{"floor":99,"key":"hubris:CuriousFeather"},{"floor":99,"key":"hubris:Spice"},{"floor":102,"key":"Unceasing Top"},{"floor":103,"key":"Ice Cream"}],"event_choices":[{"damage_healed":0.0,"max_hp_gain":5.0,"max_hp_loss":0.0,"gold_gain":0.0,"event_name":"Big Fish","player_choice":"Donut","floor":2.0,"gold_loss":0.0,"damage_taken":0.0},{"damage_healed":0.0,"max_hp_gain":0.0,"max_hp_loss":0.0,"gold_gain":0.0,"event_name":"Scrap Ooze","player_choice":"Success","floor":4.0,"gold_loss":0.0,"damage_taken":26.0,"relics_obtained":["HandmadeGrimoire"]},{"damage_healed":0.0,"max_hp_gain":5.0,"max_hp_loss":0.0,"gold_gain":0.0,"event_name":"Forgotten Altar","player_choice":"Shed Blood","floor":22.0,"gold_loss":0.0,"damage_taken":26.0},{"damage_healed":0.0,"max_hp_gain":0.0,"max_hp_loss":0.0,"gold_gain":0.0,"event_name":"The Woman in Blue","player_choice":"Bought 0 Potions","floor":27.0,"gold_loss":0.0,"damage_taken":0.0},{"damage_healed":0,"gold_gain":0,"player_choice":"Upgraded","damage_taken":0,"max_hp_gain":0,"max_hp_loss":0,"event_name":"Upgrade Shrine","floor":60,"gold_loss":0,"cards_upgraded":["OpenUniverse"]},{"damage_healed":0,"gold_gain":300,"player_choice":"Gold","damage_taken":0,"max_hp_gain":0,"max_hp_loss":0,"event_name":"Wheel of Change","floor":90,"gold_loss":0}],"is_beta":false,"boss_relics":[{"not_picked":["RampagingMagicTools","hubris:VirtuousBlindfold"],"picked":"Black Star"},{"not_picked":["Busted Crown","ExperimentalFamiliar"],"picked":"BewitchedHakkero"},{"not_picked":["infinitespire:Cupcake","SacredBark"],"picked":"Empty Cage"},{"not_picked":["Philosopher\u0027s Stone","Runic Dome"],"picked":"hubris:Spice"},{"not_picked":["hubris:CrackedHourglass","hubris:Spice"],"picked":"hubris:Spice"},{"not_picked":["hubris:Spice","hubris:Spice"],"picked":"infinitespire:Cupcake"}],"items_purged_floors":[3,24,42,55,81,100,106],"is_endless":true,"potions_floor_spawned":[5,6,16,19,21,30,31,33,35,37,39,47,48,56,57,62,64,68,70,74,77,83,87,94,99,105],"ascension_level":20}}