{"host":"xt797mi8yhee06c1","time":1610935794,"event":{"mods":["100% Spire Juice","BaseMod","Bestiary","Koishi","Marisa£¨Ùöéë¡¡Øª×âÞÞ£©","Minty Spire (QoL Compilation)","Poor People Problems","Prisma Mod","Relic Filter","Shop Mod","Spicy Shops","StSLib","The Marked","The Servant 0.9.4","WarShipGirlsR/??á´Ò³R mod"],"gold_per_floor":[118,118,193,209,219,219,250,250,275,294,312,330,330,342,342,440,440,452,452,472,62,62,97,116,116,187,218,218,243,10,10,10,10,10],"floor_reached":33,"language":"KOR","playtime":1848,"items_purged":[],"score":430,"play_id":"f3d10c6b-47de-4c48-b341-46246e55a0fe","local_time":"20210118110954","is_ascension_mode":false,"campfire_choices":[{"data":"rmod:maintain","floor":6.0,"key":"SMITH"},{"data":"rmod:chargemoney","floor":13,"key":"SMITH"},{"data":"rmod:basicallowance","floor":15,"key":"SMITH"},{"floor":28,"key":"REST"},{"data":"rmod:seals","floor":32,"key":"SMITH"}],"circlet_count":0,"master_deck":["rmod:strick","rmod:defend","rmod:defend","rmod:defend","rmod:defend","rmod:basicallowance+1","rmod:maingunfire","rmod:robin","rmod:maintain+1","rmod:steelsupply","rmod:supportescort","rmod:goodsister","rmod:diaomin","rmod:chargemoney+1","rmod:aggressivemary","rmod:luckystar","rmod:abidefaith","rmod:luckystar","rmod:selfconfidence","rmod:aviationdawn","rmod:lonelyqueen","rmod:aviationdawn","rmod:diamondstrike","rmod:tearstotiara","rmod:diamondstrike","rmod:luckystar","rmod:steelsupply+1","rmod:intelligenceanalysis+1","rmod:maintain","rmod:seals+1","Writhe"],"relics":["rmod:firstchargereward","NeowsBlessing","The Courier","Bag of Preparation","SlaversCollar","Chemical X","Chemical X","Pear","Ornamental Fan","Matryoshka","Juzu Bracelet","Toxic Egg 2","Shuriken"],"acts_visited":["Exordium","TheCity"],"potions_floor_usage":[16,16,16,27,33],"damage_taken":[{"damage":0.0,"enemies":"Jaw Worm","floor":1.0,"turns":1.0},{"damage":0.0,"enemies":"Small Slimes","floor":4.0,"turns":1.0},{"damage":0.0,"enemies":"Cultist","floor":5.0,"turns":1.0},{"damage":0,"enemies":"3 Sentries","floor":7,"turns":10},{"damage":2,"enemies":"Looter","floor":10,"turns":3},{"damage":3,"enemies":"2 Fungi Beasts","floor":11,"turns":4},{"damage":0,"enemies":"Large Slime","floor":12,"turns":4},{"damage":7,"enemies":"Exordium Thugs","floor":14,"turns":5},{"damage":0,"enemies":"Slime Boss","floor":16,"turns":3},{"damage":4,"enemies":"Shell Parasite","floor":18,"turns":4},{"damage":0,"enemies":"Spheric Guardian","floor":20,"turns":2},{"damage":25,"enemies":"Slavers","floor":23,"turns":5},{"damage":31,"enemies":"Shelled Parasite and Fungi","floor":24,"turns":7},{"damage":0,"enemies":"Gremlin Leader","floor":27,"turns":3},{"damage":34,"enemies":"Book of Stabbing","floor":29,"turns":5},{"damage":14,"enemies":"Champ","floor":33,"turns":2}],"seed_played":"-1927068153329802167","potions_obtained":[{"floor":5.0,"key":"Strength Potion"},{"floor":10,"key":"SkillPotion"},{"floor":14,"key":"BlessingOfTheForge"},{"floor":16,"key":"Regen Potion"},{"floor":27,"key":"Energy Potion"}],"is_trial":false,"path_per_floor":["M","$","?","M","M","R","E","?","T","M","M","M","R","M","R","B",null,"M","?","M","$","?","E","M","?","T","E","R","E","$","?","R","B"],"character_chosen":"PRAEFECT","items_purchased":["rmod:aviationdawn","Chemical X","Chemical X","rmod:diamondstrike","rmod:tearstotiara","rmod:diamondstrike","rmod:luckystar","Toxic Egg 2","rmod:seals"],"campfire_rested":1,"item_purchase_floors":[21,21,21,21,21,21,21,30,30],"current_hp_per_floor":[75,75,64,64,64,64,64,64,64,62,59,59,59,52,52,52,75,71,71,71,71,71,56,25,9,9,18,45,11,11,11,11,0,0],"gold":10,"neow_bonus":"THREE_ENEMY_KILL","is_daily":false,"chose_seed":false,"campfire_upgraded":4,"win_rate":0.0,"timestamp":1610935794,"path_taken":["M","$","?","M","M","R","E","?","T","M","M","M","R","?","R","BOSS","M","?","M","$","?","E","?","?","T","E","R","E","$","?","R","BOSS"],"items_purchased_type":["Card","Relic","Relic","Card","Card","Card","Card","Relic","Card"],"build_version":"2020-12-22","purchased_purges":0,"victory":false,"max_hp_per_floor":[75,75,75,75,75,75,75,75,75,75,75,75,75,75,75,75,75,75,75,75,75,75,85,85,90,90,90,90,90,90,90,90,90,90],"card_choices":[{"not_picked":["rmod:fuelsupply","rmod:garrisonisland"],"picked":"rmod:robin","floor":1.0},{"not_picked":["rmod:supportescort","rmod:firesupport"],"picked":"rmod:maintain","floor":4.0},{"not_picked":["rmod:smokecover","rmod:intelligenceanalysis","rmod:steelsupply"],"picked":"SKIP","floor":5.0},{"not_picked":["rmod:smokecover","rmod:intelligenceanalysis"],"picked":"rmod:steelsupply","floor":5.0},{"not_picked":["rmod:circuitoustactics","rmod:intelligenceanalysis"],"picked":"rmod:supportescort","floor":7},{"not_picked":["rmod:punchline","rmod:lonelyqueen"],"picked":"rmod:diaomin","floor":10},{"not_picked":["rmod:firesupport","rmod:diamondstrike"],"picked":"rmod:chargemoney","floor":11},{"not_picked":["rmod:circuitoustactics","rmod:unsinkable"],"picked":"rmod:aggressivemary","floor":12},{"not_picked":["rmod:supportescort","rmod:u235"],"picked":"rmod:luckystar","floor":14},{"not_picked":["rmod:ridicule","rmod:expeditionaryescort"],"picked":"rmod:abidefaith","floor":16},{"not_picked":["rmod:unsinkable","rmod:supportescort"],"picked":"rmod:luckystar","floor":18},{"not_picked":["rmod:rockthrower","rmod:aluminumsupply"],"picked":"rmod:lonelyqueen","floor":20},{"not_picked":["rmod:goodsister","rmod:selfconfidence"],"picked":"rmod:steelsupply+1","floor":23},{"not_picked":["rmod:diamondstrike","rmod:steelsupply"],"picked":"rmod:intelligenceanalysis+1","floor":24},{"not_picked":["rmod:tearstotiara","rmod:circuitoustactics","rmod:steelsupply"],"picked":"SKIP","floor":27},{"not_picked":["rmod:launchingtorpedo","rmod:guardianhero"],"picked":"rmod:maintain","floor":29}],"player_experience":380408,"relics_obtained":[{"floor":7,"key":"The Courier"},{"floor":9,"key":"Bag of Preparation"},{"floor":23,"key":"Pear"},{"floor":26,"key":"Ornamental Fan"},{"floor":27,"key":"Matryoshka"},{"floor":29,"key":"Juzu Bracelet"}],"event_choices":[{"damage_healed":0.0,"max_hp_gain":0.0,"max_hp_loss":0.0,"gold_gain":75.0,"event_name":"World of Goop","player_choice":"Gather Gold","floor":3.0,"gold_loss":0.0,"damage_taken":11.0},{"damage_healed":0,"gold_gain":0,"cards_transformed":["rmod:strick"],"player_choice":"Change","damage_taken":0,"max_hp_gain":0,"max_hp_loss":0,"event_name":"Living Wall","floor":8,"gold_loss":0,"cards_obtained":["rmod:goodsister"]},{"damage_healed":0,"gold_gain":0,"cards_transformed":["rmod:strick","rmod:strick"],"player_choice":"Became Test Subject","damage_taken":0,"max_hp_gain":0,"max_hp_loss":0,"event_name":"Drug Dealer","floor":19,"gold_loss":0,"cards_obtained":["rmod:selfconfidence","rmod:aviationdawn"]},{"damage_healed":0,"gold_gain":0,"player_choice":"Ignored","damage_taken":0,"max_hp_gain":0,"max_hp_loss":0,"event_name":"NoteForYourself","floor":22,"gold_loss":0},{"damage_healed":0,"gold_gain":0,"player_choice":"Shed Blood","damage_taken":21,"max_hp_gain":5,"max_hp_loss":0,"event_name":"Forgotten Altar","floor":25,"gold_loss":0},{"damage_healed":0,"gold_gain":0,"player_choice":"Opened","damage_taken":0,"relics_obtained":["Shuriken"],"max_hp_gain":0,"max_hp_loss":0,"event_name":"The Mausoleum","floor":31,"gold_loss":0,"cards_obtained":["Writhe"]}],"is_beta":false,"boss_relics":[{"not_picked":["Cursed Key","Ectoplasm"],"picked":"SlaversCollar"}],"items_purged_floors":[],"is_endless":false,"potions_floor_spawned":[5,10,14,16,27],"killed_by":"Champ","ascension_level":0}}