{"host":"1a3cjta80tad0aqj","time":1610945439,"event":{"mods":["2.2 Compatiblity","AchievementEnabler","BaseMod","Colored Map","DeckTracker","KOR Keyword Fix","Keyboard Shortcuts","Minty Spire (QoL Compilation)","Permanent Neow","Quick Restart","Random Character Button","StSLib","SuperFastMode","everything is the same but u backflip on backflip"],"gold_per_floor":[213,288,136,136,64,64,95,95,95,95,95],"floor_reached":10,"language":"KOR","playtime":291,"items_purged":[],"score":105,"play_id":"eddc8981-f495-4b6d-8e36-289992bfd5af","local_time":"20210118135039","is_ascension_mode":true,"campfire_choices":[{"data":"Eruption","floor":6,"key":"SMITH"},{"floor":8,"key":"REST"}],"circlet_count":0,"master_deck":["AscendersBane","Strike_P","Strike_P","Strike_P","Strike_P","Defend_P","Defend_P","Defend_P","Defend_P","Eruption+1","Vigilance","Meditate","Injury","Adaptation","EmptyBody"],"relics":["PureWater","Pen Nib","Golden Idol","TungstenRod","Damaru"],"acts_visited":["Exordium"],"potions_floor_usage":[7],"damage_taken":[{"damage":0,"enemies":"Small Slimes","floor":1,"turns":3},{"damage":28,"enemies":"Lagavulin","floor":7,"turns":9},{"damage":37,"enemies":"3 Sentries","floor":10,"turns":9}],"seed_played":"-5957749887319881142","potions_obtained":[{"floor":1,"key":"Weak Potion"}],"is_trial":false,"path_per_floor":["M","?","$","?","$","R","E","R","T","E"],"character_chosen":"WATCHER","items_purchased":["Pen Nib","Adaptation"],"campfire_rested":1,"item_purchase_floors":[3,5],"current_hp_per_floor":[61,50,50,50,50,50,22,42,42,5,5],"gold":95,"neow_bonus":"HUNDRED_GOLD","is_daily":false,"chose_seed":false,"campfire_upgraded":1,"win_rate":0.0,"timestamp":1610945439,"path_taken":["M","?","$","?","?","R","E","R","T","E"],"items_purchased_type":["Relic","Card"],"build_version":"2020-12-22","purchased_purges":0,"victory":false,"max_hp_per_floor":[68,68,68,68,68,68,68,68,68,68,68],"card_choices":[{"not_picked":["ClearTheMind","JustLucky"],"picked":"Meditate","floor":1},{"not_picked":["ForeignInfluence","MasterReality"],"picked":"EmptyBody","floor":7}],"player_experience":729453,"relics_obtained":[{"floor":7,"key":"TungstenRod"},{"floor":9,"key":"Damaru"}],"event_choices":[{"damage_healed":0,"gold_gain":75,"player_choice":"Gather Gold","damage_taken":11,"max_hp_gain":0,"max_hp_loss":0,"event_name":"World of Goop","floor":2,"gold_loss":0},{"damage_healed":0,"gold_gain":0,"player_choice":"Take Wound","damage_taken":0,"relics_obtained":["Golden Idol"],"max_hp_gain":0,"max_hp_loss":0,"event_name":"Golden Idol","floor":4,"gold_loss":0,"cards_obtained":["Injury"]}],"is_beta":false,"boss_relics":[],"items_purged_floors":[],"is_endless":false,"potions_floor_spawned":[1],"killed_by":"3 Sentries","ascension_level":14}}