{"host":"dr74i48rjaqsqifn","time":1610975054,"event":{"mods":["Ascension Reborn","Aspiration","Astrologer","BaseMod","Beaked The Cultist","Bestiary","Challenge The Spire","Colored Powertips","Conspire","Energized Spire","Halation","Hermit","Hubris","Hunter ??","Infinite Spire","Mad Scientist","Marisa????????","Minty Spire (QoL Compilation)","Prisma Mod","Replay The Spire","StSLib","Td1madao Mod","The Administrix","The Animator","The Bug Knight","The Construct","The Cursed","The Disciple","The Elementalist","The Factory","The Gatherer","The Hierophant","The Jungle","The Mystic","The Necromancer","The Runesmith","The Servant 0.9.4","The Witch","vexMod"],"gold_per_floor":[114,124,136,136,153,153,153],"floor_reached":6,"language":"ENG","playtime":774,"items_purged":[],"score":38,"play_id":"6927b7ca-b644-43a5-8bd0-3509e3041158","local_time":"20210118200414","is_ascension_mode":false,"campfire_choices":[],"circlet_count":0,"master_deck":["Strike_G","Strike_G","Strike_G","Strike_G","Strike_G","Defend_G","Defend_G","Defend_G+1","Defend_G","Defend_G","Survivor","Neutralize","Dodge and Roll","Tactician+1","Flying Knee","Sucker Punch"],"relics":["Ring of the Snake","NeowsBlessing"],"acts_visited":["Exordium"],"potions_floor_usage":[6,6],"damage_taken":[{"damage":0.0,"enemies":"Cultist","floor":1.0,"turns":1.0},{"damage":0.0,"enemies":"infinitespire:Voidling","floor":2.0,"turns":1.0},{"damage":0.0,"enemies":"Small Slimes","floor":3.0,"turns":1.0},{"damage":0,"enemies":"3 Louse","floor":5,"turns":7},{"damage":19,"enemies":"HollowMod:MossKnight","floor":6,"turns":21}],"seed_played":"-955638628386763359","potions_obtained":[{"floor":1.0,"key":"LifebloodPotion"},{"floor":3,"key":"SkillPotion"}],"is_trial":false,"path_per_floor":["M","M","M","?","M","E"],"character_chosen":"THE_SILENT","items_purchased":[],"campfire_rested":0,"item_purchase_floors":[],"current_hp_per_floor":[70,70,70,56,56,37,37],"gold":153,"neow_bonus":"THREE_ENEMY_KILL","is_daily":false,"chose_seed":false,"campfire_upgraded":0,"win_rate":0.0,"timestamp":1610975054,"path_taken":["M","?","?","?","M","E"],"items_purchased_type":[],"build_version":"2020-12-22","purchased_purges":0,"victory":false,"max_hp_per_floor":[70,70,70,70,70,70,70],"card_choices":[{"not_picked":["Bane","Riddle With Holes"],"picked":"Dodge and Roll","floor":1.0},{"not_picked":["Outmaneuver","Deadly Poison"],"picked":"Tactician","floor":2.0},{"not_picked":["Backflip","Poisoned Stab"],"picked":"Flying Knee","floor":3},{"not_picked":["Backflip","Dodge and Roll"],"picked":"Sucker Punch","floor":5}],"player_experience":164079,"relics_obtained":[],"event_choices":[{"damage_healed":0,"gold_gain":0,"player_choice":"Entered Light","damage_taken":14,"max_hp_gain":0,"max_hp_loss":0,"event_name":"Shining Light","floor":4,"gold_loss":0,"cards_upgraded":["Defend_G","Tactician"]}],"is_beta":false,"boss_relics":[],"items_purged_floors":[],"is_endless":false,"potions_floor_spawned":[1,3],"killed_by":"HollowMod:MossKnight","ascension_level":0}}