{"host":"ookn8x5nzyv9pfyh","time":1610974436,"event":{"mods":["AchievementEnabler","BaseMod","Highlight Path","Hubris","Minty Spire (QoL Compilation)","Replay The Spire","StSLib","vexMod"],"gold_per_floor":[218,238,238,238,238,282,282,306,333,377,377,402,425,441,441,571,571,592,612,612,711,711,743,519,519,596,611,586,602,632,649,649,749,749,764,615,665,665,685,718,718,728,752,752,772,772,798,577,577,577],"floor_reached":51,"language":"ZHS","playtime":2098,"items_purged":["Strike_R"],"score":933,"play_id":"dab1563f-130c-4b06-9382-bcf60030371c","local_time":"20210118205356","is_ascension_mode":true,"campfire_choices":[{"data":"ReplayTheSpireMod:Muscle Training","floor":11,"key":"SMITH"},{"floor":15,"key":"DIG"},{"data":"Inflame","floor":25,"key":"SMITH"},{"floor":32,"key":"DIG"},{"floor":41,"key":"REST"},{"data":"Bloodletting","floor":44,"key":"SMITH"},{"floor":49,"key":"DIG"}],"circlet_count":0,"master_deck":["Strike_R","Strike_R","Defend_R","Defend_R","Defend_R","Defend_R","Bash+1","Sword Boomerang","Bludgeon","Uppercut","ReplayTheSpireMod:Muscle Training+1","Twin Strike","Sword Boomerang","Offering","Pummel+1","Dual Wield+1","hubris:SharpeningStone","Replay:Undeath\u0027s Touch","Cleave","hubris:DuctTapeCard+2","Battle Trance+1","Shockwave","Brutality","Clothesline","Sweeping Beam+1","Pot Of Greed","Pot Of Greed","Pot Of Greed","Genetic Algorithm","Bloodletting+1","Pummel","Rupture","Escape Plan+1","Darkness+1","Demonic Infusion","Pot Of Greed"],"relics":["Replay:Wanted Poster","Vajra","Bloody Idol","ReplayFunnel","hubris:Icosahedron","King of Hearts","Blue Doll","Whetstone","ReplayTheSpireMod:Spearhead","Philosopher\u0027s Stone","ReplayTheSpireMod:Lightbulb","Brimstone","Onion Ring","hubris:DuctTape","Regal Pillow","Honey Jar","PrismaticShard","Replay:PocketPolymizer","Grinning Jar","PreservedInsect","hubris:Towel","ReplayTheSpireMod:TigerMarble","Centennial Puzzle","Toy Ornithopter"],"acts_visited":["Exordium","TheCity","TheBeyond"],"potions_floor_usage":[6,14,18,19,23,23,31,33,50],"damage_taken":[{"damage":10,"enemies":"Cultist","floor":1,"turns":4},{"damage":14,"enemies":"2 Louse","floor":2,"turns":2},{"damage":27,"enemies":"Lagavulin","floor":6,"turns":5},{"damage":10,"enemies":"Jaw Worm","floor":8,"turns":2},{"damage":12,"enemies":"Gremlin Nob","floor":10,"turns":3},{"damage":4,"enemies":"Looter","floor":12,"turns":2},{"damage":0,"enemies":"2 Fungi Beasts","floor":14,"turns":2},{"damage":18,"enemies":"The Guardian","floor":16,"turns":11},{"damage":9,"enemies":"2 Thieves","floor":18,"turns":3},{"damage":6,"enemies":"3 Byrds","floor":19,"turns":3},{"damage":44,"enemies":"Slavers","floor":23,"turns":3},{"damage":0,"enemies":"Snecko","floor":27,"turns":2},{"damage":0,"enemies":"Snake Plant","floor":29,"turns":2},{"damage":10,"enemies":"Gremlin Leader","floor":30,"turns":3},{"damage":13,"enemies":"Centurion and Healer","floor":31,"turns":3},{"damage":15,"enemies":"hubris:MusketHawk","floor":33,"turns":3},{"damage":6,"enemies":"Orb Walker","floor":35,"turns":1},{"damage":0,"enemies":"Mind Bloom Boss Battle","floor":37,"turns":2},{"damage":7,"enemies":"3 Darklings","floor":39,"turns":2},{"damage":35,"enemies":"Reptomancer","floor":40,"turns":3},{"damage":16,"enemies":"Transient","floor":42,"turns":5},{"damage":9,"enemies":"Writhing Mass","floor":45,"turns":2},{"damage":24,"enemies":"Nemesis","floor":47,"turns":3},{"damage":38,"enemies":"Awakened One","floor":50,"turns":4}],"seed_played":"-7994655113345809782","potions_obtained":[{"floor":2,"key":"PowerPotion"},{"floor":6,"key":"Dexterity Potion"},{"floor":10,"key":"SteroidPotion"},{"floor":14,"key":"BloodPotion"},{"floor":16,"key":"Fire Potion"},{"floor":18,"key":"SteroidPotion"},{"floor":19,"key":"BloodPotion"},{"floor":27,"key":"Weak Potion"},{"floor":29,"key":"LiquidMemories"},{"floor":39,"key":"SkillPotion"},{"floor":42,"key":"SpeedPotion"}],"is_trial":false,"path_per_floor":["M","M","?","$","?","E","?","M","T","E","R","M","T","M","R","B",null,"M","M","?","?","?","E","$","R","T","M","?","M","E","M","R","B",null,"M","$","?","?","M","E","R","M","T","R","M","?","E","$","R","B",null],"character_chosen":"IRONCLAD","items_purchased":["Brimstone","Inflame","PrismaticShard","Centennial Puzzle"],"campfire_rested":1,"item_purchase_floors":[24,24,36,48],"current_hp_per_floor":[70,56,56,56,56,29,29,70,70,58,58,54,54,70,70,52,80,71,65,65,70,70,47,47,47,52,57,57,62,57,49,49,39,80,79,79,80,80,78,48,80,69,74,74,70,70,51,51,51,18],"gold":577,"neow_bonus":"BOSS_RELIC","is_daily":false,"chose_seed":false,"campfire_upgraded":3,"win_rate":0.0,"timestamp":1610974436,"path_taken":["M","M","?","$","?","E","?","M","T","E","R","M","?","M","R","BOSS","M","M","?","?","?","E","$","R","T","?","?","M","E","M","R","BOSS","M","$","?","?","?","E","R","M","T","R","M","?","E","?","R","BOSS"],"items_purchased_type":["Relic","Card","Relic","Relic"],"build_version":"2020-12-22","purchased_purges":1,"victory":true,"max_hp_per_floor":[80,80,80,80,80,80,80,80,80,80,80,80,80,80,80,80,80,80,80,80,80,80,80,80,80,80,80,80,80,80,80,80,80,80,80,80,80,80,80,80,80,80,80,80,80,80,80,80,80,80],"card_choices":[{"not_picked":["Uppercut","ReplayTheSpireMod:Limb From Limb"],"picked":"Sword Boomerang","floor":1},{"not_picked":["Dual Wield","ReplayReversal"],"picked":"Metallicize","floor":2},{"not_picked":["Pommel Strike","Abandon"],"picked":"Bludgeon","floor":6},{"not_picked":["Pommel Strike","Massacre"],"picked":"Uppercut","floor":8},{"not_picked":["Rupture","Intimidate"],"picked":"ReplayTheSpireMod:Muscle Training","floor":10},{"not_picked":["Ghostly Armor","Sever Soul"],"picked":"Twin Strike","floor":12},{"not_picked":["ReplayTheSpireMod:Limb From Limb","Twin Strike"],"picked":"Sword Boomerang","floor":14},{"not_picked":["Double Tap","Juggernaut"],"picked":"Offering","floor":16},{"not_picked":["Sentinel","Sword Boomerang"],"picked":"Pummel+1","floor":18},{"not_picked":["Warcry","Hemokinesis"],"picked":"Dual Wield+1","floor":19},{"not_picked":["Sword Boomerang","Iron Wave"],"picked":"hubris:SharpeningStone","floor":23},{"not_picked":["Fire Breathing","Power Through"],"picked":"Replay:Undeath\u0027s Touch","floor":27},{"not_picked":["Warcry","Brutality"],"picked":"Cleave","floor":29},{"not_picked":["Life Link","Barricade"],"picked":"Battle Trance+1","floor":30},{"not_picked":["Second Wind+1","hubris:ReadiedAction"],"picked":"Shockwave","floor":31},{"not_picked":["Impervious","Replay:Many Hands"],"picked":"Brutality","floor":33},{"not_picked":["Cleave","Wild Strike+1","ReplayTheSpireMod:Limb From Limb"],"picked":"Clothesline","floor":35},{"not_picked":["Quick Slash","Underhanded Strike","hubris:SlightOfHand+1"],"picked":"Sweeping Beam+1","floor":37},{"not_picked":["Replay:BasicMightCard","Conserve Battery+1","Heavy Blade"],"picked":"Barricade","floor":39},{"not_picked":["ReplayTheSpireMod:LeadingStrike+1","Ghostly Armor+1","Havoc+1"],"picked":"Genetic Algorithm","floor":40},{"not_picked":["hubris:Counter+1","Mind Blast","BasicCrystalCard"],"picked":"Pummel","floor":42},{"not_picked":["Ball Lightning+1","Replay:Bootleg Shield Generator","Loop"],"picked":"Escape Plan+1","floor":45},{"not_picked":["Hemogenesis","Hidden Blade+1","Steam+1"],"picked":"Darkness+1","floor":47}],"player_experience":28729,"relics_obtained":[{"floor":6,"key":"ReplayFunnel"},{"floor":9,"key":"King of Hearts"},{"floor":10,"key":"Blue Doll"},{"floor":13,"key":"Whetstone"},{"floor":15,"key":"ReplayTheSpireMod:Spearhead"},{"floor":23,"key":"ReplayTheSpireMod:Lightbulb"},{"floor":26,"key":"Onion Ring"},{"floor":30,"key":"hubris:DuctTape"},{"floor":32,"key":"Regal Pillow"},{"floor":37,"key":"Replay:PocketPolymizer"},{"floor":40,"key":"Grinning Jar"},{"floor":43,"key":"PreservedInsect"},{"floor":47,"key":"ReplayTheSpireMod:TigerMarble"},{"floor":49,"key":"Toy Ornithopter"}],"event_choices":[{"damage_healed":0,"gold_gain":0,"player_choice":"Box","damage_taken":0,"relics_obtained":["Vajra"],"max_hp_gain":0,"max_hp_loss":0,"event_name":"Big Fish","floor":3,"gold_loss":0,"cards_obtained":["Regret"]},{"damage_healed":0,"gold_gain":0,"player_choice":"Take Wound","damage_taken":0,"relics_obtained":["Golden Idol"],"max_hp_gain":0,"max_hp_loss":0,"event_name":"Golden Idol","floor":5,"gold_loss":0,"cards_obtained":["Injury"]},{"damage_healed":0,"gold_gain":0,"player_choice":"Gave Idol","damage_taken":0,"relics_obtained":["Bloody Idol"],"max_hp_gain":0,"max_hp_loss":0,"event_name":"Forgotten Altar","floor":20,"relics_lost":["Golden Idol"],"gold_loss":0},{"damage_healed":0,"gold_gain":99,"player_choice":"Stole From Cult","damage_taken":0,"max_hp_gain":0,"max_hp_loss":0,"event_name":"Nest","floor":21,"gold_loss":0},{"cards_removed":["Injury","Regret"],"damage_healed":0,"gold_gain":0,"player_choice":"Removed Curses","damage_taken":0,"max_hp_gain":0,"max_hp_loss":0,"event_name":"Fountain of Cleansing","floor":22,"gold_loss":0},{"damage_healed":0,"gold_gain":0,"player_choice":"Fight","damage_taken":0,"max_hp_gain":0,"max_hp_loss":0,"event_name":"MindBloom","floor":37,"gold_loss":0},{"damage_healed":0,"gold_gain":0,"player_choice":"Upgraded","damage_taken":0,"max_hp_gain":0,"max_hp_loss":0,"event_name":"Upgrade Shrine","floor":38,"gold_loss":0,"cards_upgraded":["hubris:DuctTapeCard"]}],"is_beta":false,"boss_relics":[{"not_picked":["Kintsugi","vexMod:ImprovementManual"],"picked":"Philosopher\u0027s Stone"},{"not_picked":["Astrolabe","Tiny House"],"picked":"Honey Jar"}],"items_purged_floors":[48],"is_endless":false,"potions_floor_spawned":[2,6,10,14,16,18,19,27,29,39,42],"ascension_level":3}}