{"host":"r4r4helli6evr3pz","time":1610969725,"event":{"mods":["A Magickal Journey","AchievementEnabler","Act Like it!","Aspiration","BaseMod","Better Note","BetterRewards","Challenge The Spire","Conspire","Curses Come First","DeckTracker","Evolution","GifTheSpireLib","Gold Saver","GungeonMod","Hermit","Hubris","Hyrulean Relics","Infinite Spire","JesterMod","Lobotomy","Mimic Mod","Minty Spire (QoL Compilation)","Quick Restart","Random Character Button","Relic Sorter","Relic Stats","Replay The Spire","Reworked Bosses","Shop Mod","Somnambulant","StSLib","Stuff the Spire","The Blackbeard","The Bug Knight","The Clintock","The Construct","The Cursed","The Druid","The Forsaken","The Hierophant","The Necromancer","The Poker Player","The Problem Sleuth","The Runesmith","vexMod"],"gold_per_floor":[323,333,142,142,142,142,155,155,155,175,209,209,248,258,258,361,361,378,358,358,382,401,401,419,453,453,453,463,488,507,529,549,549,556,668,668,693,286,373,387,387,422,14,34,57,87,114,114,135,135,135,149],"floor_reached":53,"language":"RUS","playtime":4514,"items_purged":["hermit:Defend_Hermit","hermit:Defend_Hermit","hermit:Defend_Hermit"],"score":628,"play_id":"c55dd658-e032-4e3b-8113-2c2b171ac80f","local_time":"20210118153525","is_ascension_mode":false,"campfire_choices":[{"data":"hermit:Covet","floor":6,"key":"SMITH"},{"data":"hermit:Scavenge","floor":12,"key":"SMITH"},{"data":"hermit:Dive","floor":15,"key":"SMITH"},{"data":"hermit:TakeAim","floor":27,"key":"SMITH"},{"floor":33,"key":"REST"},{"data":"DemoMod:Invincible","floor":48,"key":"SMITH"}],"circlet_count":0,"master_deck":["hermit:Defend_Hermit","hermit:Snapshot+1","hermit:Covet+1","hermit:LowProfile","hermit:Vantage+1","hermit:ShadowCloak+1","hermit:Headshot+1","hermit:Scavenge+1","hermit:Dive+1","hermit:Dive+1","hermit:Magnum+1","hermit:Desperado+1","infinitespire:Collect","infinitespire:Starlight","hermit:Desperado","hermit:Dive+1","hermit:ItchyTrigger","hermit:CalledShot+1","hermit:TakeAim+1","hermit:Dive+1","hermit:Vantage+1","hermit:Vantage+1","hermit:Glare+1","hermit:FatalDesire","hermit:Combo+1","hermit:Deadeye+1","hermit:Gestalt+1","hermit:FinalCanter+1","DemoMod:Invincible+1","hermit:Desperado+1","hermit:LowProfile+1","hermit:Glare+1","DemoMod:Elimentaler","hermit:BigShot+1","hermit:Headshot+1","hermit:BigShot+1","Sickly"],"relics":["StuffTheSpire:OccultApparatus","DemoMod:PartiallyEatenCheese","DemoMod:ResourcefulSack","hermit:ClaspedLocket","EVO:Axolotl","Bag of Marbles","Vajra","Replay:Bottled Eggs","InkBottle","DemoMod:RatBoots","MerchantsRug","StuffTheSpire:RubySignet","StuffTheSpire:Mouthbags","infinitespire:Bottled Soul","theForsaken:Lifeblossom","Pear","Ring of Fangs","Ring of Chaos"],"acts_visited":["Exordium","TheCity","DemoMod:Maze","TheBeyond"],"potions_floor_usage":[11,18,21,24,35,42,44,46,47,52,52],"damage_taken":[{"damage":1,"enemies":"Small Slimes","floor":1,"turns":3},{"damage":5,"enemies":"Cultist","floor":2,"turns":4},{"damage":0,"enemies":"2 Louse","floor":7,"turns":3},{"damage":0,"enemies":"Exordium Thugs","floor":10,"turns":2},{"damage":10,"enemies":"3 Sentries","floor":11,"turns":7},{"damage":18,"enemies":"Lagavulin","floor":13,"turns":6},{"damage":0,"enemies":"3 Louse","floor":14,"turns":3},{"damage":27,"enemies":"Fading Forest","floor":16,"turns":11},{"damage":0,"enemies":"conspire:FuzzyDice","floor":18,"turns":8},{"damage":4,"enemies":"Spheric Guardian","floor":21,"turns":4},{"damage":0,"enemies":"conspire:HollyBat","floor":22,"turns":8},{"damage":8,"enemies":"Snecko","floor":24,"turns":5},{"damage":10,"enemies":"HollowMod:Nosk","floor":25,"turns":6},{"damage":10,"enemies":"DemoMod:Veteran_shot_gun_kin_and_bullet_kin","floor":28,"turns":1},{"damage":28,"enemies":"DemoMod:Red_and_blue_shotgun_kin","floor":29,"turns":4},{"damage":11,"enemies":"DemoMod:Veteran_shot_gun_kin_and_blue_shotgun_kin","floor":30,"turns":3},{"damage":9,"enemies":"DemoMod:2_Mousers","floor":31,"turns":12},{"damage":2,"enemies":"DemoMod:Red_and_blue_shotgun_kin_with_gunsinger","floor":32,"turns":4},{"damage":47,"enemies":"DemoMod:ResourcefulRat","floor":35,"turns":14},{"damage":12,"enemies":"3 Darklings","floor":37,"turns":3},{"damage":2,"enemies":"3 Shapes","floor":40,"turns":5},{"damage":31,"enemies":"Nemesis","floor":42,"turns":9},{"damage":38,"enemies":"Jaw Worm Horde","floor":44,"turns":7},{"damage":3,"enemies":"Giant Head","floor":46,"turns":5},{"damage":20,"enemies":"4 Shapes","floor":47,"turns":8},{"damage":31,"enemies":"3 Darklings","floor":49,"turns":9},{"damage":25,"enemies":"bossMod:newShapes","floor":52,"turns":9}],"seed_played":"8703717361681867900","potions_obtained":[{"floor":2,"key":"Fire Potion"},{"floor":7,"key":"hermit:Tonic"},{"floor":16,"key":"AttackPotion"},{"floor":18,"key":"SkillPotion"},{"floor":19,"key":"LiquidMemories"},{"floor":22,"key":"Reflective Coating"},{"floor":35,"key":"SpeedPotion"},{"floor":42,"key":"ColorlessPotion"},{"floor":44,"key":"FearPotion"},{"floor":46,"key":"Block Potion"},{"floor":47,"key":"SpeedPotion"},{"floor":49,"key":"hermit:Tonic"}],"is_trial":false,"path_per_floor":["M","M","$","?","T","R","M","?","T","M","E","R","E","M","R","B",null,"M","?","AVR","M","M","?","M","E","T","R","M","M","M","M","M","R","B","B",null,"M","$","?","M","?","E","$","M","T","E","M","R","M","?","R","B",null],"character_chosen":"HERMIT","items_purchased":["hermit:ShadowCloak","DemoMod:GnawedKey","MerchantsRug","StuffTheSpire:RubySignet","DemoMod:Invincible","infinitespire:Bottled Soul","hermit:BigShot"],"campfire_rested":1,"item_purchase_floors":[3,3,38,38,38,43,43],"current_hp_per_floor":[74,69,69,69,69,69,69,69,69,69,59,59,41,41,41,34,75,75,75,75,71,75,75,67,65,75,75,65,47,36,37,35,57,55,18,75,63,63,45,55,55,56,56,30,30,55,53,53,50,50,75,68],"gold":149,"neow_bonus":"HUNDRED_GOLD","is_daily":false,"chose_seed":false,"campfire_upgraded":5,"win_rate":0.0,"timestamp":1610969725,"path_taken":["M","M","$","?","?","R","M","?","T","M","E","R","E","?","R","BOSS","M","?","AVR","M","M","?","?","E","T","R","M","M","M","M","M","R","BOSS","BOSS","M","$","?","M","?","E","$","M","T","E","M","R","M","?","R","BOSS"],"items_purchased_type":["Card","Relic","Relic","Relic","Card","Relic","Card"],"build_version":"2020-12-22","purchased_purges":3,"victory":true,"max_hp_per_floor":[75,75,75,75,75,75,75,75,75,75,75,75,75,75,75,75,75,75,75,75,75,75,75,75,75,75,75,75,75,75,75,75,75,75,75,75,75,75,75,75,75,75,75,75,75,85,85,85,85,85,85,85],"relic_stats":{"counters":[28,173],"obtain_stats":[{"hermit:ClaspedLocket":36,"Vajra":9,"theForsaken:Lifeblossom":45,"DemoMod:GlassGuonStoneRelic":2,"EVO:Axolotl":0,"Pet Ghost":11,"StuffTheSpire:OccultApparatus":41,"Ring of Fangs":50,"infinitespire:Bottled Soul":43,"DemoMod:GnawedKey":3,"Replay:Bottled Eggs":20,"InkBottle":25,"MerchantsRug":38,"Pear":46,"Astrolabe":36,"DemoMod:PartiallyEatenCheese":36,"Ring of Chaos":50,"DemoMod:RatBoots":36,"StuffTheSpire:Mouthbags":42,"Bag of Marbles":8,"StuffTheSpire:RubySignet":38,"DemoMod:ResourcefulSack":36,"DemoMod:Bottle":13,"hermit:Momento":0,"vexMod:ImprovementManual":17},{"hermit:ClaspedLocket":20,"Vajra":3,"theForsaken:Lifeblossom":24,"DemoMod:GlassGuonStoneRelic":2,"EVO:Axolotl":0,"Pet Ghost":5,"StuffTheSpire:OccultApparatus":22,"Ring of Fangs":27,"infinitespire:Bottled Soul":23,"DemoMod:GnawedKey":2,"Replay:Bottled Eggs":9,"InkBottle":13,"MerchantsRug":21,"Pear":25,"Astrolabe":20,"DemoMod:PartiallyEatenCheese":20,"Ring of Chaos":27,"DemoMod:RatBoots":20,"StuffTheSpire:Mouthbags":23,"Bag of Marbles":3,"StuffTheSpire:RubySignet":21,"DemoMod:ResourcefulSack":20,"DemoMod:Bottle":6,"hermit:Momento":0,"vexMod:ImprovementManual":8},{"hermit:ClaspedLocket":118,"Vajra":10,"theForsaken:Lifeblossom":142,"DemoMod:GlassGuonStoneRelic":7,"EVO:Axolotl":0,"Pet Ghost":19,"StuffTheSpire:OccultApparatus":126,"Ring of Fangs":164,"infinitespire:Bottled Soul":135,"DemoMod:GnawedKey":7,"Replay:Bottled Eggs":47,"InkBottle":70,"MerchantsRug":121,"Pear":147,"Astrolabe":118,"DemoMod:PartiallyEatenCheese":118,"Ring of Chaos":164,"DemoMod:RatBoots":118,"StuffTheSpire:Mouthbags":135,"Bag of Marbles":10,"StuffTheSpire:RubySignet":121,"DemoMod:ResourcefulSack":118,"DemoMod:Bottle":25,"hermit:Momento":0,"vexMod:ImprovementManual":39}],"InkBottle":[42]},"card_choices":[{"not_picked":["hermit:Desperado","hermit:Quickdraw"],"picked":"hermit:LowProfile","floor":1},{"not_picked":["hermit:Spite","hermit:Cheat"],"picked":"hermit:Vantage","floor":2},{"not_picked":["hermit:Quickdraw","hermit:SprayPray"],"picked":"hermit:Headshot","floor":7},{"not_picked":["hermit:Feint","hermit:HoleUp","hermit:Glare"],"picked":"SKIP","floor":10},{"not_picked":["hermit:Combo","hermit:Quickdraw"],"picked":"hermit:Scavenge","floor":11},{"not_picked":["hermit:DeadOrAlive","hermit:LoneWolf"],"picked":"hermit:Dive","floor":13},{"not_picked":["hermit:Shortfuse","hermit:Desperado"],"picked":"hermit:Dive","floor":14},{"not_picked":["hermit:Reprieve","hermit:Dissolve"],"picked":"hermit:Magnum","floor":16},{"not_picked":["hermit:Ricochet+1","hermit:BodyArmor"],"picked":"hermit:Desperado+1","floor":18},{"not_picked":["hermit:BodyArmor","hermit:Deadeye"],"picked":"hermit:Desperado","floor":21},{"not_picked":["hermit:Cheat","hermit:Spite"],"picked":"hermit:Dive","floor":22},{"not_picked":["hermit:WideOpen","hermit:Misfire"],"picked":"hermit:CalledShot+1","floor":24},{"not_picked":["hermit:BodyArmor+1","hermit:Quickdraw"],"picked":"hermit:TakeAim","floor":25},{"not_picked":["hermit:WideOpen+1","hermit:TrackingShot","hermit:CalledShot"],"picked":"SKIP","floor":28},{"not_picked":["hermit:WideOpen+1","hermit:Gestalt"],"picked":"hermit:Dive+1","floor":29},{"not_picked":["hermit:Roughhouse","hermit:Misfire"],"picked":"hermit:Vantage+1","floor":30},{"not_picked":["hermit:Gestalt+1","hermit:Feint"],"picked":"hermit:Vantage+1","floor":31},{"not_picked":["hermit:Malice+1","hermit:Desperado+1"],"picked":"hermit:Glare+1","floor":32},{"not_picked":["hermit:Roughhouse","hermit:EternalForm"],"picked":"hermit:FatalDesire","floor":35},{"not_picked":[],"picked":"DemoMod:Elimentaler","floor":35},{"not_picked":["hermit:Enervate+1","hermit:Manifest+1"],"picked":"hermit:Combo+1","floor":36},{"not_picked":["hermit:Misfire+1","hermit:Roulette","hermit:SprayPray+1"],"picked":"SKIP","floor":37},{"not_picked":["hermit:WideOpen+1","hermit:Vantage"],"picked":"hermit:Desperado+1","floor":39},{"not_picked":["hermit:Roulette+1","hermit:TakeCover+1"],"picked":"hermit:LowProfile+1","floor":39},{"not_picked":["hermit:Cheat+1","hermit:Virtue"],"picked":"hermit:Glare+1","floor":40},{"not_picked":["hermit:Purgatory","hermit:BodyArmor+1","hermit:Shortfuse"],"picked":"SKIP","floor":42},{"not_picked":["hermit:Vantage","hermit:NoHoldsBarred","hermit:CursedWeapon+1"],"picked":"SKIP","floor":44},{"not_picked":["hermit:Vantage+1","hermit:BodyArmor+1"],"picked":"hermit:Headshot+1","floor":46},{"not_picked":["hermit:Midnight","hermit:GhostlyPresence","hermit:Snipe+1"],"picked":"SKIP","floor":47},{"not_picked":["hermit:Brawl+1","hermit:HoleUp"],"picked":"hermit:BigShot+1","floor":49}],"player_experience":696135,"relics_obtained":[{"floor":9,"key":"Vajra"},{"floor":11,"key":"Pet Ghost"},{"floor":13,"key":"DemoMod:Bottle"},{"floor":25,"key":"InkBottle"},{"floor":36,"key":"hermit:ClaspedLocket"},{"floor":36,"key":"DemoMod:RatBoots"},{"floor":36,"key":"DemoMod:ResourcefulSack"},{"floor":36,"key":"DemoMod:PartiallyEatenCheese"},{"floor":36,"key":"Astrolabe"},{"floor":42,"key":"StuffTheSpire:Mouthbags"},{"floor":45,"key":"theForsaken:Lifeblossom"},{"floor":46,"key":"Pear"},{"floor":50,"key":"Ring of Fangs"},{"floor":50,"key":"Ring of Chaos"}],"event_choices":[{"damage_healed":0,"gold_gain":0,"player_choice":"Grow","damage_taken":0,"max_hp_gain":0,"max_hp_loss":0,"event_name":"Living Wall","floor":4,"gold_loss":0,"cards_upgraded":["hermit:Vantage"]},{"damage_healed":0,"gold_gain":0,"player_choice":"Gave Potion","damage_taken":0,"relics_obtained":["Bag of Marbles"],"max_hp_gain":0,"max_hp_loss":0,"event_name":"WeMeetAgain","floor":8,"gold_loss":0},{"damage_healed":0,"gold_gain":0,"player_choice":"Bought 1 Potion","damage_taken":0,"max_hp_gain":0,"max_hp_loss":0,"event_name":"The Woman in Blue","floor":19,"gold_loss":0},{"damage_healed":0,"gold_gain":0,"cards_transformed":["hermit:Strike_Hermit"],"player_choice":"Transformed","damage_taken":0,"max_hp_gain":0,"max_hp_loss":0,"event_name":"Transmorgrifier","floor":23,"gold_loss":0,"cards_obtained":["hermit:ItchyTrigger"]}],"is_beta":false,"boss_relics":[{"not_picked":["Coffee Dripper","jesterMod:MachoBrace"],"picked":"vexMod:ImprovementManual"},{"not_picked":[]}],"items_purged_floors":[20,38,43],"is_endless":false,"potions_floor_spawned":[2,7,16,18,22,35,42,44,46,47,49],"ascension_level":0}}