{"host":"2i0myh7fqij2ti1z","time":1610950497,"event":{"mods":["Aspiration","BaseMod","Better Third Choice","Colored Powertips","Conspire","Evolution","FoggyMod","GifTheSpireLib","Highlight Path","Hubris","Minty Spire (QoL Compilation)","Permanent Neow","Quick Restart","Random Character Button","Random Character Mod","Replay The Spire","Shop Mod","Spicy Shops","StSLib","Stuff the Spire","Wandering Minibosses","vexMod","óô»ðÖ¸ÄÏ"],"gold_per_floor":[119,119,119,44,44,72,72,107,130,165,165,165,240,15,15,113,113,123,177,27,43,54,89,14,48,48,79,79,107,107,107,107,204,204,214,214,214,262,277,211,211,211,211,221,46,77,130,162,174,186],"floor_reached":51,"language":"ENG","playtime":3058,"items_purged":["Injury","Defend_R","Defend_R","Defend_R","Thunderclap","Thunderclap+1"],"score":1243,"play_id":"7f1c6f5f-996c-4e65-9921-2190f2b10f91","local_time":"20210118141457","is_ascension_mode":true,"campfire_choices":[{"data":"Hemokinesis","floor":7,"key":"SMITH"},{"data":"StuffTheSpire:Innocence","floor":15,"key":"SMITH"},{"data":"Armaments","floor":28,"key":"SMITH"},{"data":"Thunderclap","floor":32,"key":"SMITH"},{"data":"ReplayUltimateDefense","floor":41,"key":"SMITH"}],"circlet_count":0,"master_deck":["Thunderclap+1","Hemokinesis+1","StuffTheSpire:Innocence+1","Hemogenesis+1","Armaments+1","Bloodletting","Headbutt+1","hubris:StunningStrike+1","ReplayUltimateDefense+1","Thunderclap+1","Offering","Armaments","Armaments","Dual Wield+1"],"relics":["Burning Blood","EVO:Axolotl","conspire:InfiniteJournal","Black Star","aspiration:DSix","Molten Egg 2","Lantern","Tiny Chest","Shuriken","ReplayTheSpireMod:TigerMarble","Whetstone","Pet Ghost","hubris:CrystalStatue","hubris:EvacipatedBox","vexMod:Spyglass","hubris:HerbalPaste","aspiration:HatOfInfinitePower","Replay:PocketPolymizer","hubris:CrackedHourglass","Blue Doll","Art of War","hubris:TinFlute","ReplayTheSpireMod:Ninjato","StuffTheSpire:Experiment12","Onion Ring","StuffTheSpire:DarkSteelAnvil","Sundial","Ginger","Replay:Mystery Machine","hubris:TerracottaHorce","ReplayTheSpireMod:Ring of Collecting","hubris:TenFootPole","Omamori","Bag of Preparation","hubris:DeckOfHolding","StuffTheSpire:GrapeVine","Centennial Puzzle","CaptainsWheel","MawBank","Bag of Marbles"],"acts_visited":["Exordium","TheCity","TheBeyond"],"potions_floor_usage":[10,50],"damage_taken":[{"damage":18,"enemies":"Jaw Worm","floor":1,"turns":5},{"damage":53,"enemies":"Lagavulin","floor":6,"turns":8},{"damage":9,"enemies":"Replay:BlueRogue","floor":8,"turns":3},{"damage":8,"enemies":"Gremlin Nob","floor":10,"turns":4},{"damage":22,"enemies":"Fading Forest","floor":16,"turns":10},{"damage":1,"enemies":"2 Thieves","floor":18,"turns":2},{"damage":3,"enemies":"Shell Parasite","floor":21,"turns":2},{"damage":5,"enemies":"Centurion and Healer","floor":22,"turns":2},{"damage":13,"enemies":"Slavers","floor":23,"turns":3},{"damage":7,"enemies":"Book of Stabbing","floor":25,"turns":3},{"damage":7,"enemies":"Gremlin Leader","floor":27,"turns":2},{"damage":2,"enemies":"Slavers","floor":29,"turns":1},{"damage":28,"enemies":"Pondfish","floor":33,"turns":3},{"damage":14,"enemies":"3 Shapes","floor":35,"turns":2},{"damage":5,"enemies":"Orb Walker","floor":39,"turns":1},{"damage":12,"enemies":"Giant Head","floor":40,"turns":5},{"damage":2,"enemies":"Maw","floor":44,"turns":3},{"damage":8,"enemies":"Reptomancer","floor":46,"turns":1},{"damage":8,"enemies":"2 Orb Walkers","floor":47,"turns":2},{"damage":6,"enemies":"R_Hoarder","floor":48,"turns":3},{"damage":6,"enemies":"Time Eater","floor":50,"turns":2}],"seed_played":"4580500590766843530","potions_obtained":[{"floor":1,"key":"LifebloodPotion"},{"floor":6,"key":"Explosive Potion"},{"floor":18,"key":"AttackPotion"},{"floor":21,"key":"Elixir"}],"is_trial":false,"path_per_floor":["M","?","?","$","?","E","R","E","T","E","?","$","?","$","R","B",null,"M","T","$","M","M","E","?","E","T","E","R","E","?","$","R","B",null,"M","?","?","T","M","E","R","?","T","M","$","E","?","E","R","B",null],"character_chosen":"IRONCLAD","items_purchased":["hubris:EvacipatedBox","vexMod:Spyglass","hubris:HerbalPaste","aspiration:HatOfInfinitePower","Replay:PocketPolymizer"],"campfire_rested":0,"item_purchase_floors":[12,12,12,12,12],"current_hp_per_floor":[68,68,68,68,61,14,14,11,11,9,9,24,13,13,13,67,80,80,80,80,80,80,80,80,80,80,80,80,80,80,80,80,80,80,74,74,74,74,75,80,80,80,80,80,80,80,80,80,80,80],"gold":198,"neow_bonus":"REMOVE_CARD","is_daily":false,"chose_seed":false,"campfire_upgraded":5,"win_rate":0.0,"timestamp":1610950497,"path_taken":["M","?","?","$","?","E","R","E","T","E","?","?","?","?","R","BOSS","M","?","?","?","?","E","?","E","T","E","R","E","?","?","R","BOSS","M","?","?","?","?","E","R","?","T","?","$","E","?","E","R","BOSS"],"items_purchased_type":["Relic","Relic","Relic","Relic","Relic"],"build_version":"2020-12-22","purchased_purges":6,"victory":true,"max_hp_per_floor":[80,80,80,80,80,80,80,80,80,80,80,80,80,80,80,80,80,80,80,80,80,80,80,80,80,80,80,80,80,80,80,80,80,80,80,80,80,80,80,80,80,80,80,80,80,80,80,80,80,80],"card_choices":[{"not_picked":["Reckless Charge","conspire:Charge"],"picked":"Hemokinesis","floor":1},{"not_picked":["conspire:Charge+1","Warcry","Battle Trance"],"picked":"SKIP","floor":6},{"not_picked":["Flex","Sever Soul+1","ReplayReversal"],"picked":"SKIP","floor":8},{"not_picked":["Rage","Power Through","Perfected Strike+1"],"picked":"SKIP","floor":10},{"not_picked":["Demonic Infusion","Corruption"],"picked":"Hemogenesis+1","floor":16},{"not_picked":["Combust","Cleave+1"],"picked":"Armaments","floor":18},{"not_picked":["Perfected Strike+1","Run Through+1"],"picked":"Bloodletting","floor":21},{"not_picked":["Headbutt+1","hubris:CleavingFinish+1","Abandon"],"picked":"SKIP","floor":22},{"not_picked":["Iron Wave+1","StuffTheSpire:Incineration+1","hubris:CleavingFinish+1"],"picked":"SKIP","floor":23},{"not_picked":["Shrug It Off","Bludgeon+1","Spot Weakness"],"picked":"SKIP","floor":25},{"not_picked":["Replay:Undeath\u0027s Touch+1","Infernal Blade","Rage"],"picked":"SKIP","floor":27},{"not_picked":["StuffTheSpire:Resist+1","Iron Wave+1"],"picked":"Headbutt+1","floor":29},{"not_picked":["Corruption","StuffTheSpire:TitanForm"],"picked":"hubris:StunningStrike+1","floor":33},{"not_picked":["Anger+1","Flex+1"],"picked":"ReplayTheSpireMod:LeadingStrike+1","floor":35},{"not_picked":["Replay:Sssssssssshield","Swift Strike+1"],"picked":"ReplayUltimateDefense","floor":37},{"not_picked":["Uppercut+1","Run Through+1","Feel No Pain+1"],"picked":"SKIP","floor":39},{"not_picked":["hubris:ReadiedAction","Twin Strike+1"],"picked":"Thunderclap+1","floor":40},{"not_picked":["StuffTheSpire:RockThrow+1","Rage"],"picked":"Offering","floor":44},{"not_picked":["Life Link+1","Run Through+1","Combust"],"picked":"SKIP","floor":46},{"not_picked":["Twin Strike+1","Sever Soul+1"],"picked":"Dual Wield+1","floor":47},{"not_picked":["Havoc+1","Replay:Undeath\u0027s Touch+1","Whirlwind+1"],"picked":"SKIP","floor":48}],"player_experience":238714,"relics_obtained":[{"floor":6,"key":"Lantern"},{"floor":6,"key":"Tiny Chest"},{"floor":8,"key":"Shuriken"},{"floor":8,"key":"ReplayTheSpireMod:TigerMarble"},{"floor":9,"key":"Whetstone"},{"floor":10,"key":"Pet Ghost"},{"floor":10,"key":"hubris:CrystalStatue"},{"floor":19,"key":"Blue Doll"},{"floor":23,"key":"Art of War"},{"floor":23,"key":"hubris:TinFlute"},{"floor":25,"key":"ReplayTheSpireMod:Ninjato"},{"floor":25,"key":"StuffTheSpire:Experiment12"},{"floor":26,"key":"Onion Ring"},{"floor":27,"key":"StuffTheSpire:DarkSteelAnvil"},{"floor":27,"key":"Sundial"},{"floor":29,"key":"Ginger"},{"floor":29,"key":"Replay:Mystery Machine"},{"floor":36,"key":"ReplayTheSpireMod:Ring of Collecting"},{"floor":38,"key":"hubris:TenFootPole"},{"floor":40,"key":"Omamori"},{"floor":40,"key":"Bag of Preparation"},{"floor":43,"key":"hubris:DeckOfHolding"},{"floor":46,"key":"StuffTheSpire:GrapeVine"},{"floor":46,"key":"Centennial Puzzle"},{"floor":47,"key":"CaptainsWheel"},{"floor":48,"key":"MawBank"},{"floor":48,"key":"Bag of Marbles"}],"event_choices":[{"damage_healed":0,"gold_gain":75,"player_choice":"Gold","damage_taken":11,"max_hp_gain":0,"max_hp_loss":0,"event_name":"betterThird:BetterGoop","floor":13,"gold_loss":0},{"cards_removed":["Sword Boomerang"],"damage_healed":0,"gold_gain":0,"player_choice":"Gave Gold","damage_taken":0,"max_hp_gain":0,"max_hp_loss":0,"event_name":"Beggar","floor":24,"gold_loss":75},{"damage_healed":0,"gold_gain":0,"player_choice":"Ignored","damage_taken":0,"max_hp_gain":0,"max_hp_loss":0,"event_name":"Ghosts","floor":30,"gold_loss":0},{"damage_healed":0,"gold_gain":0,"player_choice":"Memory 1","damage_taken":0,"max_hp_gain":0,"max_hp_loss":0,"event_name":"SensoryStone","floor":37,"gold_loss":0},{"damage_healed":0,"gold_gain":0,"player_choice":"Ignored","damage_taken":0,"max_hp_gain":0,"max_hp_loss":0,"event_name":"NoteForYourself","floor":42,"gold_loss":0},{"damage_healed":0,"gold_gain":0,"player_choice":"Fight","damage_taken":0,"max_hp_gain":0,"max_hp_loss":0,"event_name":"Mysterious Sphere","floor":47,"gold_loss":0}],"is_beta":false,"boss_relics":[{"not_picked":["vexMod:FluxCapacitor","ChewingGum","Philosopher\u0027s Stone"],"picked":"hubris:CrackedHourglass"},{"not_picked":["Tiny House","Astrolabe","vexMod:MysteryBossChallenge"],"picked":"hubris:TerracottaHorce"}],"items_purged_floors":[4,12,14,14,20,45],"is_endless":false,"potions_floor_spawned":[1,6,18,21,23,44,46,47],"ascension_level":3}}