{"host":"6749gst1gzuv21qf","time":1610941906,"event":{"mods":["BaseMod","Better Altar","Better Match","Better Note","Better Sensory Stone","Better Skull","Better Third Choice","BetterRewards","Colored Map","Colored Powertips","Downfall","Hermit","Highlight Path","Minty Spire (QoL Compilation)","Permanent Neow","Shop Mod","Spicy Shops","StSLib","The Cursed"],"gold_per_floor":[99,117,117,132,148,4,83,97,132,132,165,177,204,233,264,276,276],"floor_reached":16,"language":"ENG","playtime":1216,"items_purged":["Pain"],"score":114,"play_id":"7a2e1b3a-4258-470b-b1f8-5c42333bfe33","local_time":"20210117225146","is_ascension_mode":false,"campfire_choices":[{"data":"bronze:Goto","floor":1,"key":"SMITH"},{"floor":10,"key":"REST"},{"floor":12,"key":"RECALL"}],"circlet_count":0,"master_deck":["bronze:Strike","bronze:Strike","bronze:Strike","bronze:Strike","bronze:Defend","bronze:Defend","bronze:Defend","bronze:Defend","bronze:Replicate","bronze:Goto+1","bronze:Mutator","bronze:ClassDefault","bronze:ChosenStrike","bronze:BronzeArmor","bronze:Verify","bronze:BuggyMess","bronze:Shield","bronze:Separator","bronze:WhirlingStrike","bronze:HardenedForm","bronze:Allocate","bronze:Deprecate"],"relics":["bronze:BronzeCore","WarpedTongs","Anchor","MawBank"],"acts_visited":["Exordium"],"potions_floor_usage":[9],"damage_taken":[{"damage":0,"enemies":"2 Louse","floor":2,"turns":2},{"damage":11,"enemies":"Cultist","floor":4,"turns":4},{"damage":15,"enemies":"Jaw Worm","floor":5,"turns":4},{"damage":10,"enemies":"downfall:FleeingMerchant","floor":6,"turns":4},{"damage":11,"enemies":"3 Louse","floor":8,"turns":3},{"damage":5,"enemies":"3 Sentries","floor":9,"turns":8},{"damage":10,"enemies":"Lagavulin","floor":11,"turns":6},{"damage":12,"enemies":"Blue Slaver","floor":13,"turns":3},{"damage":2,"enemies":"Large Slime","floor":14,"turns":7},{"damage":0,"enemies":"Red Slaver","floor":15,"turns":6},{"damage":15,"enemies":"SI_SHIV_ARCHETYPE","floor":16,"turns":5}],"seed_played":"-8271495064847434296","potions_obtained":[{"floor":2,"key":"EssenceOfSteel"},{"floor":4,"key":"BlessingOfTheForge"},{"floor":5,"key":"DuplicationPotion"},{"floor":11,"key":"bronze:CleanCodePotion"}],"is_trial":false,"path_per_floor":["R","M","?","M","M","$","T","M","E","R","E","R","M","M","M","B"],"character_chosen":"THE_AUTOMATON","items_purchased":["bronze:BuggyMess"],"campfire_rested":1,"item_purchase_floors":[6],"current_hp_per_floor":[70,70,70,59,44,34,34,23,18,39,29,29,17,15,15,0,0],"gold":276,"neow_bonus":"ONE_RANDOM_RARE_CARD","is_daily":false,"chose_seed":false,"campfire_upgraded":1,"win_rate":0.0,"timestamp":1610941906,"path_taken":["R","M","?","M","?","$","T","M","E","R","E","R","M","M","M","BOSS"],"items_purchased_type":["Card"],"build_version":"2020-12-22","purchased_purges":1,"victory":false,"max_hp_per_floor":[70,70,70,70,70,70,70,70,70,70,70,70,70,70,70,70,70],"card_choices":[{"not_picked":["bronze:Turbo","bronze:ForLoop"],"picked":"bronze:ClassDefault","floor":2},{"not_picked":["bronze:ChildClass","bronze:DigitalCarnage"],"picked":"bronze:ChosenStrike","floor":4},{"not_picked":["bronze:WildBeam","bronze:DelayedGuard"],"picked":"bronze:BronzeArmor","floor":5},{"not_picked":["bronze:ForceShield","bronze:BugBarrage"],"picked":"bronze:Verify","floor":6},{"not_picked":["bronze:NullPointer","bronze:Frontload"],"picked":"bronze:Shield","floor":8},{"not_picked":["bronze:DelayedSlice","bronze:Turbo"],"picked":"bronze:Separator","floor":9},{"not_picked":["bronze:DigitalCarnage","bronze:Turbo"],"picked":"bronze:WhirlingStrike","floor":11},{"not_picked":["bronze:ChosenStrike","bronze:DelayedSlice"],"picked":"bronze:HardenedForm","floor":13},{"not_picked":["bronze:GetLatest","bronze:Turbo"],"picked":"bronze:Allocate","floor":14},{"not_picked":["bronze:ChosenStrike","bronze:Shield"],"picked":"bronze:Deprecate","floor":15}],"player_experience":712716,"relics_obtained":[{"floor":9,"key":"Anchor"},{"floor":11,"key":"MawBank"}],"event_choices":[],"is_beta":false,"boss_relics":[],"items_purged_floors":[6],"is_endless":false,"potions_floor_spawned":[2,4,5,11,14],"killed_by":"SI_SHIV_ARCHETYPE","ascension_level":0}}