{"host":"vrsxkkch9ccrec7k","time":1610959411,"event":{"mods":["Act Like it!","BaseMod","Bestiary","Better Sensory Stone","Better Third Choice","Better Vampires","Downfall","Minty Spire (QoL Compilation)","Permanent Neow","Relic Stats","Spicy Shops","StSLib"],"gold_per_floor":[99,118,118,128,228,238,238,238,252,278,296,13,27,58,74,171,171,71,86,102,102,102,102,125,138,138,23,35,65,65,85,100,205,205,205,216,216,235,68,68,68,82,82,116,130,208,8,8,20,20,20,45,45,45,45,45,45],"floor_reached":56,"language":"ENG","playtime":6204,"items_purged":["bronze:Strike","bronze:Strike"],"score":915,"play_id":"502a124f-5d58-4e69-8993-ed5bdafee1b0","local_time":"20210118034331","is_ascension_mode":true,"campfire_choices":[{"data":"bronze:Goto","floor":1,"key":"SMITH"},{"floor":8,"key":"REST"},{"data":"expansioncontent:QuickStudy","floor":18,"key":"SMITH"},{"data":"bronze:HyperBeam","floor":23,"key":"SMITH"},{"data":"bronze:Assembly","floor":26,"key":"SMITH"},{"data":"bronze:Optimize","floor":30,"key":"SMITH"},{"floor":35,"key":"RECALL"},{"data":"bronze:BronzeArmor","floor":40,"key":"SMITH"},{"data":"bronze:Fortify","floor":47,"key":"SMITH"},{"floor":54,"key":"REST"}],"circlet_count":0,"master_deck":["bronze:Strike","bronze:Defend","bronze:Defend","bronze:Defend","bronze:Defend","bronze:Replicate","bronze:Goto+1","Panache","bronze:InfiniteBeams","bronze:Branch","bronze:Boost","bronze:WhirlingStrike","bronze:Shell","bronze:Frontload","expansioncontent:QuickStudy+1","bronze:Optimize+1","bronze:Assembly+1","bronze:HyperBeam+1","bronze:DelayedSlice+1","bronze:ChildClass+1","expansioncontent:PrepareCrush","bronze:BronzeArmor+1","bronze:Repulsor","bronze:Fortify+1","AscendersBane","bronze:Virus+1","bronze:ForLoop+1","bronze:Deprecate+1"],"relics":["bronze:BronzeCore","downfall:ShatteredFragment","Boot","Pear","hexamod:CandleOfCauterizing","Runic Pyramid","downfall:HeartBlessingGreen","Orichalcum","Nunchaku","SacredBark","hexamod:BolsterEngine","Anchor","Prayer Wheel","Kunai","downfall:HeartBlessingRed","downfall:HeartBlessingBlue","Pen Nib","Bag of Marbles"],"acts_visited":["Exordium","TheCity","TheBeyond","TheEnding"],"potions_floor_usage":[5,11,36,49,50,52,52,52,55,56],"damage_taken":[{"damage":1,"enemies":"Small Slimes","floor":2,"turns":4},{"damage":1,"enemies":"Jaw Worm","floor":4,"turns":4},{"damage":6,"enemies":"Jaw Worm","floor":5,"turns":3},{"damage":1,"enemies":"Cultist","floor":6,"turns":3},{"damage":0,"enemies":"Large Slime","floor":9,"turns":3},{"damage":10,"enemies":"3 Sentries","floor":10,"turns":6},{"damage":4,"enemies":"Exordium Wildlife","floor":11,"turns":3},{"damage":0,"enemies":"downfall:FleeingMerchant","floor":12,"turns":4},{"damage":1,"enemies":"3 Louse","floor":13,"turns":4},{"damage":12,"enemies":"Gremlin Nob","floor":14,"turns":4},{"damage":3,"enemies":"Blue Slaver","floor":15,"turns":3},{"damage":4,"enemies":"IC_STATUS_ARCHETYPE","floor":16,"turns":6},{"damage":0,"enemies":"Chosen","floor":19,"turns":3},{"damage":0,"enemies":"3 Byrds","floor":20,"turns":2},{"damage":0,"enemies":"Snake Plant","floor":25,"turns":3},{"damage":0,"enemies":"downfall:FleeingMerchant","floor":27,"turns":4},{"damage":3,"enemies":"Centurion and Healer","floor":28,"turns":3},{"damage":0,"enemies":"Book of Stabbing","floor":29,"turns":3},{"damage":0,"enemies":"Snecko","floor":31,"turns":3},{"damage":2,"enemies":"Snake Plant","floor":32,"turns":3},{"damage":0,"enemies":"WA_ARCHETYPE_CALM","floor":33,"turns":5},{"damage":7,"enemies":"3 Darklings","floor":36,"turns":3},{"damage":0,"enemies":"3 Shapes","floor":38,"turns":3},{"damage":0,"enemies":"downfall:FleeingMerchant","floor":39,"turns":4},{"damage":0,"enemies":"Jaw Worm Horde","floor":42,"turns":2},{"damage":0,"enemies":"Nemesis","floor":44,"turns":5},{"damage":0,"enemies":"Spire Growth","floor":45,"turns":3},{"damage":4,"enemies":"Writhing Mass","floor":49,"turns":5},{"damage":61,"enemies":"DF_ARCHETYPE_ORBS","floor":50,"turns":6},{"damage":66,"enemies":"downfall:CharBossMerchant","floor":52,"turns":7},{"damage":36,"enemies":"downfall:NeowBoss","floor":55,"turns":16},{"damage":175,"enemies":"downfall:NeowBossFinal","floor":56,"turns":9}],"seed_played":"-1167658591793027551","potions_obtained":[{"floor":4,"key":"Explosive Potion"},{"floor":10,"key":"GamblersBrew"},{"floor":14,"key":"Fire Potion"},{"floor":15,"key":"SneckoOil"},{"floor":25,"key":"Block Potion"},{"floor":32,"key":"Fruit Juice"},{"floor":36,"key":"EntropicBrew"}],"is_trial":false,"path_per_floor":["R","M","?","M","?","M","T","R","M","E","M","$","M","E","M","B",null,"R","M","M","?","?","R","T","M","R","$","M","E","R","M","M","B",null,"R","M","?","M","$","R","T","M","?","E","M","T","R","T","M","B",null,"E","$","R","B","B"],"character_chosen":"THE_AUTOMATON","items_purchased":["expansioncontent:QuickStudy","hexamod:BolsterEngine","bronze:Repulsor","bronze:Fortify","Anchor","Swift Potion"],"campfire_rested":2,"item_purchase_floors":[12,39,39,39,39,39],"current_hp_per_floor":[63,62,41,40,34,33,33,51,51,51,47,47,46,34,31,27,73,73,73,73,73,73,73,73,73,73,73,70,70,70,70,68,68,73,73,76,76,76,76,76,76,76,76,76,76,76,86,86,82,21,93,27,27,54,18,0,0],"gold":45,"neow_bonus":"RANDOM_COLORLESS_2","is_daily":false,"chose_seed":false,"campfire_upgraded":7,"win_rate":0.0,"timestamp":1610959411,"path_taken":["R","M","?","M","?","M","T","R","M","E","?","$","M","E","M","BOSS","R","M","M","?","?","R","T","M","R","$","M","E","R","M","M","BOSS","R","M","?","M","$","R","T","M","?","E","M","?","R","?","M","BOSS","E","$","R","BOSS","BOSS"],"items_purchased_type":["Card","Relic","Card","Card","Relic","Potion"],"build_version":"2020-12-22","purchased_purges":2,"victory":false,"max_hp_per_floor":[63,63,63,63,63,63,63,63,63,73,73,73,73,73,73,73,73,73,73,73,73,73,73,73,73,73,73,73,73,73,73,73,73,73,73,83,83,83,83,83,83,83,83,83,83,83,93,93,93,93,93,93,93,93,93,93,93],"relic_stats":{"Nunchaku":[26],"counters":[16,85],"Prayer Wheel":2,"Pen Nib":[16],"Kunai":[42],"Orichalcum":[36],"Boot":[171],"obtain_stats":[{"CaptainsWheel":6,"bronze:BronzeCore":0,"downfall:ShatteredFragment":10,"downfall:HeartBlessingRed":47,"downfall:HeartBlessingBlue":47,"Prayer Wheel":44,"Pen Nib":48,"Bag of Preparation":12,"Bag of Marbles":52,"Kunai":46,"Ancient Tea Set":7},{"CaptainsWheel":3,"bronze:BronzeCore":0,"downfall:ShatteredFragment":4,"downfall:HeartBlessingRed":11,"downfall:HeartBlessingBlue":11,"Prayer Wheel":10,"Pen Nib":11,"Bag of Preparation":5,"Bag of Marbles":14,"Kunai":11,"Ancient Tea Set":3},{"CaptainsWheel":10,"bronze:BronzeCore":0,"downfall:ShatteredFragment":12,"downfall:HeartBlessingRed":42,"downfall:HeartBlessingBlue":42,"Prayer Wheel":39,"Pen Nib":42,"Bag of Preparation":19,"Bag of Marbles":60,"Kunai":42,"Ancient Tea Set":10}]},"card_choices":[{"not_picked":["Secret Technique","Chrysalis"],"picked":"Panache","floor":0},{"not_picked":["bronze:Allocate","bronze:Deprecate"],"picked":"bronze:InfiniteBeams","floor":2},{"not_picked":["bronze:BitShift","bronze:ForceShield"],"picked":"bronze:Branch","floor":4},{"not_picked":["bronze:GetLatest","bronze:Overheat"],"picked":"bronze:Boost","floor":5},{"not_picked":["bronze:BugBarrage","bronze:WhirlingStrike","bronze:DigitalCarnage"],"picked":"SKIP","floor":6},{"not_picked":["bronze:DarkDash","bronze:WildBeam","bronze:Iterate"],"picked":"SKIP","floor":9},{"not_picked":["bronze:ItsAFeature","bronze:DelayedGuard"],"picked":"bronze:WhirlingStrike","floor":10},{"not_picked":["bronze:CloningBeam","bronze:Repulsor"],"picked":"bronze:Shell","floor":11},{"not_picked":["bronze:CutThrough","bronze:WildBeam"],"picked":"bronze:Frontload","floor":12},{"not_picked":["bronze:BitShift","bronze:FollowUp","bronze:BuggyMess"],"picked":"SKIP","floor":13},{"not_picked":["bronze:Overheat","bronze:FollowUp"],"picked":"bronze:Optimize","floor":14},{"not_picked":["bronze:Overheat","bronze:Terminator"],"picked":"bronze:Assembly","floor":15},{"not_picked":["bronze:InfiniteLoop","bronze:AlphaBuild"],"picked":"bronze:HyperBeam","floor":16},{"not_picked":["bronze:Deprecate","bronze:FollowUp"],"picked":"bronze:DelayedSlice+1","floor":19},{"not_picked":["bronze:Shield","bronze:CloningBeam+1","bronze:Iterate"],"picked":"SKIP","floor":20},{"not_picked":["bronze:Philosophize+1","bronze:ForceShield","bronze:WhirlingStrike"],"picked":"SKIP","floor":25},{"not_picked":["bronze:WhirlingStrike","bronze:BuggyMess","bronze:Iterate+1"],"picked":"SKIP","floor":27},{"not_picked":["bronze:BronzeOrb","bronze:Philosophize","bronze:Overheat+1"],"picked":"SKIP","floor":28},{"not_picked":["bronze:Safeguard+1","bronze:DigitalCarnage","bronze:DarkDash+1"],"picked":"SKIP","floor":29},{"not_picked":["bronze:Constructor","bronze:CutThrough","bronze:Separator"],"picked":"SKIP","floor":31},{"not_picked":["bronze:ForceShield","bronze:GetLatest","bronze:BitShift+1"],"picked":"SKIP","floor":32},{"not_picked":["bronze:WhirlingStrike","bronze:Invalidate"],"picked":"bronze:ChildClass+1","floor":36},{"not_picked":["expansioncontent:PolyBeam","expansioncontent:Chronoboost"],"picked":"expansioncontent:PrepareCrush","floor":37},{"not_picked":["bronze:CutThrough+1","bronze:Iterate","bronze:Invalidate"],"picked":"SKIP","floor":38},{"not_picked":["bronze:Overheat","bronze:BuggyMess+1"],"picked":"bronze:BronzeArmor","floor":39},{"not_picked":["bronze:WildBeam","bronze:ChosenStrike","bronze:OilSpill"],"picked":"SKIP","floor":42},{"not_picked":["bronze:ForceShield","bronze:NullPointer+1","bronze:Iterate+1"],"picked":"SKIP","floor":44},{"not_picked":["bronze:ChosenStrike","bronze:Overheat"],"picked":"bronze:ForLoop+1","floor":45},{"not_picked":["bronze:InfiniteBeams+1","bronze:OilSpill","bronze:DelayedSlice"],"picked":"SKIP","floor":45},{"not_picked":["bronze:Branch","bronze:Optimize"],"picked":"bronze:Deprecate+1","floor":49},{"not_picked":["bronze:Overheat+1","bronze:Shield","bronze:CutThrough"],"picked":"SKIP","floor":49},{"not_picked":["bronze:BugBarrage","bronze:ClassDefault","bronze:Safeguard"],"picked":"SKIP","floor":52}],"player_experience":1597476,"relics_obtained":[{"floor":7,"key":"Boot"},{"floor":10,"key":"Pear"},{"floor":14,"key":"hexamod:CandleOfCauterizing"},{"floor":24,"key":"Orichalcum"},{"floor":29,"key":"Nunchaku"},{"floor":44,"key":"Prayer Wheel"},{"floor":46,"key":"Kunai"},{"floor":48,"key":"Pen Nib"},{"floor":52,"key":"Bag of Marbles"}],"event_choices":[{"damage_healed":0,"gold_gain":0,"player_choice":"Ignored","damage_taken":0,"max_hp_gain":0,"max_hp_loss":0,"event_name":"Ghosts","floor":22,"gold_loss":0},{"damage_healed":0,"gold_gain":3,"player_choice":"3","damage_taken":0,"max_hp_gain":0,"max_hp_loss":0,"event_name":"betterStone:BetterStone","floor":43,"gold_loss":0,"cards_obtained":["bronze:Virus"]}],"is_beta":false,"boss_relics":[{"not_picked":["bronze:MakeshiftBattery","Coffee Dripper"],"picked":"Runic Pyramid"},{"not_picked":["Tiny House","Philosopher\u0027s Stone"],"picked":"SacredBark"}],"items_purged_floors":[12,27],"is_endless":false,"potions_floor_spawned":[4,10,14,15,25,29,32,36,45],"killed_by":"downfall:NeowBossFinal","ascension_level":2}}