{"host":"cw25u8qal1h0d7ia","time":1610973569,"event":{"mods":["BaseMod","Downfall","Minty Spire (QoL Compilation)","StSLib"],"gold_per_floor":[99,119,119,119,131,131,178,178,194,212,226,226,244,269,293,408,420,432,455,484,496,523,535,547,559,571,321,321,321],"floor_reached":28,"language":"ENG","playtime":2310,"items_purged":["bronze:BronzeOrb"],"score":270,"play_id":"646c2376-3c88-4449-81c8-0360114c155a","local_time":"20210118133929","is_ascension_mode":true,"campfire_choices":[{"data":"bronze:Goto","floor":1,"key":"SMITH"},{"data":"bronze:Terminator","floor":8,"key":"SMITH"},{"data":"bronze:Separator","floor":12,"key":"SMITH"},{"data":"bronze:Verify","floor":18,"key":"SMITH"},{"floor":23,"key":"REST"}],"circlet_count":0,"master_deck":["bronze:Strike","bronze:Strike","bronze:Defend","bronze:Defend+1","bronze:Defend","bronze:Replicate","bronze:Goto+1","bronze:Refactor+1","bronze:Terminator+1","bronze:Separator+1","bronze:TinkerersToolbox","bronze:Verify+1","bronze:BuggyMess"],"relics":["bronze:BronzeCore","Oddly Smooth Stone","MawBank","Philosopher\u0027s Stone","downfall:RedIOU","Centennial Puzzle","War Paint"],"acts_visited":["Exordium","TheCity"],"potions_floor_usage":[14,16,16,19,22,22,28],"damage_taken":[{"damage":8,"enemies":"2 Louse","floor":2,"turns":3},{"damage":4,"enemies":"Small Slimes","floor":5,"turns":5},{"damage":0,"enemies":"Cultist","floor":6,"turns":1},{"damage":0,"enemies":"Gremlin Gang","floor":9,"turns":2},{"damage":5,"enemies":"Exordium Thugs","floor":10,"turns":2},{"damage":6,"enemies":"3 Louse","floor":11,"turns":2},{"damage":0,"enemies":"Blue Slaver","floor":13,"turns":1},{"damage":0,"enemies":"Gremlin Nob","floor":14,"turns":2},{"damage":0,"enemies":"Large Slime","floor":15,"turns":2},{"damage":16,"enemies":"IC_STATUS_ARCHETYPE","floor":16,"turns":4},{"damage":10,"enemies":"Shell Parasite","floor":19,"turns":2},{"damage":8,"enemies":"Chosen","floor":20,"turns":4},{"damage":30,"enemies":"Snake Plant","floor":22,"turns":4},{"damage":0,"enemies":"downfall:FleeingMerchant","floor":27,"turns":4},{"damage":41,"enemies":"Slavers","floor":28,"turns":1}],"seed_played":"-8613575930296588895","potions_obtained":[{"floor":2,"key":"SteroidPotion"},{"floor":9,"key":"DuplicationPotion"},{"floor":10,"key":"Energy Potion"},{"floor":14,"key":"AttackPotion"},{"floor":16,"key":"bronze:FreeFunctionsPotion"},{"floor":19,"key":"EntropicBrew"}],"is_trial":false,"path_per_floor":["R","M","?","?","M","M","T","R","M","M","M","R","M","E","M","B",null,"R","M","M","?","M","R","T","?","T","$","E"],"character_chosen":"THE_AUTOMATON","items_purchased":["bronze:BuggyMess","War Paint"],"campfire_rested":1,"item_purchase_floors":[27,27],"current_hp_per_floor":[63,55,55,55,51,51,51,51,51,46,40,40,40,40,40,24,63,63,53,45,45,15,33,33,33,33,33,0,0],"gold":321,"neow_bonus":"REMOVE_TWO","is_daily":false,"chose_seed":false,"campfire_upgraded":4,"win_rate":0.0,"timestamp":1610973569,"path_taken":["R","M","?","?","?","M","T","R","M","?","M","R","M","E","M","BOSS","R","M","M","?","M","R","T","?","?","$","E"],"items_purchased_type":["Card","Relic"],"build_version":"2020-12-22","purchased_purges":1,"victory":false,"max_hp_per_floor":[63,63,63,63,63,63,63,63,63,63,63,63,63,63,63,63,63,63,63,63,63,63,63,63,63,63,63,63,63],"card_choices":[{"not_picked":["bronze:Overheat","bronze:Turbo"],"picked":"bronze:Refactor","floor":2},{"not_picked":["bronze:ChosenStrike","bronze:DelayedSlice"],"picked":"bronze:Terminator","floor":5},{"not_picked":["bronze:Terminator","bronze:Overheat","bronze:Refactor"],"picked":"SKIP","floor":6},{"not_picked":["bronze:Deprecate","bronze:Branch"],"picked":"bronze:Separator","floor":9},{"not_picked":["bronze:ThunderWave","bronze:DelayedSlice","bronze:FollowUp"],"picked":"SKIP","floor":10},{"not_picked":["bronze:Deprecate","bronze:Frontload","bronze:BugBarrage"],"picked":"SKIP","floor":11},{"not_picked":["bronze:WildBeam","bronze:CutThrough","bronze:Deprecate"],"picked":"SKIP","floor":13},{"not_picked":["bronze:Deprecate","bronze:Optimize","bronze:ForceShield"],"picked":"SKIP","floor":14},{"not_picked":["bronze:Iterate","bronze:BuggyMess"],"picked":"bronze:TinkerersToolbox","floor":15},{"not_picked":["bronze:Mutator","bronze:BurnOut"],"picked":"bronze:Verify","floor":16},{"not_picked":["bronze:FineTuning","bronze:ChosenStrike","bronze:ForLoop+1"],"picked":"SKIP","floor":19},{"not_picked":["bronze:Flail","bronze:Frontload+1","bronze:Turbo"],"picked":"SKIP","floor":20},{"not_picked":["bronze:Flail","bronze:Frontload+1","bronze:Turbo"],"picked":"SKIP","floor":20},{"not_picked":["bronze:ChosenStrike","bronze:InfiniteBeams","bronze:OilSpill"],"picked":"SKIP","floor":22},{"not_picked":["bronze:ChosenStrike","bronze:InfiniteBeams","bronze:OilSpill"],"picked":"SKIP","floor":22},{"not_picked":["bronze:Repair","bronze:InfiniteBeams+1","bronze:Overheat"],"picked":"SKIP","floor":27}],"player_experience":581838,"relics_obtained":[{"floor":7,"key":"Oddly Smooth Stone"},{"floor":14,"key":"MawBank"},{"floor":24,"key":"CeramicFish"},{"floor":26,"key":"Centennial Puzzle"}],"event_choices":[],"is_beta":false,"boss_relics":[{"not_picked":["Black Star","expansioncontent:StudyCardRelic"],"picked":"Philosopher\u0027s Stone"}],"items_purged_floors":[27],"is_endless":false,"potions_floor_spawned":[2,9,10,13,14,16,19],"killed_by":"Slavers","ascension_level":2}}