{"host":"6ktzxxgjnfnrmlug","time":1610944981,"event":{"mods":["Astrologer","BaseMod","Better Third Choice","KinomotoSakuraMod(ƒæ÷Æ±æ”£)","Marisa£®ÏF”Í°°ƒß¿Ì…≥£©","Minty Spire (QoL Compilation)","Prisma Mod","Remilia£®¿Ÿ√◊¿Ú—«£©","Replay The Spire","StSLib","The Alterego","The Animator","Yakumo Yukari mod","Youmu£®ªÍ∆«—˝√Œ£©","yUi"],"gold_per_floor":[117,193,193,211,211,246,270,270,270,13,13,37,63,90,90,197,197,220,244,544,143,143,143,143],"floor_reached":23,"language":"ZHS","playtime":5924,"items_purged":["PrismaMod:IllyaCommonAttack","PrismaMod:IllyaCommonAttack"],"score":224,"play_id":"4721891a-dad8-42c4-b789-19a975f18cff","local_time":"20210118124301","is_ascension_mode":false,"campfire_choices":[{"data":"PrismaMod:IllyaUncommonDefend","floor":8.0,"key":"SMITH"},{"data":"PrismaMod:IllyaUncommonDefend","floor":15.0,"key":"SMITH"}],"circlet_count":0,"master_deck":["PrismaMod:IllyaCommonDefend","PrismaMod:IllyaCommonDefend","PrismaMod:IllyaCommonAttack","PrismaMod:IllyaCommonDefend","PrismaMod:IllyaCommonAttack","PrismaMod:IllyaCommonDefend","PrismaMod:IllyaUncommonAttack","PrismaMod:IllyaUncommonDefend+1","PrismaMod:IllyaSaphire","PrismaMod:IllyaDualEvoke","PrismaMod:IllyaRubysPotion","Iron Wave","PrismaMod:IllyaUncommonDefend+1","PrismaMod:IllyaUberAttackChannel","Pain","PrismaMod:IllyaGrail","PrismaMod:IllyaCommandSeal","PrismaMod:IllyaCarnivalDefend","PrismaMod:IllyaCarnivalOrbs","PrismaMod:IllyaCommandSeal","Greed_TH","PrismaMod:IllyaPoisonBlock","PrismaMod:IllyaUncommonAOEAttack"],"relics":["PrismaMod:PrismaZwei","NeowsBlessing","Replay:Bandana","Mummified Hand","Membership Card","WarpedTongs","Replay:Bottled Snecko","Strange Spoon","Bird Faced Urn","Gremlin Horn"],"acts_visited":["Exordium","TheCity"],"potions_floor_usage":[23],"damage_taken":[{"damage":0.0,"enemies":"Small Slimes","floor":1.0,"turns":1.0},{"damage":0.0,"enemies":"Jaw Worm","floor":4.0,"turns":1.0},{"damage":0.0,"enemies":"Gremlin Nob","floor":6.0,"turns":2.0},{"damage":0.0,"enemies":"Cultist","floor":7.0,"turns":3.0},{"damage":3.0,"enemies":"3 Louse","floor":12.0,"turns":5.0},{"damage":4.0,"enemies":"Gremlin Gang","floor":13.0,"turns":3.0},{"damage":8.0,"enemies":"Lagavulin","floor":14.0,"turns":7.0},{"damage":19.0,"enemies":"Slime Boss","floor":16.0,"turns":14.0},{"damage":3.0,"enemies":"3 Byrds","floor":18.0,"turns":4.0},{"damage":2.0,"enemies":"Shell Parasite","floor":19.0,"turns":7.0},{"damage":6,"enemies":"Book of Stabbing","floor":23,"turns":2}],"seed_played":"-7341386315469431071","potions_obtained":[{"floor":4.0,"key":"DuplicationPotion"},{"floor":12.0,"key":"AttackPotion"},{"floor":14.0,"key":"LiquidBronze"},{"floor":16.0,"key":"Milkshake"},{"floor":18.0,"key":"SteroidPotion"},{"floor":19.0,"key":"LiquidMemories"}],"is_trial":false,"path_per_floor":["M","?","?","M","?","E","M","R","T","$","?","M","M","E","R","B",null,"M","M","?","$","?","E"],"character_chosen":"ILLYA","items_purchased":["Membership Card","PrismaMod:IllyaUberAttackChannel","Strange Spoon","Bird Faced Urn","Gremlin Horn"],"campfire_rested":0,"item_purchase_floors":[10,10,21,21,21],"current_hp_per_floor":[75,45,45,45,45,50,50,50,50,50,50,52,53,50,50,41,75,75,75,75,55,55,49,49],"gold":143,"neow_bonus":"THREE_ENEMY_KILL","is_daily":false,"chose_seed":false,"campfire_upgraded":2,"win_rate":0.0,"timestamp":1610944981,"path_taken":["M","?","?","?","?","E","M","R","T","$","?","?","M","E","R","BOSS","M","M","?","$","?","E"],"items_purchased_type":["Relic","Card","Relic","Relic","Relic"],"build_version":"2020-12-22","purchased_purges":2,"victory":false,"max_hp_per_floor":[75,75,75,75,75,75,75,75,75,75,75,75,75,75,75,75,75,75,75,75,75,75,75,75],"card_choices":[{"not_picked":["PrismaMod:IllyaRubysPotion","PrismaMod:IllyaPartialInstallAssassin"],"picked":"PrismaMod:IllyaSaphire","floor":1.0},{"not_picked":["PrismaMod:IllyaBlindPoisonToss","PrismaMod:IllyaUpgradeOrbs"],"picked":"PrismaMod:IllyaBerserCAR","floor":2.0},{"not_picked":["PrismaMod:IllyaPartialInstallAssassin","PrismaMod:IllyaRussianRoulette"],"picked":"PrismaMod:IllyaDualEvoke","floor":2.0},{"not_picked":["PrismaMod:IllyaPoisonBlock","PrismaMod:IllyaUncommonAttack"],"picked":"PrismaMod:IllyaRubysPotion","floor":2.0},{"not_picked":["PrismaMod:IllyaCheapDefend","PrismaMod:IllyaMinorRapidFire","PrismaMod:IllyaRussianRoulette"],"picked":"SKIP","floor":4.0},{"not_picked":["PrismaMod:IllyaPoisonBomb","PrismaMod:IllyaFriendMaker"],"picked":"PrismaMod:IllyaUncommonDefend","floor":6.0},{"not_picked":["PrismaMod:IllyaStunPoison","PrismaMod:IllyaFriendMaker","PrismaMod:IllyaUncommonEvoke"],"picked":"SKIP","floor":7.0},{"not_picked":["PrismaMod:IllyaHassanGift","PrismaMod:IllyaCarnivalAttack"],"picked":"PrismaMod:IllyaGrail","floor":12.0},{"not_picked":["PrismaMod:IllyaMinorRapidFire","PrismaMod:IllyaPoisonBomb"],"picked":"PrismaMod:IllyaCommandSeal","floor":13.0},{"not_picked":["PrismaMod:IllyaCheapChannelDefend","PrismaMod:IllyaFriendMaker"],"picked":"PrismaMod:IllyaCarnivalDefend","floor":14.0},{"not_picked":["PrismaMod:IllyaUberAttackChannel","PrismaMod:IllyaUberPoisonChannel"],"picked":"PrismaMod:IllyaCarnivalOrbs","floor":16.0},{"not_picked":["PrismaMod:IllyaFeed","PrismaMod:IllyaGun","PrismaMod:IllyaCommonEvoke+1"],"picked":"SKIP","floor":18.0},{"not_picked":["PrismaMod:IllyaUncommonDefend","PrismaMod:IllyaDetonatingBlow"],"picked":"PrismaMod:IllyaCommandSeal","floor":19.0}],"player_experience":43414,"relics_obtained":[{"floor":6.0,"key":"Replay:Bandana"},{"floor":9.0,"key":"Mummified Hand"},{"floor":14.0,"key":"Replay:Bottled Snecko"}],"event_choices":[{"cards_removed":["PrismaMod:IllyaBerserCAR"],"damage_healed":0.0,"max_hp_gain":0.0,"max_hp_loss":0.0,"gold_gain":0.0,"event_name":"NoteForYourself","player_choice":"Took Card","floor":3.0,"gold_loss":0.0,"damage_taken":0.0,"cards_obtained":["Iron Wave"]},{"damage_healed":0.0,"max_hp_gain":0.0,"max_hp_loss":0.0,"gold_gain":0.0,"event_name":"betterThird:BetterSerpent","player_choice":"Ignored","floor":5.0,"gold_loss":0.0,"damage_taken":211.0},{"damage_healed":0.0,"max_hp_gain":0.0,"max_hp_loss":0.0,"gold_gain":0.0,"event_name":"Accursed Blacksmith","player_choice":"Rummage","floor":11.0,"gold_loss":0.0,"damage_taken":0.0,"relics_obtained":["WarpedTongs"],"cards_obtained":["Pain"]},{"damage_healed":0,"gold_gain":0,"cards_transformed":["PrismaMod:IllyaCommonAttack","PrismaMod:IllyaCommonDefend"],"player_choice":"Became Test Subject","damage_taken":0,"max_hp_gain":0,"max_hp_loss":0,"event_name":"Drug Dealer","floor":22,"gold_loss":0,"cards_obtained":["PrismaMod:IllyaPoisonBlock","PrismaMod:IllyaUncommonAOEAttack"]}],"is_beta":false,"boss_relics":[{"not_picked":["ChewingGum","Empty Cage"],"picked":"PrismaMod:PrismaZwei"}],"items_purged_floors":[10,21],"is_endless":false,"potions_floor_spawned":[4,12,14,16,18,19],"killed_by":"Book of Stabbing","ascension_level":0}}