{"host":"ix2a18c4ohfsrslv","time":1610999755,"event":{"mods":["BaseMod","Better Third Choice","Downfall","Minty Spire (QoL Compilation)","StSLib"],"gold_per_floor":[0,0,0,11,26,26,26,36,48,80,80,113,13,13,30,135,135,135,147,147,147,147,173,223,123,152,163,163,179,179,191,201,301,301,301,319,319,333,353,253,299,319,351,451,48,48,48,66,80,80,80,112,12,12,12,12,12],"floor_reached":55,"language":"ENG","playtime":3486,"items_purged":["champ:Strike+1","champ:Execute"],"score":794,"play_id":"94328190-121b-4864-ad4d-e403ea63d827","local_time":"20210118115555","is_ascension_mode":true,"campfire_choices":[{"data":"champ:Taunt","floor":1.0,"key":"SMITH"},{"data":"champ:CrookedStrike","floor":6,"key":"SMITH"},{"floor":11,"key":"REST"},{"data":"champ:Improvising","floor":13,"key":"SMITH"},{"data":"champ:TripleStrike","floor":18,"key":"SMITH"},{"data":"champ:BringItOn","floor":25,"key":"SMITH"},{"floor":28,"key":"REST"},{"floor":35,"key":"RECALL"},{"floor":40,"key":"REST"},{"floor":46,"key":"REST"},{"floor":54,"key":"REST"}],"circlet_count":0,"master_deck":["champ:Defend+1","champ:Defend+1","champ:Taunt+1","champ:Haymaker","champ:CrookedStrike+1","champ:PreciseThrust+1","champ:BerserkersShout+1","champ:Improvising+1","champ:PreciseThrust","champ:BringItOn+1","champ:TripleStrike+1","champ:FaceSlap+1","champ:Backstep+1","champ:ShieldSlam+1","champ:RageSigil+1","champ:VampiricStrike","champ:SwordSigil+1","champ:BerserkersShout+1","champ:BerserkerStyle+1","champ:SwordSigil+1","champ:BerserkersShout+1"],"relics":["champ:ChampionCrown","Mercury Hourglass","Kunai","downfall:HeartBlessingGreen","downfall:BrokenWingStatue","Empty Cage","Nunchaku","downfall:HeartBlessingBlue","Incense Burner","downfall:RedIOU","Fusion Hammer","downfall:HeartBlessingRed","champ:FightingForDummies","Shuriken","Mummified Hand","War Paint"],"acts_visited":["Exordium","TheCity","TheBeyond","TheEnding"],"potions_floor_usage":[10,12,16,26,33,33,43,50,55],"damage_taken":[{"damage":10.0,"enemies":"Small Slimes","floor":4.0,"turns":3.0},{"damage":15.0,"enemies":"2 Louse","floor":5.0,"turns":3.0},{"damage":0,"enemies":"Cultist","floor":8,"turns":2},{"damage":15,"enemies":"Large Slime","floor":9,"turns":3},{"damage":43,"enemies":"3 Sentries","floor":10,"turns":5},{"damage":34,"enemies":"Gremlin Nob","floor":12,"turns":4},{"damage":18,"enemies":"Exordium Thugs","floor":15,"turns":3},{"damage":71,"enemies":"DF_ARCHETYPE_STREAMLINE","floor":16,"turns":9},{"damage":32,"enemies":"Spheric Guardian","floor":19,"turns":3},{"damage":36,"enemies":"Book of Stabbing","floor":23,"turns":3},{"damage":38,"enemies":"Gremlin Leader","floor":26,"turns":2},{"damage":18,"enemies":"Shell Parasite","floor":27,"turns":2},{"damage":18,"enemies":"Shelled Parasite and Fungi","floor":29,"turns":3},{"damage":19,"enemies":"Centurion and Healer","floor":31,"turns":4},{"damage":14,"enemies":"Snecko","floor":32,"turns":4},{"damage":66,"enemies":"IC_MUSHROOM_ARCHETYPE","floor":33,"turns":5},{"damage":31,"enemies":"Orb Walker","floor":36,"turns":4},{"damage":20,"enemies":"3 Shapes","floor":38,"turns":3},{"damage":57,"enemies":"Maw","floor":39,"turns":4},{"damage":5,"enemies":"Spire Growth","floor":42,"turns":3},{"damage":55,"enemies":"Reptomancer","floor":43,"turns":4},{"damage":45,"enemies":"downfall:FleeingMerchant","floor":45,"turns":4},{"damage":84,"enemies":"Transient","floor":48,"turns":5},{"damage":116,"enemies":"Writhing Mass","floor":49,"turns":4},{"damage":125,"enemies":"WA_ARCHETYPE_DIVINITY","floor":50,"turns":5},{"damage":177,"enemies":"downfall:CharBossMerchant","floor":52,"turns":7},{"damage":105,"enemies":"downfall:NeowBoss","floor":55,"turns":4}],"seed_played":"3916805497138186337","potions_obtained":[{"floor":3.0,"key":"Regen Potion"},{"floor":3.0,"key":"sneckomod:MuddlingPotion"},{"floor":3.0,"key":"champ:OpenerPotion"},{"floor":5,"key":"hexamod:SoulburnPotion"},{"floor":8,"key":"FairyPotion"},{"floor":10,"key":"bronze:BurnAndBuffPotion"},{"floor":15,"key":"BlessingOfTheForge"},{"floor":23,"key":"Explosive Potion"},{"floor":29,"key":"Dexterity Potion"},{"floor":31,"key":"champ:CounterPotion"},{"floor":39,"key":"Fire Potion"},{"floor":43,"key":"bronze:BurnAndBuffPotion"}],"is_trial":false,"path_per_floor":["R","?","?","M","M","R","T","M","M","E","R","E","R","?","M","B",null,"R","M","?","?","?","E","T","R","E","M","R","M","?","M","M","B",null,"R","M","?","M","M","R","T","M","E","?","$","R","?","M","M","B",null,"E","$","R","B"],"character_chosen":"THE_CHAMP","items_purchased":["Mummified Hand","hexamod:SoulburnPotion"],"campfire_rested":5,"item_purchase_floors":[45,45],"current_hp_per_floor":[90,90,90,90,85,85,85,85,80,52,79,65,65,65,52,4,90,90,88,88,88,80,64,64,74,56,53,83,65,65,51,57,34,100,100,89,89,89,87,100,100,100,100,100,100,100,100,100,100,92,100,83,83,100,0,0,0],"gold":12,"neow_bonus":"REMOVE_TWO","is_daily":false,"chose_seed":false,"campfire_upgraded":5,"win_rate":0.0,"timestamp":1610999755,"path_taken":["R","?","?","M","?","R","T","M","M","E","R","E","R","?","M","BOSS","R","M","?","?","?","E","T","R","E","M","R","?","?","M","M","BOSS","R","M","?","M","?","R","T","M","E","?","?","R","?","M","M","BOSS","E","$","R","BOSS"],"items_purchased_type":["Relic","Potion"],"build_version":"2020-12-22","purchased_purges":2,"victory":false,"max_hp_per_floor":[90,90,90,90,90,90,90,90,90,90,90,90,90,90,90,90,90,90,90,90,90,90,90,90,100,100,100,100,100,100,100,100,100,100,100,100,100,100,100,100,100,100,100,100,100,100,100,100,100,100,100,100,100,100,100,100,100],"card_choices":[{"not_picked":["champ:HeartStrike","champ:FlashCut"],"picked":"champ:Haymaker","floor":4.0},{"not_picked":["champ:Backstep","champ:FlashCut"],"picked":"champ:CrookedStrike","floor":5},{"not_picked":["champ:Circumvent","champ:CrookedStrike"],"picked":"champ:PreciseThrust","floor":8},{"not_picked":["champ:GutPunch","champ:StanceDance"],"picked":"champ:BerserkersShout","floor":9},{"not_picked":["champ:Circumvent","champ:PreemptiveStrike"],"picked":"champ:Improvising","floor":10},{"not_picked":["champ:Haymaker","champ:DefensiveShout"],"picked":"champ:PreciseThrust","floor":12},{"not_picked":["champ:BerserkersShout","champ:TornadoPunch"],"picked":"champ:BringItOn","floor":15},{"not_picked":["champ:DancingMaster","champ:HoldFirm"],"picked":"champ:TripleStrike","floor":16},{"not_picked":["champ:BringItOn","champ:Shatter"],"picked":"champ:FaceSlap+1","floor":19},{"not_picked":["champ:Haymaker","champ:CrownThrow","champ:EnchantCrown"],"picked":"SKIP","floor":23},{"not_picked":["champ:SkillfulDodge+1","champ:CrookedStrike"],"picked":"champ:Circumvent","floor":26},{"not_picked":["champ:DefensiveStyle+1","champ:TornadoPunch+1"],"picked":"champ:Backstep+1","floor":27},{"not_picked":["champ:FocusedDefense","champ:EndlessRage","champ:PreciseThrust"],"picked":"SKIP","floor":29},{"not_picked":["champ:Backstep","champ:ArenaPreparation"],"picked":"champ:ShieldSlam+1","floor":31},{"not_picked":["champ:CrownThrow","champ:FancyFootwork"],"picked":"champ:RageSigil","floor":32},{"not_picked":["champ:EnchantSword","champ:GladiatorForm"],"picked":"champ:VampiricStrike","floor":33},{"not_picked":["champ:PreciseThrust","champ:FlashCut+1","champ:RecklessLeap+1"],"picked":"SKIP","floor":36},{"not_picked":["champ:DefensiveShout","champ:Duel+1"],"picked":"champ:SwordSigil+1","floor":38},{"not_picked":["champ:FlashCut+1","champ:Haymaker","champ:Shatter+1"],"picked":"SKIP","floor":39},{"not_picked":["champ:DefensiveShout+1","champ:EnchantShield"],"picked":"champ:BerserkersShout+1","floor":42},{"not_picked":["champ:EndlessRage","champ:FalseCounter"],"picked":"champ:BerserkerStyle+1","floor":43},{"not_picked":["champ:FalseCounter+1","champ:RapidStrikes","champ:SkillfulDodge"],"picked":"SKIP","floor":45},{"not_picked":["champ:BringItOn","champ:RecklessLeap"],"picked":"champ:SwordSigil+1","floor":48},{"not_picked":["champ:StanceDance","champ:BringItOn","champ:ShieldSlam+1"],"picked":"SKIP","floor":49},{"not_picked":["champ:CrownThrow+1","champ:PerfectedStrike"],"picked":"champ:BerserkersShout+1","floor":52}],"player_experience":165965,"relics_obtained":[{"floor":7,"key":"Mercury Hourglass"},{"floor":10,"key":"Whetstone"},{"floor":12,"key":"Kunai"},{"floor":23,"key":"Nunchaku"},{"floor":26,"key":"Incense Burner"},{"floor":41,"key":"champ:FightingForDummies"},{"floor":43,"key":"Shuriken"},{"floor":52,"key":"War Paint"}],"event_choices":[{"damage_healed":0.0,"max_hp_gain":0.0,"max_hp_loss":0.0,"gold_gain":0.0,"event_name":"Lab","player_choice":"Got Potions","floor":3.0,"gold_loss":0.0,"damage_taken":0.0},{"cards_removed":["champ:Circumvent"],"damage_healed":0,"gold_gain":0,"player_choice":"Removed Skill","damage_taken":0,"max_hp_gain":0,"max_hp_loss":0,"event_name":"Falling","floor":47,"gold_loss":0}],"is_beta":false,"boss_relics":[{"not_picked":["Sozu","Astrolabe"],"picked":"Empty Cage"},{"not_picked":["SlaversCollar","bronze:MakeshiftBattery"],"picked":"Fusion Hammer"}],"items_purged_floors":[45,53],"is_endless":false,"potions_floor_spawned":[5,8,9,10,15,23,29,31,39,43],"killed_by":"downfall:NeowBoss","ascension_level":2}}