{"host":"6eo4thp7fob519hm","time":1610996788,"event":{"mods":["BaseMod","Block Reminder","Colored Map","Colored Powertips","DeckTracker","Googly Eyes","Highlight Path","Minty Spire (QoL Compilation)","Quick Restart"],"gold_per_floor":[113,188,205,205,219,249,424,442,442,454,465,465,478,509,509,613,613,630,501,501,513,523,523,523,523],"floor_reached":24,"language":"ENG","playtime":1090,"items_purged":[],"score":210,"play_id":"f26f4cec-5ee0-4f19-8e66-cd8f05478616","local_time":"20210119003628","is_ascension_mode":false,"campfire_choices":[{"floor":12,"key":"REST"},{"floor":15,"key":"REST"},{"floor":23,"key":"DIG"}],"circlet_count":0,"master_deck":["Strike_R","Strike_R","Strike_R","Strike_R+1","Strike_R","Defend_R","Defend_R","Defend_R","Bash","Twin Strike","Twin Strike+1","Reaper","Perfected Strike","Thunderclap","Shockwave","Exhume","Thunderclap+1","Flex","Dark Embrace","Pommel Strike"],"relics":["Philosopher\u0027s Stone","Charon\u0027s Ashes","Shovel","Letter Opener","Nloth\u0027s Gift","Tiny Chest"],"acts_visited":["Exordium","TheCity"],"potions_floor_usage":[16,16,22,24],"damage_taken":[{"damage":5,"enemies":"Jaw Worm","floor":1,"turns":3},{"damage":4,"enemies":"2 Louse","floor":3,"turns":2},{"damage":6,"enemies":"Small Slimes","floor":5,"turns":3},{"damage":15,"enemies":"Gremlin Nob","floor":6,"turns":4},{"damage":1,"enemies":"Gremlin Gang","floor":8,"turns":4},{"damage":17,"enemies":"Looter","floor":10,"turns":3},{"damage":0,"enemies":"Exordium Thugs","floor":11,"turns":3},{"damage":6,"enemies":"Lots of Slimes","floor":13,"turns":2},{"damage":28,"enemies":"Lagavulin","floor":14,"turns":6},{"damage":21,"enemies":"Slime Boss","floor":16,"turns":4},{"damage":16,"enemies":"3 Byrds","floor":18,"turns":4},{"damage":38,"enemies":"2 Thieves","floor":21,"turns":3},{"damage":19,"enemies":"3 Cultists","floor":22,"turns":5},{"damage":82,"enemies":"Gremlin Leader","floor":24,"turns":5}],"seed_played":"-3623884205157307682","potions_obtained":[{"floor":6,"key":"LiquidMemories"},{"floor":10,"key":"HeartOfIron"},{"floor":11,"key":"Fire Potion"},{"floor":22,"key":"DuplicationPotion"}],"is_trial":false,"path_per_floor":["M","?","M","?","M","E","?","M","T","M","M","R","M","E","R","B",null,"M","$","?","M","M","R","E"],"character_chosen":"IRONCLAD","items_purchased":["Flex","Dark Embrace"],"campfire_rested":2,"item_purchase_floors":[19,19],"current_hp_per_floor":[75,64,60,44,38,27,27,38,38,25,31,55,69,41,65,44,80,74,74,74,42,35,35,0,0],"gold":523,"neow_bonus":"BOSS_RELIC","is_daily":false,"chose_seed":false,"campfire_upgraded":0,"win_rate":0.0,"timestamp":1610996788,"path_taken":["M","?","M","?","?","E","?","M","T","M","M","R","M","E","R","BOSS","M","$","?","M","M","R","E"],"items_purchased_type":["Card","Card"],"build_version":"2020-12-22","purchased_purges":0,"victory":false,"max_hp_per_floor":[80,80,80,80,80,80,80,80,80,80,80,80,80,80,80,80,80,80,80,80,80,80,80,80,80],"card_choices":[{"not_picked":["Warcry","Sword Boomerang"],"picked":"Twin Strike","floor":1},{"not_picked":["Anger","Dual Wield"],"picked":"Twin Strike","floor":3},{"not_picked":["Armaments","Body Slam"],"picked":"Reaper","floor":5},{"not_picked":["Body Slam","Pommel Strike"],"picked":"Perfected Strike","floor":6},{"not_picked":["Sword Boomerang","Cleave"],"picked":"Thunderclap","floor":8},{"not_picked":["Dual Wield","Thunderclap"],"picked":"Shockwave","floor":10},{"not_picked":["Cleave","Iron Wave","Anger"],"picked":"SKIP","floor":11},{"not_picked":["Cleave","Headbutt","Anger"],"picked":"SKIP","floor":13},{"not_picked":["Evolve","Double Tap","Warcry"],"picked":"SKIP","floor":14},{"not_picked":["Reaper","Immolate"],"picked":"Exhume","floor":16},{"not_picked":["Armaments","Second Wind"],"picked":"Thunderclap+1","floor":18},{"not_picked":["Sword Boomerang","Havoc","Body Slam"],"picked":"SKIP","floor":21},{"not_picked":["Havoc","Cleave"],"picked":"Pommel Strike","floor":22}],"player_experience":578159,"relics_obtained":[{"floor":6,"key":"Charon\u0027s Ashes"},{"floor":9,"key":"Shovel"},{"floor":14,"key":"Letter Opener"},{"floor":23,"key":"Tiny Chest"}],"event_choices":[{"damage_healed":0,"gold_gain":75,"player_choice":"Gather Gold","damage_taken":11,"max_hp_gain":0,"max_hp_loss":0,"event_name":"World of Goop","floor":2,"gold_loss":0},{"damage_healed":0,"gold_gain":0,"player_choice":"Entered Light","damage_taken":16,"max_hp_gain":0,"max_hp_loss":0,"event_name":"Shining Light","floor":4,"gold_loss":0,"cards_upgraded":["Strike_R","Twin Strike"]},{"damage_healed":0,"gold_gain":175,"player_choice":"AGREE","damage_taken":0,"max_hp_gain":0,"max_hp_loss":0,"event_name":"Liars Game","floor":7,"gold_loss":0,"cards_obtained":["Doubt"]},{"damage_healed":0,"gold_gain":0,"player_choice":"Traded Relic","damage_taken":0,"relics_obtained":["Nloth\u0027s Gift"],"max_hp_gain":0,"max_hp_loss":0,"event_name":"N\u0027loth","floor":20,"relics_lost":["Empty Cage"],"gold_loss":0}],"is_beta":false,"boss_relics":[{"not_picked":["Velvet Choker","Pandora\u0027s Box"],"picked":"Empty Cage"}],"items_purged_floors":[],"is_endless":false,"potions_floor_spawned":[6,10,11,22],"killed_by":"Gremlin Leader","ascension_level":0}}