{"host":"a5lz0e76zb3fcwkm","time":1610953139,"event":{"mods":["AchievementEnabler","BaseMod","Colored Map","Colored Powertips","Minty Spire (QoL Compilation)","StSLib","SuperFastMode"],"gold_per_floor":[364,378,396,396,232,232,232,232,305,128,53,81,94,104,104,178,228,241,261,186,206,49,49,64,64,64,64,114,132,132,161,161,232,232,251,270,46,58,73,100,118,118,118,132,142,162,162,173,173,173,173,173,173,37,67,67,67],"floor_reached":56,"language":"KOR","playtime":1887,"items_purged":["Strike_G","Strike_G"],"score":1906,"play_id":"785e0cd0-4272-4b40-999c-cadfbe5aa64a","local_time":"20210118155859","is_ascension_mode":true,"campfire_choices":[{"data":"Crippling Poison","floor":6.0,"key":"SMITH"},{"data":"Catalyst","floor":8.0,"key":"SMITH"},{"data":"Noxious Fumes","floor":15.0,"key":"SMITH"},{"data":"Night Terror","floor":23.0,"key":"SMITH"},{"data":"Reflex","floor":27.0,"key":"SMITH"},{"data":"Tactician","floor":32.0,"key":"SMITH"},{"floor":42.0,"key":"REST"},{"data":"Wraith Form v2","floor":47.0,"key":"SMITH"},{"floor":49.0,"key":"RECALL"},{"floor":53.0,"key":"REST"}],"circlet_count":0,"master_deck":["AscendersBane","Defend_G","Defend_G","Defend_G","Defend_G","Survivor","Neutralize+1","Flying Knee+1","Deadly Poison","Catalyst+1","Crippling Poison+1","Noxious Fumes+1","Reflex+1","Night Terror+1","Tactician+1","PiercingWail","Wraith Form v2+1","Backflip","Acrobatics","Escape Plan","Corpse Explosion","Acrobatics"],"relics":["Ring of the Snake","HornCleat","Pantograph","Tiny House","Lee\u0027s Waffle","Pear","Art of War","SlaversCollar","TwistedFunnel","Whetstone","Lizard Tail"],"acts_visited":["Exordium","TheCity","TheBeyond","TheEnding"],"potions_floor_usage":[56],"damage_taken":[{"damage":9.0,"enemies":"Small Slimes","floor":1.0,"turns":5.0},{"damage":2.0,"enemies":"Jaw Worm","floor":2.0,"turns":4.0},{"damage":1.0,"enemies":"Cultist","floor":3.0,"turns":3.0},{"damage":11.0,"enemies":"Gremlin Nob","floor":12.0,"turns":4.0},{"damage":0.0,"enemies":"Blue Slaver","floor":13.0,"turns":3.0},{"damage":0.0,"enemies":"2 Fungi Beasts","floor":14.0,"turns":3.0},{"damage":4.0,"enemies":"Hexaghost","floor":16.0,"turns":6.0},{"damage":7.0,"enemies":"3 Byrds","floor":18.0,"turns":4.0},{"damage":12.0,"enemies":"Spheric Guardian","floor":19.0,"turns":5.0},{"damage":23.0,"enemies":"Cultist and Chosen","floor":21.0,"turns":5.0},{"damage":38.0,"enemies":"3 Cultists","floor":24.0,"turns":7.0},{"damage":32.0,"enemies":"Centurion and Healer","floor":29.0,"turns":8.0},{"damage":5.0,"enemies":"Book of Stabbing","floor":31.0,"turns":2.0},{"damage":20.0,"enemies":"Champ","floor":33.0,"turns":4.0},{"damage":9.0,"enemies":"Orb Walker","floor":35.0,"turns":4.0},{"damage":4.0,"enemies":"3 Shapes","floor":36.0,"turns":7.0},{"damage":32.0,"enemies":"Jaw Worm Horde","floor":38.0,"turns":6.0},{"damage":20.0,"enemies":"Spire Growth","floor":39.0,"turns":5.0},{"damage":0.0,"enemies":"Giant Head","floor":40.0,"turns":4.0},{"damage":2.0,"enemies":"Transient","floor":41.0,"turns":6.0},{"damage":9.0,"enemies":"3 Darklings","floor":44.0,"turns":2.0},{"damage":0.0,"enemies":"Spire Growth","floor":45.0,"turns":5.0},{"damage":5.0,"enemies":"Maw","floor":46.0,"turns":7.0},{"damage":3.0,"enemies":"Jaw Worm Horde","floor":48.0,"turns":3.0},{"damage":12.0,"enemies":"Donu and Deca","floor":50.0,"turns":3.0},{"damage":71.0,"enemies":"Awakened One","floor":51.0,"turns":16.0},{"damage":10.0,"enemies":"Shield and Spear","floor":55.0,"turns":5.0},{"damage":132,"enemies":"The Heart","floor":56,"turns":6}],"seed_played":"7011489513524231597","potions_obtained":[{"floor":3.0,"key":"LiquidBronze"},{"floor":13.0,"key":"Dexterity Potion"},{"floor":16.0,"key":"Explosive Potion"},{"floor":24.0,"key":"GamblersBrew"},{"floor":29.0,"key":"Energy Potion"},{"floor":33.0,"key":"Fruit Juice"},{"floor":35.0,"key":"GamblersBrew"},{"floor":40.0,"key":"Swift Potion"},{"floor":41.0,"key":"CunningPotion"},{"floor":44.0,"key":"Regen Potion"},{"floor":48.0,"key":"Regen Potion"}],"is_trial":false,"path_per_floor":["M","M","M","?","$","R","?","R","T","$","?","E","M","M","R","B",null,"M","M","?","M","$","R","M","?","T","R","?","M","?","E","R","B",null,"M","M","$","M","M","E","M","R","T","M","M","M","R","M","R","B","B",null,"R","$","E","B"],"character_chosen":"THE_SILENT","items_purchased":["Crippling Poison","Noxious Fumes","Lee\u0027s Waffle","Acrobatics","TwistedFunnel","Ancient Potion","SpeedPotion"],"campfire_rested":2,"item_purchase_floors":[5,10,22,37,37,54,54],"current_hp_per_floor":[50,48,47,52,52,52,52,52,52,52,52,41,41,41,41,61,69,62,50,50,27,77,77,39,39,49,49,49,17,17,12,12,17,70,66,62,62,30,10,10,8,35,35,26,26,21,21,30,30,55,9,71,92,92,82,7,7],"gold":67,"neow_bonus":"TWO_FIFTY_GOLD","is_daily":false,"chose_seed":false,"campfire_upgraded":7,"win_rate":0.0,"timestamp":1610953139,"path_taken":["M","M","M","?","$","R","?","R","T","$","?","E","M","?","R","BOSS","M","?","?","M","$","R","M","?","T","R","?","?","?","E","R","BOSS","M","M","$","M","M","E","M","R","T","M","M","?","R","M","R","BOSS","BOSS","R","$","E","BOSS"],"items_purchased_type":["Card","Card","Relic","Card","Relic","Potion","Potion"],"build_version":"2020-12-22","purchased_purges":2,"victory":false,"max_hp_per_floor":[60,60,60,65,65,65,65,65,65,65,65,65,65,65,65,65,70,70,70,70,70,77,77,77,77,87,87,87,87,87,87,87,87,87,92,92,92,92,92,92,92,92,92,92,92,92,92,92,92,92,92,92,92,92,92,92,92],"card_choices":[{"not_picked":["Underhanded Strike","Skewer"],"picked":"Flying Knee","floor":1.0},{"not_picked":["Underhanded Strike","Flying Knee"],"picked":"Deadly Poison","floor":2.0},{"not_picked":["Setup","Reflex"],"picked":"Catalyst","floor":3.0},{"not_picked":["Deflect","Infinite Blades","Crippling Poison"],"picked":"SKIP","floor":12.0},{"not_picked":["Finisher","Dodge and Roll"],"picked":"Reflex","floor":13.0},{"not_picked":["Blade Dance","Dagger Throw","Accuracy"],"picked":"SKIP","floor":14.0},{"not_picked":["Malaise","After Image"],"picked":"Night Terror","floor":16.0},{"not_picked":["Backstab","Bane+1","Dagger Spray"],"picked":"SKIP","floor":18.0},{"not_picked":["Bane","Slice","Deadly Poison"],"picked":"SKIP","floor":19.0},{"not_picked":["Choke","Slice","Poisoned Stab"],"picked":"SKIP","floor":21.0},{"not_picked":["Outmaneuver","Bane","Terror"],"picked":"SKIP","floor":24.0},{"not_picked":["Blur","Bullet Time"],"picked":"Tactician","floor":29.0},{"not_picked":["Deflect","Blade Dance"],"picked":"PiercingWail","floor":31.0},{"not_picked":["Bullet Time","Glass Knife"],"picked":"Wraith Form v2","floor":33.0},{"not_picked":["Cloak And Dagger","Sucker Punch","Choke+1"],"picked":"SKIP","floor":35.0},{"not_picked":["Sucker Punch+1","Poisoned Stab"],"picked":"Backflip","floor":36.0},{"not_picked":["Tactician","Underhanded Strike"],"picked":"Escape Plan","floor":38.0},{"not_picked":["Flying Knee","Deadly Poison+1"],"picked":"Corpse Explosion","floor":39.0},{"not_picked":["Deflect","Quick Slash+1","Eviscerate"],"picked":"SKIP","floor":40.0},{"not_picked":["Sucker Punch","Eviscerate","Phantasmal Killer"],"picked":"SKIP","floor":41.0},{"not_picked":["Infinite Blades","Backflip","Deflect"],"picked":"SKIP","floor":44.0},{"not_picked":["Finisher","Deadly Poison","Poisoned Stab+1"],"picked":"SKIP","floor":45.0},{"not_picked":["Sucker Punch+1","Endless Agony","Slice"],"picked":"SKIP","floor":46.0},{"not_picked":["Bane","Poisoned Stab"],"picked":"Acrobatics","floor":48.0},{"not_picked":["Cloak And Dagger+1","Bane","Underhanded Strike"],"picked":"SKIP","floor":55.0}],"player_experience":1758206,"relics_obtained":[{"floor":9.0,"key":"HornCleat"},{"floor":12.0,"key":"Pantograph"},{"floor":26.0,"key":"Pear"},{"floor":31.0,"key":"Art of War"},{"floor":40.0,"key":"Whetstone"},{"floor":55.0,"key":"Lizard Tail"}],"event_choices":[{"damage_healed":0.0,"max_hp_gain":5.0,"max_hp_loss":0.0,"gold_gain":0.0,"event_name":"Big Fish","player_choice":"Donut","floor":4.0,"gold_loss":0.0,"damage_taken":0.0},{"cards_removed":["Strike_G"],"damage_healed":0.0,"max_hp_gain":0.0,"max_hp_loss":0.0,"gold_gain":0.0,"event_name":"Living Wall","player_choice":"Forget","floor":7.0,"gold_loss":0.0,"damage_taken":0.0},{"cards_removed":["Strike_G"],"damage_healed":0.0,"max_hp_gain":0.0,"max_hp_loss":0.0,"gold_gain":0.0,"event_name":"The Cleric","player_choice":"Card Removal","floor":11.0,"gold_loss":75.0,"damage_taken":0.0},{"cards_removed":["Strike_G"],"damage_healed":0.0,"max_hp_gain":0.0,"max_hp_loss":0.0,"gold_gain":0.0,"event_name":"Beggar","player_choice":"Gave Gold","floor":20.0,"gold_loss":75.0,"damage_taken":0.0},{"damage_healed":0.0,"max_hp_gain":0.0,"max_hp_loss":0.0,"gold_gain":100.0,"event_name":"The Joust","player_choice":"Bet on Murderer","floor":28.0,"gold_loss":50.0,"damage_taken":0.0},{"cards_removed":["Defend_G"],"damage_healed":0.0,"max_hp_gain":0.0,"max_hp_loss":0.0,"gold_gain":0.0,"event_name":"Bonfire Elementals","player_choice":"Offered Basic","floor":30.0,"gold_loss":0.0,"damage_taken":0.0}],"is_beta":false,"boss_relics":[{"not_picked":["Ectoplasm","Pandora\u0027s Box"],"picked":"Tiny House"},{"not_picked":["Empty Cage","WristBlade"],"picked":"SlaversCollar"}],"items_purged_floors":[5,10],"is_endless":false,"potions_floor_spawned":[3,13,14,16,19,24,29,33,35,40,41,44,45,48],"killed_by":"The Heart","ascension_level":20}}