{"host":"sc0o2qwpf9j16a4i","time":1610978840,"event":{"mods":["AchievementEnabler","BaseMod","BetterRewards","Block Reminder","Colored Map","Colored Powertips","Custom Start","Highlight Path","Minty Spire (QoL Compilation)","Relic Stats"],"gold_per_floor":[111,129,145,145,15,15,48,58,139,158,232,232,261,226,226,301,301,317,317,60,60,60,60,60],"floor_reached":23,"language":"ENG","playtime":702,"items_purged":["Defend_B","Gash"],"score":594,"play_id":"7b6481e9-01a4-411d-ae4b-2bd0797c0c99","local_time":"20210118160720","is_ascension_mode":true,"campfire_choices":[{"floor":6,"key":"REST"},{"floor":12,"key":"REST"},{"data":"Biased Cognition","floor":15,"key":"SMITH"}],"circlet_count":0,"master_deck":["AscendersBane","Strike_B","Strike_B","Strike_B","Strike_B","Defend_B","Defend_B","Defend_B","Zap","Dualcast","Leap","Biased Cognition+1","Steam","Coolheaded","Streamline","Sweeping Beam","Doom and Gloom","Rainbow","Biased Cognition","Hologram+1","Heatsinks","Rip and Tear","Cold Snap","Conserve Battery+1","Genetic Algorithm"],"relics":["Cracked Core","Calipers","Ice Cream","StrikeDummy","Happy Flower","Snecko Eye","Orrery"],"acts_visited":["Exordium","TheCity"],"potions_floor_usage":[7,13,16,23,23],"damage_taken":[{"damage":10,"enemies":"2 Louse","floor":1,"turns":3},{"damage":12,"enemies":"Jaw Worm","floor":2,"turns":3},{"damage":10,"enemies":"Small Slimes","floor":3,"turns":4},{"damage":10,"enemies":"3 Sentries","floor":7,"turns":6},{"damage":8,"enemies":"3 Louse","floor":8,"turns":4},{"damage":2,"enemies":"2 Fungi Beasts","floor":10,"turns":3},{"damage":12,"enemies":"Lagavulin","floor":13,"turns":6},{"damage":19,"enemies":"Slime Boss","floor":16,"turns":8},{"damage":13,"enemies":"Shell Parasite","floor":18,"turns":4},{"damage":51,"enemies":"Book of Stabbing","floor":23,"turns":6}],"seed_played":"-3562054226995911050","potions_obtained":[{"floor":1,"key":"BlessingOfTheForge"},{"floor":2,"key":"SpeedPotion"},{"floor":8,"key":"Ancient Potion"},{"floor":16,"key":"FocusPotion"},{"floor":18,"key":"DuplicationPotion"}],"is_trial":false,"path_per_floor":["M","M","M","?","$","R","E","M","T","M","?","R","E","?","R","B",null,"M","?","$","?","?","E"],"character_chosen":"DEFECT","items_purchased":["Calipers","Leap","Biased Cognition","Gash","Coolheaded","Explosive Potion","Streamline","Orrery"],"campfire_rested":2,"item_purchase_floors":[0,0,0,0,5,5,5,20],"current_hp_per_floor":[28,16,6,29,29,50,40,32,32,30,30,51,39,56,56,37,63,50,50,50,50,50,0,0],"gold":60,"neow_bonus":"","is_daily":false,"chose_seed":false,"campfire_upgraded":1,"win_rate":0.0,"timestamp":1610978840,"path_taken":["M","M","M","?","?","R","E","M","T","M","?","R","E","?","R","BOSS","M","?","$","?","?","E"],"items_purchased_type":["Relic","Card","Card","Card","Card","Potion","Card","Relic"],"build_version":"2020-12-22","purchased_purges":2,"victory":false,"max_hp_per_floor":[71,71,71,71,71,71,71,71,71,71,71,71,71,71,71,71,71,71,71,71,71,71,71,71],"relic_stats":{"Happy Flower":[84],"counters":[90,407],"Snecko Eye":[15,15,27,16],"obtain_stats":[{"Ice Cream":0,"Calipers":0,"Gremlin Horn":9,"CeramicFish":9,"Ginger":11,"Old Coin":14,"Sozu":17,"MealTicket":11,"Philosopher\u0027s Stone":17,"Kunai":24,"Pear":9,"Happy Flower":13,"Astrolabe":17,"Pen Nib":19,"Letter Opener":0,"Question Card":20,"Cables":9,"WarpedTongs":21,"Du-Vu Doll":7,"OrangePellets":0,"SlaversCollar":17,"Shuriken":0,"Bronze Scales":7,"Snecko Eye":17,"Symbiotic Virus":9,"StrikeDummy":9,"Pocketwatch":12,"Darkstone Periapt":7,"Lantern":0,"Regal Pillow":0,"Juzu Bracelet":26,"Smiling Mask":10,"Matryoshka":6,"Gambling Chip":0,"Cracked Core":0,"Golden Idol":10,"PreservedInsect":13,"Omamori":7,"Orichalcum":19,"Frozen Egg 2":0,"Anchor":12,"Busted Crown":17,"Ornamental Fan":9,"Orrery":20,"Turnip":14,"Art of War":12,"Membership Card":0,"FossilizedHelix":0,"Toy Ornithopter":0},{"Ice Cream":0,"Calipers":80,"Gremlin Horn":38,"CeramicFish":19,"Ginger":27,"Old Coin":21,"Sozu":9,"MealTicket":7,"Philosopher\u0027s Stone":30,"Kunai":13,"Pear":71,"Happy Flower":87,"Astrolabe":22,"Pen Nib":63,"Letter Opener":34,"Question Card":32,"Cables":6,"WarpedTongs":64,"Du-Vu Doll":71,"OrangePellets":34,"SlaversCollar":62,"Shuriken":46,"Bronze Scales":19,"Snecko Eye":88,"Symbiotic Virus":58,"StrikeDummy":85,"Pocketwatch":60,"Darkstone Periapt":38,"Lantern":15,"Regal Pillow":15,"Juzu Bracelet":14,"Smiling Mask":59,"Matryoshka":50,"Gambling Chip":24,"Cracked Core":0,"Golden Idol":26,"PreservedInsect":73,"Omamori":5,"Orichalcum":43,"Frozen Egg 2":46,"Anchor":73,"Busted Crown":75,"Ornamental Fan":51,"Orrery":89,"Turnip":61,"Art of War":20,"Membership Card":24,"FossilizedHelix":24,"Toy Ornithopter":54},{"Ice Cream":0,"Calipers":360,"Gremlin Horn":171,"CeramicFish":83,"Ginger":117,"Old Coin":91,"Sozu":36,"MealTicket":26,"Philosopher\u0027s Stone":134,"Kunai":59,"Pear":319,"Happy Flower":389,"Astrolabe":98,"Pen Nib":285,"Letter Opener":154,"Question Card":144,"Cables":21,"WarpedTongs":288,"Du-Vu Doll":319,"OrangePellets":154,"SlaversCollar":281,"Shuriken":214,"Bronze Scales":83,"Snecko Eye":397,"Symbiotic Virus":257,"StrikeDummy":380,"Pocketwatch":266,"Darkstone Periapt":171,"Lantern":67,"Regal Pillow":67,"Juzu Bracelet":66,"Smiling Mask":262,"Matryoshka":228,"Gambling Chip":102,"Cracked Core":0,"Golden Idol":109,"PreservedInsect":327,"Omamori":19,"Orichalcum":200,"Frozen Egg 2":214,"Anchor":327,"Busted Crown":335,"Ornamental Fan":231,"Orrery":401,"Turnip":271,"Art of War":86,"Membership Card":102,"FossilizedHelix":102,"Toy Ornithopter":243}]},"card_choices":[{"not_picked":["BootSequence","Beam Cell"],"picked":"Gash","floor":1},{"not_picked":["Recycle","Turbo"],"picked":"Steam","floor":2},{"not_picked":["Stack","Steam Power"],"picked":"Gash","floor":3},{"not_picked":["Skim","Tempest"],"picked":"Sweeping Beam","floor":7},{"not_picked":["Amplify","Steam"],"picked":"Doom and Gloom","floor":8},{"not_picked":["Static Discharge","Turbo","Redo"],"picked":"SKIP","floor":10},{"not_picked":["Hyperbeam","Steam"],"picked":"Rainbow","floor":13},{"not_picked":["Amplify","Hyperbeam"],"picked":"Biased Cognition","floor":16},{"not_picked":["Hello World","Chill"],"picked":"Hologram+1","floor":18},{"not_picked":["Ball Lightning","Barrage"],"picked":"Cold Snap","floor":20},{"not_picked":["Turbo","Redo"],"picked":"Conserve Battery+1","floor":20},{"not_picked":["Go for the Eyes+1","Sweeping Beam"],"picked":"Genetic Algorithm","floor":20}],"player_experience":718089,"relics_obtained":[{"floor":7,"key":"Ice Cream"},{"floor":9,"key":"StrikeDummy"},{"floor":13,"key":"Happy Flower"}],"event_choices":[{"damage_healed":23,"gold_gain":0,"player_choice":"Banana","damage_taken":0,"max_hp_gain":0,"max_hp_loss":0,"event_name":"Big Fish","floor":4,"gold_loss":0},{"damage_healed":0,"gold_gain":74,"player_choice":"Gained Gold","damage_taken":0,"max_hp_gain":0,"max_hp_loss":0,"event_name":"Golden Wing","floor":11,"gold_loss":0},{"damage_healed":17,"gold_gain":0,"player_choice":"Healed","damage_taken":0,"max_hp_gain":0,"max_hp_loss":0,"event_name":"The Cleric","floor":14,"gold_loss":35},{"damage_healed":0,"gold_gain":0,"cards_transformed":["Gash","Gash"],"player_choice":"Became Test Subject","damage_taken":0,"max_hp_gain":0,"max_hp_loss":0,"event_name":"Drug Dealer","floor":19,"gold_loss":0,"cards_obtained":["Heatsinks","Rip and Tear"]},{"damage_healed":0,"gold_gain":0,"player_choice":"Ignored","damage_taken":0,"max_hp_gain":0,"max_hp_loss":0,"event_name":"Vampires","floor":21,"gold_loss":0},{"damage_healed":0,"gold_gain":0,"player_choice":"Ignored","damage_taken":0,"max_hp_gain":0,"max_hp_loss":0,"event_name":"The Mausoleum","floor":22,"gold_loss":0}],"is_beta":false,"boss_relics":[{"not_picked":["SacredBark","Coffee Dripper"],"picked":"Snecko Eye"}],"items_purged_floors":[0,20],"is_endless":false,"potions_floor_spawned":[1,2,8,10,16,18],"killed_by":"Book of Stabbing","ascension_level":20}}