{"host":"6bsan6hkua32tfq7","time":1610949093,"event":{"mods":["BaseMod","Better Third Choice","Colored Map","Highlight Path","Minty Spire (QoL Compilation)","StSLib"],"gold_per_floor":[119,119,119,135,135,168,184,217,217,236,236,255,255,255,255,346,346,369,349,113,13,13,13,13,28,55,55,88,109,109,150,150,243,243,268,268,284,305,321,321,352,372,397,397,755,832,857,878,878,878,878,878,878,174,209,209],"floor_reached":57,"language":"ENG","playtime":3839,"items_purged":["Strike_B","Strike_B","Zap"],"score":2760,"play_id":"7cda7d7a-74e4-44cc-8e95-9779f543ef13","local_time":"20210118065133","is_ascension_mode":true,"campfire_choices":[{"data":"Genetic Algorithm","floor":11,"key":"SMITH"},{"floor":13,"key":"REST"},{"data":"Defragment","floor":15,"key":"SMITH"},{"data":"Genetic Algorithm","floor":23,"key":"SMITH"},{"data":"Melter","floor":27,"key":"SMITH"},{"floor":30,"key":"REST"},{"floor":32,"key":"REST"},{"floor":40,"key":"RECALL"},{"floor":44,"key":"REST"},{"floor":49,"key":"REST"},{"data":"Blizzard","floor":53,"key":"SMITH"}],"circlet_count":0,"master_deck":["AscendersBane","Strike_B","Defend_B+1","Defend_B+1","Dualcast","Glacier","Barrage","Melter+1","Genetic Algorithm+1","Glacier+1","Defragment+1","Echo Form","Streamline+1","Genetic Algorithm+1","Electrodynamics","Chaos","Coolheaded+1","Blizzard+1","Hologram+1","Defragment","Loop"],"relics":["Cracked Core","NeowsBlessing","Pantograph","Shuriken","Cables","Golden Idol","Snecko Eye","Bag of Marbles","Dream Catcher","Ornamental Fan","Tiny Chest","SlaversCollar","Art of War","Old Coin","Pear","Bag of Preparation","Letter Opener","Happy Flower"],"acts_visited":["Exordium","TheCity","TheBeyond","TheEnding"],"potions_floor_usage":[8,8,12,16,33,41,56,56],"damage_taken":[{"damage":0,"enemies":"Jaw Worm","floor":1,"turns":1},{"damage":0,"enemies":"Cultist","floor":4,"turns":1},{"damage":0,"enemies":"Gremlin Nob","floor":6,"turns":1},{"damage":0,"enemies":"Small Slimes","floor":7,"turns":2},{"damage":19,"enemies":"Lagavulin","floor":8,"turns":8},{"damage":0,"enemies":"2 Fungi Beasts","floor":10,"turns":4},{"damage":13,"enemies":"Exordium Thugs","floor":12,"turns":4},{"damage":6,"enemies":"Slime Boss","floor":16,"turns":10},{"damage":0,"enemies":"Spheric Guardian","floor":18,"turns":1},{"damage":7,"enemies":"3 Byrds","floor":25,"turns":7},{"damage":4,"enemies":"Book of Stabbing","floor":28,"turns":5},{"damage":6,"enemies":"Cultist and Chosen","floor":29,"turns":7},{"damage":39,"enemies":"Slavers","floor":31,"turns":7},{"damage":6,"enemies":"Automaton","floor":33,"turns":14},{"damage":3,"enemies":"Orb Walker","floor":35,"turns":5},{"damage":0,"enemies":"3 Shapes","floor":37,"turns":4},{"damage":0,"enemies":"3 Darklings","floor":38,"turns":8},{"damage":0,"enemies":"4 Shapes","floor":39,"turns":4},{"damage":0,"enemies":"Giant Head","floor":41,"turns":12},{"damage":25,"enemies":"Spire Growth","floor":42,"turns":9},{"damage":46,"enemies":"2 Orb Walkers","floor":45,"turns":4},{"damage":0,"enemies":"Jaw Worm Horde","floor":47,"turns":6},{"damage":12,"enemies":"Writhing Mass","floor":48,"turns":12},{"damage":16,"enemies":"Awakened One","floor":50,"turns":18},{"damage":13,"enemies":"Time Eater","floor":51,"turns":14},{"damage":27,"enemies":"Shield and Spear","floor":55,"turns":8},{"damage":46,"enemies":"The Heart","floor":56,"turns":13}],"seed_played":"282330312899818047","potions_obtained":[{"floor":1,"key":"Strength Potion"},{"floor":4,"key":"PowerPotion"},{"floor":8,"key":"SteroidPotion"},{"floor":10,"key":"Fire Potion"},{"floor":12,"key":"PowerPotion"},{"floor":18,"key":"SpeedPotion"},{"floor":19,"key":"LiquidMemories"},{"floor":29,"key":"FearPotion"},{"floor":35,"key":"FocusPotion"},{"floor":42,"key":"LiquidBronze"},{"floor":45,"key":"LiquidMemories"}],"is_trial":false,"path_per_floor":["M","?","?","M","?","E","M","E","T","M","R","M","R","?","R","B",null,"M","?","$","$","?","R","?","M","T","R","E","M","R","E","R","B",null,"M","?","M","M","M","R","E","M","T","R","?","T","M","M","R","B","B",null,"R","$","E","B",null],"character_chosen":"DEFECT","items_purchased":["Bag of Marbles","Bag of Preparation","Defragment","Letter Opener","BlessingOfTheForge"],"campfire_rested":5,"item_purchase_floors":[20,54,54,54,54],"current_hp_per_floor":[64,43,36,36,36,36,36,17,17,17,17,4,25,25,25,44,59,59,59,59,59,59,59,59,52,52,52,48,42,61,22,41,58,63,60,60,60,60,60,60,60,35,35,54,8,18,18,6,28,37,49,68,68,68,41,20],"gold":209,"neow_bonus":"THREE_ENEMY_KILL","is_daily":false,"chose_seed":false,"campfire_upgraded":5,"win_rate":0.0,"timestamp":1610949093,"path_taken":["M","?","?","M","?","E","?","E","T","M","R","M","R","?","R","BOSS","M","?","?","$","?","R","?","M","T","R","E","?","R","E","R","BOSS","M","?","M","M","?","R","E","M","T","R","?","?","?","M","R","BOSS","BOSS","R","$","E","BOSS"],"items_purchased_type":["Relic","Relic","Card","Relic","Potion"],"build_version":"2020-12-22","purchased_purges":3,"victory":true,"max_hp_per_floor":[71,71,71,71,71,71,71,71,71,71,71,71,71,64,64,64,64,64,64,64,64,64,64,64,64,64,64,64,64,64,64,64,64,64,64,64,64,64,64,64,64,64,64,64,64,74,74,74,74,74,74,74,74,74,74,74],"card_choices":[{"not_picked":["Fusion","Reprogram"],"picked":"Glacier","floor":1},{"not_picked":["Force Field","Double Energy","Barrage"],"picked":"SKIP","floor":4},{"not_picked":["Force Field","Double Energy"],"picked":"Barrage","floor":4},{"not_picked":["Auto Shields","Streamline"],"picked":"Melter","floor":6},{"not_picked":["Coolheaded","Stack"],"picked":"Genetic Algorithm","floor":7},{"not_picked":["Chill","Rebound","Multi-Cast"],"picked":"SKIP","floor":8},{"not_picked":["Auto Shields","Heatsinks"],"picked":"Glacier","floor":10},{"not_picked":["Steam","Barrage"],"picked":"Defragment","floor":12},{"not_picked":["Reboot","Thunder Strike"],"picked":"Echo Form","floor":16},{"not_picked":["Leap","Hello World"],"picked":"Streamline+1","floor":18},{"not_picked":["Undo","Rebound","Beam Cell"],"picked":"SKIP","floor":25},{"not_picked":["Scrape","Steam","Cold Snap"],"picked":"SKIP","floor":28},{"not_picked":["Stack","All For One","Reprogram"],"picked":"SKIP","floor":29},{"not_picked":["Stack","All For One","Reprogram"],"picked":"SKIP","floor":29},{"not_picked":["Beam Cell","Turbo","Multi-Cast"],"picked":"SKIP","floor":31},{"not_picked":["Rainbow","Thunder Strike"],"picked":"Electrodynamics","floor":33},{"not_picked":["Consume+1","FTL","Compile Driver+1"],"picked":"SKIP","floor":35},{"not_picked":["Darkness","Scrape","Skim"],"picked":"SKIP","floor":37},{"not_picked":["Leap","Gash","Reprogram"],"picked":"SKIP","floor":38},{"not_picked":["Auto Shields+1","Leap"],"picked":"Coolheaded+1","floor":39},{"not_picked":["Turbo","Aggregate","Go for the Eyes"],"picked":"SKIP","floor":41},{"not_picked":["Streamline","Darkness"],"picked":"Blizzard","floor":42},{"not_picked":["Gash","Conserve Battery"],"picked":"Hologram+1","floor":47},{"not_picked":["Turbo","Melter","Streamline"],"picked":"SKIP","floor":48},{"not_picked":["Storm","Self Repair"],"picked":"Loop","floor":55}],"player_experience":5294019,"relics_obtained":[{"floor":6,"key":"Pantograph"},{"floor":8,"key":"Shuriken"},{"floor":9,"key":"Cables"},{"floor":26,"key":"Dream Catcher"},{"floor":28,"key":"Ornamental Fan"},{"floor":31,"key":"Tiny Chest"},{"floor":41,"key":"Art of War"},{"floor":45,"key":"Old Coin"},{"floor":46,"key":"Pear"},{"floor":55,"key":"Happy Flower"}],"event_choices":[{"damage_healed":64,"gold_gain":0,"player_choice":"Upgrade","damage_taken":21,"max_hp_gain":0,"max_hp_loss":71,"event_name":"betterThird:BetterShining","floor":2,"gold_loss":0,"cards_upgraded":["Defend_B","Defend_B"]},{"cards_removed":["Defend_B"],"damage_healed":0,"gold_gain":0,"player_choice":"Card Removal","damage_taken":7,"max_hp_gain":0,"max_hp_loss":0,"event_name":"Golden Wing","floor":3,"gold_loss":0},{"cards_removed":["Defend_B"],"damage_healed":0,"gold_gain":0,"player_choice":"Offered Basic","damage_taken":0,"max_hp_gain":0,"max_hp_loss":0,"event_name":"Bonfire Elementals","floor":5,"gold_loss":0},{"damage_healed":0,"gold_gain":0,"player_choice":"Lose Max HP","damage_taken":0,"relics_obtained":["Golden Idol"],"max_hp_gain":0,"max_hp_loss":7,"event_name":"Golden Idol","floor":14,"gold_loss":0},{"damage_healed":0,"gold_gain":0,"player_choice":"Bought 1 Potion","damage_taken":0,"max_hp_gain":0,"max_hp_loss":0,"event_name":"The Woman in Blue","floor":19,"gold_loss":0},{"damage_healed":0,"gold_gain":0,"player_choice":"Read","damage_taken":0,"max_hp_gain":0,"max_hp_loss":0,"event_name":"The Library","floor":22,"gold_loss":0,"cards_obtained":["Genetic Algorithm"]},{"damage_healed":0,"gold_gain":0,"player_choice":"Forge","damage_taken":0,"max_hp_gain":0,"max_hp_loss":0,"event_name":"Accursed Blacksmith","floor":24,"gold_loss":0,"cards_upgraded":["Glacier"]},{"damage_healed":0,"gold_gain":0,"cards_transformed":["Strike_B"],"player_choice":"Transformed","damage_taken":0,"max_hp_gain":0,"max_hp_loss":0,"event_name":"Transmorgrifier","floor":36,"gold_loss":0,"cards_obtained":["Chaos"]},{"damage_healed":0,"gold_gain":0,"player_choice":"Fight","damage_taken":0,"max_hp_gain":0,"max_hp_loss":0,"event_name":"Mysterious Sphere","floor":45,"gold_loss":0}],"is_beta":false,"boss_relics":[{"not_picked":["Sozu","Tiny House"],"picked":"Snecko Eye"},{"not_picked":["Coffee Dripper","Runic Dome"],"picked":"SlaversCollar"}],"items_purged_floors":[20,21,54],"is_endless":false,"potions_floor_spawned":[1,4,8,10,12,18,28,29,35,42,45,55],"ascension_level":20}}