{"host":"56d873i5r3uhle0q","time":1610946731,"event":{"mods":["100% Spire Juice","Act Like it!","Aspiration","BaseMod","Block Reminder","Conspire","Gensokyo","Hermit","Jedi Mod","Marisa????????","Marked Mod","Minty Spire (QoL Compilation)","Replay The Spire","StSLib","The Animator","The Bug Knight","The Cursed","The Jungle","The Marked","The Servant 0.9.4","everything is the same but u backflip on backflip","vexMod","??????REMEMod"],"gold_per_floor":[115,115,115,135,148,180,180,180,180,180,202,202,228,228,228,341,341,367,367,367,367,367,201,201,284,284,311,341,341,360,394,394,507,507,539,464,464,464,306,306,121,154,154,29,74,315,315,315,315,343],"floor_reached":51,"language":"ENG","playtime":2978,"items_purged":["TheCursedMod:Strike_TheCursed","TheCursedMod:Defend_TheCursed","TheCursedMod:Strike_TheCursed"],"score":743,"play_id":"a2bef311-24ee-4f28-9831-4be1e4fc75d9","local_time":"20210117221211","is_ascension_mode":false,"campfire_choices":[{"floor":7.0,"key":"REST"},{"floor":10.0,"key":"REST"},{"floor":12.0,"key":"REST"},{"data":"TheCursedMod:CircleOfWindfury","floor":15.0,"key":"SMITH"},{"data":"TheCursedMod:Grudge","floor":32.0,"key":"SMITH"},{"floor":40.0,"key":"RECALL"},{"floor":47,"key":"REST"}],"circlet_count":0,"master_deck":["TheCursedMod:Strike_TheCursed","TheCursedMod:Defend_TheCursed","TheCursedMod:CleanUpWorkshop","TheCursedMod:Dregs","TheCursedMod:CursedRelics+1","TheCursedMod:CircleOfWindfury+1","TheCursedMod:SpitefulStrike","TheCursedMod:Grudge+1","TheCursedMod:CircleOfAbyss+1","TheCursedMod:Stretching+1","TheCursedMod:SurpriseAttack","Finesse","TheCursedMod:CircleOfWindfury","Voices","TheCursedMod:StingEye","Gensokyo:AllTheWorldsEvil","TheCursedMod:ReleasedKnowledge","TheCursedMod:CircleOfFlame","Flash of Steel","TheCursedMod:OutForBlood"],"relics":["TheCursedMod:BlackMagic101","REME_ComplimentaryCards","NeowsBlessing","Gensokyo:Mercy","Gensokyo:LunaticRedEyes","Replay:Bandana","Replay:PocketPolymizer","REME_DuelDisc","Ring of Fury","ReplayTheSpireMod:CursedCoin","Bottled Lightning","TheCursedMod:FourLeafCloverCharm","REME_LimitBreaker","conspire:Flyswatter","Replay:Multitool","TheCursedMod:CrystalBall"],"acts_visited":["Gensokyo:Gensokyo","Gensokyo:Gensokyoer","Gensokyo:Gensokyoest"],"potions_floor_usage":[],"damage_taken":[{"damage":0.0,"enemies":"Gensokyo:2_Kodama","floor":1.0,"turns":1.0},{"damage":2.0,"enemies":"Gensokyo:3_Fairies","floor":4.0,"turns":2.0},{"damage":0.0,"enemies":"Gensokyo:Gryphon","floor":5.0,"turns":1.0},{"damage":70.0,"enemies":"Gensokyo:Mamizou","floor":6.0,"turns":12.0},{"damage":1.0,"enemies":"Gensokyo:LivingMonolith","floor":11.0,"turns":3.0},{"damage":5.0,"enemies":"Gensokyo:5_Fairies","floor":13.0,"turns":6.0},{"damage":43.0,"enemies":"Gensokyo:Kokoro","floor":16.0,"turns":13.0},{"damage":3.0,"enemies":"Gensokyo:2_Gloops","floor":18.0,"turns":5.0},{"damage":0.0,"enemies":"Gensokyo:Chomper","floor":27.0,"turns":2.0},{"damage":0.0,"enemies":"Gensokyo:Wraith","floor":28.0,"turns":3.0},{"damage":0.0,"enemies":"Gensokyo:Swordslinger","floor":30.0,"turns":5.0},{"damage":0.0,"enemies":"Gensokyo:3_Gloops","floor":31.0,"turns":4.0},{"damage":10.0,"enemies":"Gensokyo:Eiki","floor":33.0,"turns":6.0},{"damage":17.0,"enemies":"Gensokyo:AncientGuardian","floor":35.0,"turns":4.0},{"damage":0.0,"enemies":"Gensokyo:3_Bats","floor":42.0,"turns":3.0},{"damage":0,"enemies":"Gensokyo:Sharpion","floor":45,"turns":2},{"damage":22,"enemies":"Gensokyo:3_Boulders","floor":46,"turns":4},{"damage":0,"enemies":"Gensokyo:Shinki","floor":50,"turns":6}],"seed_played":"-7376834678978775518","potions_obtained":[{"floor":5.0,"key":"LifebloodPotion"},{"floor":6.0,"key":"BlessingOfTheForge"},{"floor":11.0,"key":"jedi:mysterypotion"},{"floor":27.0,"key":"Fire Potion"}],"is_trial":false,"path_per_floor":["M","?","?","M","M","E","R","?","T","R","M","R","M","$","R","B",null,"M","?","?","$","?","$","?","$","T","M","M","?","M","M","R","B",null,"M","$","?","?","COS","R","$","M","T","$","M","M","R","?","R","B",null],"character_chosen":"THE_CURSED","items_purchased":["Finesse","TheCursedMod:CircleOfWindfury","TheCursedMod:StingEye","ReplayTheSpireMod:CursedCoin","Flash of Steel"],"campfire_rested":4,"item_purchase_floors":[23,23,25,25,41],"current_hp_per_floor":[75,75,75,73,73,3,25,25,25,47,46,68,63,63,63,20,75,72,72,72,72,72,72,72,72,72,72,72,72,72,72,72,62,75,58,58,58,58,58,58,58,58,58,58,60,42,64,34,56,56],"gold":343,"neow_bonus":"THREE_ENEMY_KILL","is_daily":false,"chose_seed":false,"campfire_upgraded":2,"win_rate":0.0,"timestamp":1610946731,"path_taken":["M","?","?","?","?","E","R","?","T","R","M","R","M","$","R","BOSS","M","?","?","$","?","?","?","?","T","M","?","?","?","M","R","BOSS","M","$","?","?","COS","R","?","?","T","?","M","M","R","?","R","BOSS"],"items_purchased_type":["Card","Card","Card","Relic","Card"],"build_version":"2020-12-22","purchased_purges":3,"victory":true,"max_hp_per_floor":[75,75,75,75,75,75,75,75,75,75,75,75,75,75,75,75,75,75,75,75,75,75,75,75,75,75,75,75,75,75,75,75,75,75,75,75,75,75,75,75,75,75,75,75,75,75,75,75,75,75],"card_choices":[{"not_picked":["TheCursedMod:CircleOfFlame","TheCursedMod:TacticalStrike","TheCursedMod:Torture"],"picked":"SKIP","floor":1.0},{"not_picked":["TheCursedMod:TroublousMinions","TheCursedMod:CircleOfFlame","TheCursedMod:Wield"],"picked":"SKIP","floor":4.0},{"not_picked":["TheCursedMod:CursedMace","TheCursedMod:Torture","TheCursedMod:WearCloak"],"picked":"SKIP","floor":5.0},{"not_picked":["TheCursedMod:ReleasedKnowledge","TheCursedMod:CursedShiv"],"picked":"TheCursedMod:CursedRelics","floor":6.0},{"not_picked":["TheCursedMod:Stretching","TheCursedMod:ReleasedKnowledge"],"picked":"TheCursedMod:CircleOfWindfury","floor":11.0},{"not_picked":["TheCursedMod:VitalStrike","TheCursedMod:CursedAmulet","TheCursedMod:TacticalStrike"],"picked":"SKIP","floor":13.0},{"not_picked":["TheCursedMod:NeowsMight","TheCursedMod:DemonicPact"],"picked":"TheCursedMod:CircleOfAbyss","floor":16.0},{"not_picked":["TheCursedMod:CircleOfCorruption","TheCursedMod:Stigma"],"picked":"TheCursedMod:Stretching+1","floor":18.0},{"not_picked":["TheCursedMod:Wield","TheCursedMod:CursedShiv","TheCursedMod:SpitefulStrike"],"picked":"SKIP","floor":27.0},{"not_picked":["TheCursedMod:TacticalStrike","TheCursedMod:CursedShiv+1","TheCursedMod:SpitefulPlan"],"picked":"SKIP","floor":28.0},{"not_picked":["TheCursedMod:TacticalStrike","TheCursedMod:SoulReap","TheCursedMod:Torture"],"picked":"SKIP","floor":30.0},{"not_picked":["TheCursedMod:RapidMovement","TheCursedMod:EmpowerCircles+1","TheCursedMod:SurpriseAttack+1"],"picked":"SKIP","floor":31.0},{"not_picked":["TheCursedMod:CircleOfWindfury","TheCursedMod:FuryStrike+1"],"picked":"TheCursedMod:CircleOfFlame","floor":35.0},{"not_picked":["TheCursedMod:Torture+1","TheCursedMod:CursedMace+1","TheCursedMod:Stretching+1"],"picked":"SKIP","floor":42.0},{"not_picked":["TheCursedMod:SmokeScreen+1","TheCursedMod:RavingStaff+1","TheCursedMod:RapidMovement+1"],"picked":"SKIP","floor":45},{"not_picked":["TheCursedMod:RapidMovement","TheCursedMod:CursedShiv","TheCursedMod:CursedMace"],"picked":"SKIP","floor":46}],"player_experience":547192,"relics_obtained":[{"floor":6.0,"key":"Replay:Bandana"},{"floor":9.0,"key":"Replay:PocketPolymizer"},{"floor":24.0,"key":"Ring of Fury"},{"floor":43.0,"key":"REME_LimitBreaker"}],"event_choices":[{"damage_healed":0.0,"max_hp_gain":0.0,"max_hp_loss":0.0,"gold_gain":0.0,"event_name":"conspire:Investor","player_choice":"Leave","floor":19.0,"gold_loss":0.0,"damage_taken":0.0}],"is_beta":false,"boss_relics":[{"not_picked":["vexMod:NewClearReactor","vexMod:EndlessSickness"],"picked":"REME_DuelDisc"},{"not_picked":["vexMod:TanglingVine","Honey Jar"],"picked":"TheCursedMod:FourLeafCloverCharm"}],"items_purged_floors":[36,41,44],"is_endless":false,"potions_floor_spawned":[5,6,11,27,31,33,35,42],"ascension_level":0}}