{"host":"h4qgcirtxz6qax9j","time":1610981254,"event":{"mods":["AchievementEnabler","BaseMod","Colored Powertips","Hermit","Minty Spire (QoL Compilation)","StSLib","SuperFastMode","The Servant 0.9.4"],"gold_per_floor":[109,40,50,50,68,68,86,86,86,86,121,121,25,58,58,178,178,196,40,61,74,3,3,43,43,43],"floor_reached":25,"language":"KOR","playtime":653,"items_purged":[],"score":279,"play_id":"e2148c86-69af-49aa-bfb2-c2af2611399e","local_time":"20210118234734","is_ascension_mode":true,"campfire_choices":[{"data":"KidneyShot","floor":6.0,"key":"SMITH"},{"floor":8.0,"key":"REST"},{"floor":15.0,"key":"REST"},{"floor":23.0,"key":"REST"}],"circlet_count":0,"master_deck":["Strike_S","Strike_S","Strike_S","Strike_S","Defend_S","Defend_S","Defend_S","Defend_S","KidneyShot+1","Exchange","Potential","SurpressingFire","Comet","Starlight","Revamp+1","Rearm+1","InstantArmor+1","Ricochet","MurderousAura","Ricochet","Contraction+1","BottledTime+1","KillingDoll"],"relics":["Uniform","NeowsBlessing","Golden Idol","Toxic Egg 2","InkBottle","Pen Nib","StoneMask","Pan","Potion Belt"],"acts_visited":["Exordium","TheCity"],"potions_floor_usage":[],"damage_taken":[{"damage":0.0,"enemies":"2 Louse","floor":1.0,"turns":1.0},{"damage":0.0,"enemies":"Small Slimes","floor":3.0,"turns":1.0},{"damage":0.0,"enemies":"Cultist","floor":5.0,"turns":1.0},{"damage":29.0,"enemies":"Lots of Slimes","floor":7.0,"turns":4.0},{"damage":20.0,"enemies":"Lagavulin","floor":11.0,"turns":10.0},{"damage":0.0,"enemies":"Gremlin Nob","floor":14.0,"turns":4.0},{"damage":32.0,"enemies":"The Guardian","floor":16.0,"turns":11.0},{"damage":21.0,"enemies":"Spheric Guardian","floor":18.0,"turns":4.0},{"damage":5.0,"enemies":"Chosen","floor":20.0,"turns":5.0},{"damage":33.0,"enemies":"Snecko","floor":21.0,"turns":6.0},{"damage":36.0,"enemies":"Slavers","floor":24.0,"turns":5.0},{"damage":18,"enemies":"Shelled Parasite and Fungi","floor":25,"turns":2}],"seed_played":"1556771498190025594","potions_obtained":[{"floor":1.0,"key":"Strength Potion"},{"floor":12.0,"key":"BlessingOfTheForge"},{"floor":12.0,"key":"SpeedPotion"},{"floor":16.0,"key":"ColorlessPotion"},{"floor":20.0,"key":"DuplicationPotion"}],"is_trial":false,"path_per_floor":["M","$","M","?","M","R","M","R","T","?","E","?","$","E","R","B",null,"M","$","M","M","$","R","E","M"],"character_chosen":"THE_SERVANT","items_purchased":["SurpressingFire","Rearm+1","InstantArmor+1","Pan","KillingDoll"],"campfire_rested":3,"item_purchase_floors":[2,13,13,19,22],"current_hp_per_floor":[65,65,65,49,49,49,20,39,39,39,19,19,19,19,38,6,65,47,47,45,15,15,35,8,0,0],"gold":43,"neow_bonus":"THREE_ENEMY_KILL","is_daily":false,"chose_seed":false,"campfire_upgraded":1,"win_rate":0.0,"timestamp":1610981254,"path_taken":["M","$","M","?","M","R","M","R","T","?","E","?","$","E","R","BOSS","M","?","?","M","$","R","E","M"],"items_purchased_type":["Card","Card","Card","Relic","Card"],"build_version":"2020-12-22","purchased_purges":0,"victory":false,"max_hp_per_floor":[65,65,65,65,65,65,65,65,65,65,65,65,65,65,65,65,65,66,66,67,68,68,68,71,72,72],"card_choices":[{"not_picked":["DoubleEdge","Collapse"],"picked":"Potential","floor":1.0},{"not_picked":["Misdirection","Alleviate"],"picked":"Comet","floor":3.0},{"not_picked":["Replace","Deny"],"picked":"Starlight","floor":5.0},{"not_picked":["Revamp","Moondial","Collapse"],"picked":"SKIP","floor":7.0},{"not_picked":["WasteNot","Gouge"],"picked":"Revamp+1","floor":11.0},{"not_picked":["ShatteredReality","Alleviate+1"],"picked":"Ricochet","floor":14.0},{"not_picked":["PendulumOfEternity","Dilation+1"],"picked":"MurderousAura","floor":16.0},{"not_picked":["Barrier+1","Defy+1"],"picked":"Ricochet","floor":18.0},{"not_picked":["Spin","Sabotage"],"picked":"Contraction+1","floor":20.0},{"not_picked":["BestPractice","Defy+1"],"picked":"BottledTime+1","floor":21.0},{"not_picked":["MurderousAura","Initiator","WasteNot"],"picked":"SKIP","floor":24.0}],"player_experience":63811,"relics_obtained":[{"floor":9.0,"key":"Toxic Egg 2"},{"floor":11.0,"key":"InkBottle"},{"floor":14.0,"key":"Pen Nib"},{"floor":24.0,"key":"Potion Belt"}],"event_choices":[{"damage_healed":0.0,"max_hp_gain":0.0,"max_hp_loss":0.0,"gold_gain":0.0,"event_name":"Golden Idol","player_choice":"Take Damage","floor":4.0,"gold_loss":0.0,"damage_taken":16.0,"relics_obtained":["Golden Idol"]},{"damage_healed":0.0,"max_hp_gain":0.0,"max_hp_loss":0.0,"gold_gain":0.0,"event_name":"Liars Game","player_choice":"Ignored","floor":10.0,"gold_loss":0.0,"damage_taken":0.0},{"damage_healed":0.0,"max_hp_gain":0.0,"max_hp_loss":0.0,"gold_gain":0.0,"event_name":"Lab","player_choice":"Got Potions","floor":12.0,"gold_loss":0.0,"damage_taken":0.0}],"is_beta":false,"boss_relics":[{"not_picked":["SacredBark","SlaversCollar"],"picked":"StoneMask"}],"items_purged_floors":[],"is_endless":false,"potions_floor_spawned":[1,14,16,20],"killed_by":"Shelled Parasite and Fungi","ascension_level":2}}