{"host":"sav7uxregyirlf69","time":1610990163,"event":{"mods":["AchievementEnabler","BaseMod","Colored Map","DeckTracker","Keyboard Shortcuts","Minty Spire (QoL Compilation)","READ ME - Guardian Mod","StSLib","SuperFastMode"],"gold_per_floor":[118,130,149,224,278,278,298,326,408,408,427,186,186,197,197,270,270,287,298,70,70,70,70,100,118,141,175,62,62,62,81,81,158,158,173,173,173,184,203,238,73,84,84,102,131,131,146,164,164,164,164,164,164,14,47,47],"floor_reached":57,"language":"KOR","playtime":2429,"items_purged":["Strike_G","Strike_G","Strike_G","Defend_G"],"score":3108,"play_id":"0de5857a-ce4d-40e2-a142-7482a95dc570","local_time":"20210119021603","is_ascension_mode":true,"campfire_choices":[{"data":"Noxious Fumes","floor":6.0,"key":"SMITH"},{"floor":10.0,"key":"REST"},{"data":"Catalyst","floor":15.0,"key":"SMITH"},{"data":"Tactician","floor":23.0,"key":"SMITH"},{"data":"Well Laid Plans","floor":30.0,"key":"SMITH"},{"data":"Prepared","floor":32.0,"key":"SMITH"},{"floor":49.0,"key":"RECALL"},{"data":"Acrobatics","floor":53.0,"key":"SMITH"}],"circlet_count":0,"master_deck":["AscendersBane","Defend_G+1","Defend_G","Defend_G","Survivor","Neutralize","Blur+1","Noxious Fumes+1","Leg Sweep","Well Laid Plans+1","Reflex","Noxious Fumes+1","Footwork+1","Catalyst+1","Backflip","Malaise","Deadly Poison","Tactician+1","Prepared+1","Footwork+1","Ghostly","Ghostly","Ghostly","Backflip+1","Reflex","After Image+1","Flash of Steel","Prepared+1","Acrobatics+1"],"relics":["Ring of the Snake","MealTicket","Regal Pillow","Frozen Egg 2","HoveringKite","White Beast Statue","MawBank","Cursed Key","Shovel","Bag of Preparation","Orichalcum","StrikeDummy"],"acts_visited":["Exordium","TheCity","TheBeyond","TheEnding"],"potions_floor_usage":[56],"damage_taken":[{"damage":1.0,"enemies":"2 Louse","floor":1.0,"turns":3.0},{"damage":1.0,"enemies":"Jaw Worm","floor":2.0,"turns":6.0},{"damage":2.0,"enemies":"Cultist","floor":3.0,"turns":5.0},{"damage":19.0,"enemies":"Exordium Thugs","floor":7.0,"turns":6.0},{"damage":8.0,"enemies":"Lagavulin","floor":8.0,"turns":9.0},{"damage":0.0,"enemies":"2 Fungi Beasts","floor":11.0,"turns":5.0},{"damage":5.0,"enemies":"Exordium Wildlife","floor":14.0,"turns":5.0},{"damage":9.0,"enemies":"The Guardian","floor":16.0,"turns":8.0},{"damage":2.0,"enemies":"Spheric Guardian","floor":18.0,"turns":5.0},{"damage":0.0,"enemies":"Shell Parasite","floor":19.0,"turns":6.0},{"damage":6.0,"enemies":"Gremlin Leader","floor":24.0,"turns":6.0},{"damage":0.0,"enemies":"Snake Plant","floor":25.0,"turns":6.0},{"damage":8.0,"enemies":"Slavers","floor":27.0,"turns":8.0},{"damage":1.0,"enemies":"Centurion and Healer","floor":31.0,"turns":8.0},{"damage":5.0,"enemies":"Collector","floor":33.0,"turns":8.0},{"damage":0.0,"enemies":"3 Darklings","floor":35.0,"turns":5.0},{"damage":9.0,"enemies":"Orb Walker","floor":38.0,"turns":6.0},{"damage":0.0,"enemies":"Spire Growth","floor":39.0,"turns":7.0},{"damage":0.0,"enemies":"Giant Head","floor":40.0,"turns":9.0},{"damage":0.0,"enemies":"Transient","floor":42.0,"turns":6.0},{"damage":0.0,"enemies":"3 Darklings","floor":44.0,"turns":6.0},{"damage":0.0,"enemies":"Nemesis","floor":45.0,"turns":9.0},{"damage":0.0,"enemies":"Maw","floor":47.0,"turns":7.0},{"damage":0.0,"enemies":"Writhing Mass","floor":48.0,"turns":7.0},{"damage":0.0,"enemies":"Donu and Deca","floor":50.0,"turns":12.0},{"damage":0.0,"enemies":"Time Eater","floor":51.0,"turns":10.0},{"damage":0.0,"enemies":"Shield and Spear","floor":55.0,"turns":10.0},{"damage":3,"enemies":"The Heart","floor":56,"turns":14}],"seed_played":"-2974495092546756279","potions_obtained":[{"floor":1.0,"key":"LiquidBronze"},{"floor":7.0,"key":"Fire Potion"},{"floor":8.0,"key":"Strength Potion"},{"floor":19.0,"key":"SkillPotion"},{"floor":24.0,"key":"GamblersBrew"},{"floor":27.0,"key":"Swift Potion"},{"floor":33.0,"key":"SteroidPotion"},{"floor":35.0,"key":"GhostInAJar"},{"floor":40.0,"key":"Block Potion"},{"floor":45.0,"key":"Weak Potion"},{"floor":47.0,"key":"Swift Potion"}],"is_trial":false,"path_per_floor":["M","M","M","?","T","R","M","E","T","R","M","$","?","M","R","B",null,"M","M","$","?","?","R","E","M","T","E","$","?","R","M","R","B",null,"M","?","?","M","M","E","$","M","T","M","E","?","M","M","R","B","B",null,"R","$","E","B",null],"character_chosen":"THE_SILENT","items_purchased":["Footwork+1","Catalyst","Prepared","Footwork+1","Bag of Preparation"],"campfire_rested":1,"item_purchase_floors":[12,12,20,20,41],"current_hp_per_floor":[43,42,40,29,29,29,10,2,2,36,36,51,31,26,26,17,54,52,52,66,66,33,33,27,27,27,19,33,33,33,32,32,27,32,32,32,22,13,13,13,28,28,28,28,28,28,28,28,28,28,28,32,32,33,33,30],"gold":47,"neow_bonus":"REMOVE_TWO","is_daily":false,"chose_seed":false,"campfire_upgraded":6,"win_rate":0.0,"timestamp":1610990163,"path_taken":["M","M","M","?","?","R","?","E","T","R","M","$","?","M","R","BOSS","M","M","$","?","?","R","E","?","T","E","$","?","R","M","R","BOSS","M","?","?","M","M","E","$","M","T","M","E","?","M","M","R","BOSS","BOSS","R","$","E","BOSS"],"items_purchased_type":["Card","Card","Card","Card","Relic"],"build_version":"2020-12-22","purchased_purges":4,"victory":true,"max_hp_per_floor":[66,66,66,66,66,66,66,66,66,66,66,66,66,66,66,66,66,66,66,66,66,33,33,33,33,33,33,33,33,33,33,33,33,33,33,33,33,33,33,33,33,33,33,33,33,33,33,33,33,33,33,33,33,33,33,33],"card_choices":[{"not_picked":["Escape Plan","Deflect"],"picked":"Blur","floor":1.0},{"not_picked":["Blade Dance","Leg Sweep"],"picked":"Noxious Fumes","floor":2.0},{"not_picked":["Blade Dance","All Out Attack"],"picked":"Leg Sweep","floor":3.0},{"not_picked":["Finisher","Setup"],"picked":"Well Laid Plans","floor":7.0},{"not_picked":["Backflip","Setup"],"picked":"Reflex","floor":8.0},{"not_picked":["Quick Slash","Backflip"],"picked":"Noxious Fumes+1","floor":11.0},{"not_picked":["Masterful Stab","Flying Knee"],"picked":"Backflip","floor":14.0},{"not_picked":["Envenom+1","Unload"],"picked":"Malaise","floor":16.0},{"not_picked":["Leg Sweep","PiercingWail+1"],"picked":"Deadly Poison","floor":18.0},{"not_picked":["Outmaneuver","Flying Knee"],"picked":"Tactician","floor":19.0},{"not_picked":["Terror","Distraction","Flying Knee+1"],"picked":"SKIP","floor":24.0},{"not_picked":["Endless Agony","Skewer"],"picked":"Backflip+1","floor":25.0},{"not_picked":["Expertise","Slice","Underhanded Strike"],"picked":"SKIP","floor":27.0},{"not_picked":["Concentrate","Acrobatics"],"picked":"Reflex","floor":31.0},{"not_picked":["Glass Knife","Envenom+1"],"picked":"After Image+1","floor":33.0},{"not_picked":["Endless Agony","Leg Sweep","Flying Knee"],"picked":"SKIP","floor":35.0},{"not_picked":["Metamorphosis","Forethought"],"picked":"Flash of Steel","floor":37.0},{"not_picked":["Expertise","Choke"],"picked":"Prepared+1","floor":38.0},{"not_picked":["PiercingWail","Finisher"],"picked":"Acrobatics","floor":39.0},{"not_picked":["Distraction","Slice","Corpse Explosion"],"picked":"SKIP","floor":40.0},{"not_picked":["Expertise","Deflect+1","Leg Sweep"],"picked":"SKIP","floor":42.0},{"not_picked":["Accuracy+1","Quick Slash","Deflect"],"picked":"SKIP","floor":44.0},{"not_picked":["Glass Knife","Infinite Blades+1","PiercingWail+1"],"picked":"SKIP","floor":45.0},{"not_picked":["Bane","Slice","Distraction"],"picked":"SKIP","floor":47.0},{"not_picked":["Dagger Throw","Dagger Spray","Bane"],"picked":"SKIP","floor":48.0},{"not_picked":["Dagger Spray","Infinite Blades+1","All Out Attack"],"picked":"SKIP","floor":55.0}],"player_experience":1315853,"relics_obtained":[{"floor":5.0,"key":"MealTicket"},{"floor":8.0,"key":"Regal Pillow"},{"floor":9.0,"key":"Frozen Egg 2"},{"floor":24.0,"key":"White Beast Statue"},{"floor":27.0,"key":"MawBank"},{"floor":40.0,"key":"Shovel"},{"floor":45.0,"key":"Orichalcum"},{"floor":55.0,"key":"StrikeDummy"}],"event_choices":[{"damage_healed":0.0,"max_hp_gain":0.0,"max_hp_loss":0.0,"gold_gain":75.0,"event_name":"World of Goop","player_choice":"Gather Gold","floor":4.0,"gold_loss":0.0,"damage_taken":11.0},{"damage_healed":0.0,"max_hp_gain":0.0,"max_hp_loss":0.0,"gold_gain":0.0,"event_name":"Shining Light","player_choice":"Entered Light","floor":13.0,"gold_loss":0.0,"damage_taken":20.0,"cards_upgraded":["Blur","Defend_G"]},{"damage_healed":0.0,"max_hp_gain":0.0,"max_hp_loss":0.0,"gold_gain":0.0,"event_name":"Vampires","player_choice":"Ignored","floor":21.0,"gold_loss":0.0,"damage_taken":0.0},{"damage_healed":0.0,"max_hp_gain":0.0,"max_hp_loss":33.0,"gold_gain":0.0,"event_name":"Ghosts","player_choice":"Became a Ghost","floor":22.0,"gold_loss":0.0,"damage_taken":0.0,"cards_obtained":["Ghostly","Ghostly","Ghostly"]},{"damage_healed":0.0,"max_hp_gain":0.0,"max_hp_loss":0.0,"gold_gain":0.0,"event_name":"Lab","player_choice":"Got Potions","floor":29.0,"gold_loss":0.0,"damage_taken":0.0},{"cards_removed":["Strike_G"],"damage_healed":0.0,"max_hp_gain":0.0,"max_hp_loss":0.0,"gold_gain":0.0,"event_name":"Falling","player_choice":"Removed Attack","floor":36.0,"gold_loss":0.0,"damage_taken":0.0},{"damage_healed":0.0,"max_hp_gain":0.0,"max_hp_loss":0.0,"gold_gain":0.0,"event_name":"SensoryStone","player_choice":"Memory 3","floor":37.0,"gold_loss":0.0,"damage_taken":10.0},{"damage_healed":0.0,"max_hp_gain":0.0,"max_hp_loss":0.0,"gold_gain":0.0,"event_name":"Mysterious Sphere","player_choice":"Ignored","floor":46.0,"gold_loss":0.0,"damage_taken":0.0}],"is_beta":false,"boss_relics":[{"not_picked":["Coffee Dripper","WristBlade"],"picked":"HoveringKite"},{"not_picked":["Ring of the Serpent","Philosopher\u0027s Stone"],"picked":"Cursed Key"}],"items_purged_floors":[12,20,28,54],"is_endless":false,"potions_floor_spawned":[1,7,8,11,19,24,25,27,31,33,35,38,39,40,42,44,45,47,48,55],"ascension_level":20}}