{"host":"cv77zuuuekizn3ic","time":1610960515,"event":{"mods":["AchievementEnabler","BaseMod","Downfall","Marisa£®ÏF”Í°°ƒß¿Ì…≥£©","Minty Spire (QoL Compilation)","StSLib"],"gold_per_floor":[99,119,119,132,146,56,56,5,5,5],"floor_reached":9,"language":"ZHS","playtime":653,"items_purged":["downfall:Aged"],"score":51,"play_id":"d79d2e37-81bf-411e-935e-77ac6a6345f8","local_time":"20210118170155","is_ascension_mode":false,"campfire_choices":[{"data":"bronze:MaxOutput","floor":1,"key":"SMITH"}],"circlet_count":0,"master_deck":["bronze:Strike","bronze:Strike","bronze:Defend","bronze:Defend","bronze:Defend","bronze:Defend","bronze:Replicate","bronze:Goto","bronze:MaxOutput+1","bronze:FindAndReplace","bronze:Shell","bronze:MaxOutput+1","bronze:Shell","bronze:Shield","bronze:Turbo","bronze:Return","bronze:Repair"],"relics":["bronze:BronzeCore","Letter Opener"],"acts_visited":["Exordium"],"potions_floor_usage":[],"damage_taken":[{"damage":2,"enemies":"Small Slimes","floor":2,"turns":4},{"damage":0,"enemies":"Cultist","floor":4,"turns":5},{"damage":0,"enemies":"2 Louse","floor":5,"turns":2},{"damage":0,"enemies":"downfall:FleeingMerchant","floor":6,"turns":4},{"damage":0,"enemies":"downfall:FleeingMerchant","floor":8,"turns":4},{"damage":48,"enemies":"3 Sentries","floor":9,"turns":17}],"seed_played":"2349339182357901038","potions_obtained":[{"floor":5,"key":"PowerPotion"}],"is_trial":false,"path_per_floor":["R","M","?","M","M","$","T","$","E"],"character_chosen":"THE_AUTOMATON","items_purchased":["bronze:Repair"],"campfire_rested":0,"item_purchase_floors":[8],"current_hp_per_floor":[63,61,61,61,61,61,61,61,15,15],"gold":5,"neow_bonus":"TRANSFORM_TWO_CARDS","is_daily":false,"chose_seed":false,"campfire_upgraded":1,"win_rate":0.0,"timestamp":1610960515,"path_taken":["R","M","?","M","M","$","T","$","E"],"items_purchased_type":["Card"],"build_version":"2020-12-22","purchased_purges":1,"victory":false,"max_hp_per_floor":[63,63,63,63,63,63,63,63,63,63],"card_choices":[{"not_picked":["bronze:Branch","bronze:BitShift"],"picked":"bronze:Shell","floor":2},{"not_picked":["bronze:Frontload","bronze:Flail"],"picked":"bronze:Shield","floor":4},{"not_picked":["bronze:WildBeam","bronze:DigitalCarnage"],"picked":"bronze:Turbo","floor":5},{"not_picked":["bronze:BronzeArmor","bronze:Overheat"],"picked":"bronze:Return","floor":6},{"not_picked":["bronze:RecursiveStrike","bronze:Frontload","bronze:ChildClass"],"picked":"SKIP","floor":8}],"player_experience":987350,"relics_obtained":[{"floor":7,"key":"Letter Opener"}],"event_choices":[],"is_beta":false,"boss_relics":[],"items_purged_floors":[6],"is_endless":false,"potions_floor_spawned":[5],"killed_by":"3 Sentries","ascension_level":0}}