{"host":"April","time":1610948375,"event":{"mods":["BaseMod","Minty Spire (QoL Compilation)"],"gold_per_floor":[215,390,390,404,404,430,430,447,470,420,27,54,54,86,86,191,191,206,206,226,252,252,280,292,333,345,375,404,443,465,512,524,640,652,679,704,716,355,375,410,410,421,421,433,186,126,158,177,177,177],"floor_reached":51,"language":"ENG","playtime":6222,"items_purged":["Pain"],"score":1072,"play_id":"10a6834f-daba-4884-ab31-7716a66ed728","local_time":"20210117213935","is_ascension_mode":true,"campfire_choices":[{"data":"Cold Snap","floor":13.0,"key":"SMITH"},{"data":"Genetic Algorithm","floor":15.0,"key":"SMITH"},{"data":"Loop","floor":24.0,"key":"SMITH"},{"floor":32.0,"key":"REST"},{"data":"Sunder","floor":41,"key":"SMITH"},{"data":"Buffer","floor":49,"key":"SMITH"}],"circlet_count":0,"master_deck":["Strike_B","Strike_B","Strike_B","Defend_B","Defend_B","Defend_B","Defend_B","Zap","Dualcast","Coolheaded","Cleave","Glacier","Electrodynamics","Ball Lightning","Meteor Strike","Genetic Algorithm+1","Conserve Battery","Rebound","Cold Snap+1","Auto Shields","Coolheaded+1","Seek+1","Redo+1","Loop+1","Sunder+1","Static Discharge","Turbo+1","Doom and Gloom","Reboot+1","Melter+1","Rainbow+1","Buffer+1","Reinforced Body+1","Redo+1","Glacier+1","Meteor Strike","Chill+1","Capacitor+1"],"relics":["Cracked Core","HornCleat","Symbiotic Virus","Centennial Puzzle","Matryoshka","Orrery","Pear","Toxic Egg 2","Velvet Choker","Red Mask","Nloth\u0027s Gift","MawBank","Oddly Smooth Stone","Regal Pillow","White Beast Statue","Vajra","FossilizedHelix","Runic Pyramid","WarpedTongs","Bag of Preparation","ClockworkSouvenir","Boot","Blood Vial","Akabeko","Cables","Dream Catcher"],"acts_visited":["Exordium","TheCity","TheBeyond"],"potions_floor_usage":[33,33,47,47,50,50,50],"damage_taken":[{"damage":4.0,"enemies":"2 Louse","floor":1.0,"turns":2.0},{"damage":4.0,"enemies":"Jaw Worm","floor":4.0,"turns":3.0},{"damage":4.0,"enemies":"3 Sentries","floor":6.0,"turns":8.0},{"damage":0.0,"enemies":"Cultist","floor":8.0,"turns":3.0},{"damage":10.0,"enemies":"Lagavulin","floor":12.0,"turns":6.0},{"damage":0.0,"enemies":"3 Sentries","floor":14.0,"turns":3.0},{"damage":17.0,"enemies":"The Guardian","floor":16.0,"turns":17.0},{"damage":4.0,"enemies":"Shell Parasite","floor":18.0,"turns":5.0},{"damage":10.0,"enemies":"2 Thieves","floor":20.0,"turns":3.0},{"damage":0.0,"enemies":"Masked Bandits","floor":21.0,"turns":3.0},{"damage":11.0,"enemies":"Book of Stabbing","floor":23.0,"turns":6.0},{"damage":11.0,"enemies":"Gremlin Leader","floor":25.0,"turns":4.0},{"damage":0.0,"enemies":"Snake Plant","floor":27.0,"turns":4.0},{"damage":6.0,"enemies":"Cultist and Chosen","floor":28.0,"turns":3.0},{"damage":0.0,"enemies":"Slavers","floor":29.0,"turns":3.0},{"damage":0.0,"enemies":"Snecko","floor":30.0,"turns":4.0},{"damage":2.0,"enemies":"Book of Stabbing","floor":31.0,"turns":5.0},{"damage":6,"enemies":"Automaton","floor":33,"turns":10},{"damage":0,"enemies":"3 Darklings","floor":35,"turns":5},{"damage":0,"enemies":"3 Shapes","floor":36,"turns":4},{"damage":0,"enemies":"Jaw Worm Horde","floor":39,"turns":2},{"damage":0,"enemies":"Reptomancer","floor":40,"turns":8},{"damage":0,"enemies":"4 Shapes","floor":42,"turns":5},{"damage":0,"enemies":"Spire Growth","floor":44,"turns":4},{"damage":0,"enemies":"Nemesis","floor":47,"turns":6},{"damage":0,"enemies":"3 Darklings","floor":48,"turns":4},{"damage":21,"enemies":"Awakened One","floor":50,"turns":15}],"seed_played":"-2446217991787100767","potions_obtained":[{"floor":1.0,"key":"Strength Potion"},{"floor":8.0,"key":"SpeedPotion"},{"floor":12.0,"key":"FearPotion"},{"floor":18.0,"key":"AttackPotion"},{"floor":25.0,"key":"PowerPotion"},{"floor":27.0,"key":"Fire Potion"},{"floor":29.0,"key":"SkillPotion"},{"floor":30.0,"key":"DistilledChaos"},{"floor":31.0,"key":"Energy Potion"},{"floor":33,"key":"Strength Potion"},{"floor":35,"key":"PotionOfCapacity"},{"floor":39,"key":"Swift Potion"},{"floor":47,"key":"SteroidPotion"},{"floor":48,"key":"Ancient Potion"}],"is_trial":false,"path_per_floor":["M","?","?","M","T","E","T","M","T","?","$","E","R","E","R","B",null,"M","?","M","?","?","E","R","E","T","M","M","E","M","E","R","B",null,"M","M","?","$","M","E","R","M","T","M","$","?","E","M","R","B",null],"character_chosen":"DEFECT","items_purchased":["Matryoshka","Orrery","Bag of Preparation","ClockworkSouvenir","Cables"],"campfire_rested":1,"item_purchase_floors":[11,11,38,38,45],"current_hp_per_floor":[71,71,71,67,67,63,63,63,63,63,63,63,63,63,63,46,85,81,65,55,55,55,44,44,33,33,33,27,27,27,25,67,61,90,90,90,90,90,90,90,90,90,90,90,90,90,90,90,90,69],"gold":177,"neow_bonus":"HUNDRED_GOLD","is_daily":false,"chose_seed":false,"campfire_upgraded":5,"win_rate":0.0,"timestamp":1610948375,"path_taken":["M","?","?","?","?","E","?","?","T","?","$","E","R","E","R","BOSS","M","?","M","?","?","E","R","E","T","?","M","E","M","E","R","BOSS","M","M","?","$","M","E","R","M","T","?","$","?","E","?","R","BOSS"],"items_purchased_type":["Relic","Relic","Relic","Relic","Relic"],"build_version":"2020-12-18","purchased_purges":1,"victory":true,"max_hp_per_floor":[75,75,75,75,75,75,75,75,75,75,75,85,85,85,85,85,85,85,90,90,90,90,90,90,90,90,90,90,90,90,90,90,90,90,90,90,90,90,90,90,90,90,90,90,90,90,90,90,90,90],"card_choices":[{"not_picked":["Scrape","Steam"],"picked":"Coolheaded","floor":1.0},{"not_picked":["Heatsinks","Leap"],"picked":"Glacier","floor":4.0},{"not_picked":["Static Discharge","Ball Lightning"],"picked":"Electrodynamics","floor":6.0},{"not_picked":["Auto Shields","Beam Cell"],"picked":"Ball Lightning","floor":8.0},{"not_picked":["Ball Lightning","Gash"],"picked":"Meteor Strike","floor":11.0},{"not_picked":["Chill","Conserve Battery"],"picked":"Genetic Algorithm","floor":11.0},{"not_picked":["Lockon","Storm"],"picked":"Conserve Battery","floor":11.0},{"not_picked":["Streamline","Beam Cell"],"picked":"Rebound","floor":11.0},{"not_picked":["Steam Power","Gash"],"picked":"Cold Snap","floor":11.0},{"not_picked":["Streamline","Double Energy"],"picked":"Auto Shields","floor":12.0},{"not_picked":["FTL","Hello World"],"picked":"Coolheaded+1","floor":14.0},{"not_picked":["All For One","Fission+1"],"picked":"Seek+1","floor":16.0},{"not_picked":["Cold Snap","Leap+1"],"picked":"Redo+1","floor":18.0},{"not_picked":["Barrage","Rebound"],"picked":"Loop","floor":20.0},{"not_picked":["Turbo+1","Steam+1"],"picked":"Sunder","floor":21.0},{"not_picked":["Hello World","Thunder Strike"],"picked":"Static Discharge","floor":23.0},{"not_picked":["Fission+1","Turbo+1"],"picked":"Heatsinks+1","floor":25.0},{"not_picked":["Aggregate+1","Barrage"],"picked":"Turbo+1","floor":27.0},{"not_picked":["Stack+1","Rebound"],"picked":"Doom and Gloom","floor":28.0},{"not_picked":["Gash+1","Go for the Eyes"],"picked":"Reboot+1","floor":29.0},{"not_picked":["Gash","Steam+1"],"picked":"Melter+1","floor":30.0},{"not_picked":["Darkness+1","Sweeping Beam"],"picked":"Rainbow+1","floor":31.0},{"not_picked":["All For One","Hyperbeam"],"picked":"Buffer","floor":33},{"not_picked":["Rebound+1","Conserve Battery+1","Sweeping Beam"],"picked":"SKIP","floor":35},{"not_picked":["FTL","Cold Snap+1"],"picked":"Reinforced Body+1","floor":36},{"not_picked":["Scrape","Barrage","Rebound"],"picked":"SKIP","floor":39},{"not_picked":["Hyperbeam","Electrodynamics"],"picked":"Machine Learning","floor":40},{"not_picked":["Genetic Algorithm+1","Conserve Battery+1","Ball Lightning+1"],"picked":"SKIP","floor":42},{"not_picked":["Stack+1","Double Energy+1"],"picked":"Redo+1","floor":44},{"not_picked":["Blizzard","Echo Form"],"picked":"Chill+1","floor":47},{"not_picked":["Streamline+1","Compile Driver"],"picked":"Capacitor+1","floor":48}],"player_experience":2571729,"relics_obtained":[{"floor":5.0,"key":"HornCleat"},{"floor":6.0,"key":"Ancient Tea Set"},{"floor":7.0,"key":"Symbiotic Virus"},{"floor":9.0,"key":"Centennial Puzzle"},{"floor":12.0,"key":"Pear"},{"floor":14.0,"key":"Toxic Egg 2"},{"floor":21.0,"key":"Red Mask"},{"floor":23.0,"key":"MawBank"},{"floor":25.0,"key":"Oddly Smooth Stone"},{"floor":26.0,"key":"Regal Pillow"},{"floor":26.0,"key":"White Beast Statue"},{"floor":29.0,"key":"Vajra"},{"floor":31.0,"key":"FossilizedHelix"},{"floor":40,"key":"Boot"},{"floor":43,"key":"Blood Vial"},{"floor":43,"key":"Akabeko"},{"floor":47,"key":"Dream Catcher"}],"event_choices":[{"damage_healed":0.0,"max_hp_gain":0.0,"max_hp_loss":0.0,"gold_gain":175.0,"event_name":"Liars Game","player_choice":"AGREE","floor":2.0,"gold_loss":0.0,"damage_taken":0.0,"cards_obtained":["Doubt"]},{"cards_removed":["Strike_B"],"damage_healed":0.0,"max_hp_gain":0.0,"max_hp_loss":0.0,"gold_gain":0.0,"event_name":"NoteForYourself","player_choice":"Took Card","floor":3.0,"gold_loss":0.0,"damage_taken":0.0,"cards_obtained":["Cleave"]},{"cards_removed":["Doubt"],"damage_healed":0.0,"max_hp_gain":0.0,"max_hp_loss":0.0,"gold_gain":0.0,"event_name":"The Cleric","player_choice":"Card Removal","floor":10.0,"gold_loss":50.0,"damage_taken":0.0},{"damage_healed":0.0,"max_hp_gain":5.0,"max_hp_loss":0.0,"gold_gain":0.0,"event_name":"Forgotten Altar","player_choice":"Shed Blood","floor":19.0,"gold_loss":0.0,"damage_taken":21.0},{"damage_healed":0.0,"max_hp_gain":0.0,"max_hp_loss":0.0,"gold_gain":0.0,"event_name":"Masked Bandits","player_choice":"Fought Bandits","floor":21.0,"gold_loss":0.0,"damage_taken":0.0},{"damage_healed":0.0,"max_hp_gain":0.0,"max_hp_loss":0.0,"gold_gain":0.0,"event_name":"N\u0027loth","player_choice":"Traded Relic","floor":22.0,"relics_lost":["Ancient Tea Set"],"gold_loss":0.0,"damage_taken":0.0,"relics_obtained":["Nloth\u0027s Gift"]},{"damage_healed":0,"gold_gain":0,"player_choice":"Rummage","damage_taken":0,"relics_obtained":["WarpedTongs"],"max_hp_gain":0,"max_hp_loss":0,"event_name":"Accursed Blacksmith","floor":37,"gold_loss":0,"cards_obtained":["Pain"]},{"damage_healed":0,"gold_gain":0,"cards_transformed":["Heatsinks","Machine Learning"],"player_choice":"Transformed Cards","damage_taken":0,"max_hp_gain":0,"max_hp_loss":0,"event_name":"Designer","floor":46,"gold_loss":60,"cards_obtained":["Glacier","Meteor Strike"]}],"is_beta":true,"boss_relics":[{"not_picked":["Nuclear Battery","Black Star"],"picked":"Velvet Choker"},{"not_picked":["Empty Cage","Philosopher\u0027s Stone"],"picked":"Runic Pyramid"}],"items_purged_floors":[38],"is_endless":false,"potions_floor_spawned":[1,8,12,18,25,27,28,29,30,31,33,35,36,39,40,42,44,47,48],"ascension_level":1}}