{"host":"rjfefv2ruvigm2gb","time":1610972033,"event":{"mods":["AchievementEnabler","AlwaysNeverKeys","Arknights The Spire","BaseMod","Card Forge","Curses Come First","Displayed Cursed Tome","Evolution","Fox Events","Gold Saver","Googly Eyes","HexUI Lib","Ironclad Rager","Mad Scientist","Minty Spire (QoL Compilation)","Permanent Neow","Poor People Problems","Quick Restart","Shop Mod","StS++","StSLib","SuperFastMode","The Sage","Virulent Crown"],"gold_per_floor":[369,369,382,396,22,22,47,47,47,47,47,47,57,75,75,75,75],"floor_reached":16,"language":"ENG","playtime":455,"items_purged":[],"score":145,"play_id":"3b0d20f3-19dd-44d7-b3bd-e9942c650749","local_time":"20210118061353","is_ascension_mode":true,"campfire_choices":[{"floor":6,"key":"REST"},{"data":"Strike_R","floor":8,"key":"SMITH"},{"data":"Strike_R","floor":11,"key":"SMITH"},{"data":"Bash","floor":15,"key":"SMITH"}],"circlet_count":0,"master_deck":["Strike_R","Strike_R","Strike_R","Strike_R+1","Strike_R+1","Defend_R","Defend_R","Defend_R","Defend_R","Bash+1"],"relics":["Burning Blood","Hammer of Thor","Seething Fire","Anvil of the Gods","EVO:Axolotl","Membership Card","StSpp:WoodenStick","The Courier","Art of War"],"acts_visited":["Exordium"],"potions_floor_usage":[5,7,16],"damage_taken":[{"damage":0,"enemies":"Small Slimes","floor":1,"turns":3},{"damage":6,"enemies":"Cultist","floor":3,"turns":3},{"damage":9,"enemies":"Jaw Worm","floor":4,"turns":3},{"damage":20,"enemies":"Gremlin Nob","floor":7,"turns":4},{"damage":21,"enemies":"Blue Slaver","floor":13,"turns":3},{"damage":12,"enemies":"Looter","floor":14,"turns":3},{"damage":53,"enemies":"Hexaghost","floor":16,"turns":7}],"seed_played":"8720708273895552451","potions_obtained":[{"floor":3,"key":"Explosive Potion"},{"floor":7,"key":"Strength Potion"}],"is_trial":false,"path_per_floor":["M","?","M","M","$","R","E","R","T","?","R","$","M","M","R","B"],"character_chosen":"IRONCLAD","items_purchased":["Membership Card","StSpp:WoodenStick","Fruit Juice"],"campfire_rested":1,"item_purchase_floors":[5,5,5],"current_hp_per_floor":[57,57,57,54,62,88,74,74,74,74,74,74,59,53,53,0,0],"gold":75,"neow_bonus":"TWO_FIFTY_GOLD","is_daily":false,"chose_seed":false,"campfire_upgraded":3,"win_rate":0.0,"timestamp":1610972033,"path_taken":["M","?","M","M","$","R","E","R","T","?","R","$","M","M","R","BOSS"],"items_purchased_type":["Relic","Relic","Potion"],"build_version":"2020-12-22","purchased_purges":0,"victory":false,"max_hp_per_floor":[80,80,80,80,88,88,88,88,88,88,88,88,88,88,88,88,88],"card_choices":[{"not_picked":["Body Slam","Twin Strike","Sentinel"],"picked":"SKIP","floor":1},{"not_picked":["Reckless Charge","StSpp:Succumb","Warcry"],"picked":"SKIP","floor":3},{"not_picked":["Burning Pact","Rampage","Pummel"],"picked":"SKIP","floor":4},{"not_picked":["Juggernaut","Rampage","Blood for Blood"],"picked":"SKIP","floor":7},{"not_picked":["Clash","StSpp:Sprint","Pommel Strike"],"picked":"SKIP","floor":13},{"not_picked":["Body Slam","Flex","Perfected Strike"],"picked":"SKIP","floor":14}],"player_experience":989172,"relics_obtained":[{"floor":7,"key":"The Courier"},{"floor":9,"key":"Art of War"}],"event_choices":[{"damage_healed":0,"gold_gain":0,"player_choice":"0 cards matched","damage_taken":0,"max_hp_gain":0,"max_hp_loss":0,"event_name":"Match and Keep!","floor":10,"gold_loss":0,"cards_obtained":[]}],"is_beta":false,"boss_relics":[],"items_purged_floors":[],"is_endless":false,"potions_floor_spawned":[3,4,7],"killed_by":"Hexaghost","ascension_level":9}}