{"host":"bw00wb7p5bw58om7","time":1610971724,"event":{"mods":["Act Like it!","BaseMod","Better Third Choice","CapriCore","Chen","Downfall","Gensokyo","Koishi","KomeijiMod","Marisa????????","Minty Spire (QoL Compilation)","Onozuka Komachi Mod","Permanent Neow","Prisma Mod","Reimu??????","Remilia??????","StSLib","The Administrix","The Immortal","The Senshi","The Servant 0.9.4","Yakumo Yukari mod"],"gold_per_floor":[117,130,150,165,16,44,44,44,44,69,86,105,119,119,119,224,224,244,262,277,69,83,83,83],"floor_reached":23,"language":"ENG","playtime":1390,"items_purged":[],"score":269,"play_id":"1387d3d8-5fe6-460d-b0d7-a440ca0facc5","local_time":"20210118120844","is_ascension_mode":true,"campfire_choices":[{"data":"FairyDestructionRay","floor":8.0,"key":"SMITH"},{"data":"AlicesGift","floor":15.0,"key":"SMITH"}],"circlet_count":0,"master_deck":["Strike_MRS","Strike_MRS","Strike_MRS","Strike_MRS","Defend_MRS","Defend_MRS","Defend_MRS","Defend_MRS","MasterSpark","SatelliteIllusion","FairyDestructionRay","OortCloud","FairyDestructionRay+1","AsteroidBelt","AlicesGift+1","Gensokyo:MarisaTwilightSpark","AsteroidBelt","Orbital","OortCloud","MillisecondPulsars","RefractionSpark","Acceleration","IllusionStar+1","Gensokyo:Shovel","ManaConvection"],"relics":["MiniHakkero","Bronze Scales","PreservedInsect","Ancient Tea Set","Eternal Feather","Gensokyo:MarisaIngredientList","Sozu","Strange Spoon"],"acts_visited":["Gensokyo:Gensokyo","Gensokyo:Gensokyoer"],"potions_floor_usage":[16],"damage_taken":[{"damage":8.0,"enemies":"Gensokyo:3_Fairies","floor":1.0,"turns":5.0},{"damage":6.0,"enemies":"Gensokyo:Python","floor":2.0,"turns":3.0},{"damage":1.0,"enemies":"Gensokyo:Gryphon","floor":3.0,"turns":5.0},{"damage":2.0,"enemies":"Gensokyo:Python_and_Kodama","floor":4.0,"turns":4.0},{"damage":0.0,"enemies":"Gensokyo:Cirno","floor":6.0,"turns":4.0},{"damage":0.0,"enemies":"Gensokyo:Mamizou","floor":10.0,"turns":7.0},{"damage":5.0,"enemies":"Gensokyo:VengefulSpirit","floor":11.0,"turns":7.0},{"damage":5.0,"enemies":"Gensokyo:2_Rabbits","floor":12.0,"turns":4.0},{"damage":2.0,"enemies":"Gensokyo:Python_and_Kodama","floor":13.0,"turns":4.0},{"damage":47,"enemies":"Gensokyo:Reimu","floor":16,"turns":13},{"damage":0,"enemies":"Gensokyo:2_Gloops","floor":18,"turns":3},{"damage":26,"enemies":"Gensokyo:3_Dogs","floor":19,"turns":4},{"damage":14,"enemies":"Gensokyo:Slime_Group","floor":20,"turns":5},{"damage":20,"enemies":"Gensokyo:Swordslinger","floor":22,"turns":5},{"damage":19,"enemies":"Gensokyo:Tenshi","floor":23,"turns":3}],"seed_played":"-631059423320053617","potions_obtained":[{"floor":3.0,"key":"Explosive Potion"},{"floor":4.0,"key":"Weak Potion"},{"floor":10.0,"key":"sneckomod:MuddlingPotion"}],"is_trial":false,"path_per_floor":["M","M","M","M","$","E","?","R","T","E","M","M","M","?","R","B",null,"M","M","M","COS","M","E"],"character_chosen":"MARISA","items_purchased":["Bronze Scales"],"campfire_rested":0,"item_purchase_floors":[5],"current_hp_per_floor":[67,61,60,58,58,58,58,58,58,58,53,48,46,46,55,8,75,75,49,35,35,15,0,0],"gold":83,"neow_bonus":"TRANSFORM_CARD","is_daily":false,"chose_seed":false,"campfire_upgraded":2,"win_rate":0.0,"timestamp":1610971724,"path_taken":["M","M","M","M","$","E","?","R","T","E","M","M","M","?","R","BOSS","M","M","?","COS","M","E"],"items_purchased_type":["Relic"],"build_version":"2020-12-22","purchased_purges":0,"victory":false,"max_hp_per_floor":[75,75,75,75,75,75,75,75,75,75,75,75,75,75,75,75,75,75,75,75,75,75,75,75],"card_choices":[{"not_picked":["IllusionStar","Acceleration"],"picked":"FairyDestructionRay","floor":1.0},{"not_picked":["DoubleSpark","ChargingUp"],"picked":"OortCloud","floor":2.0},{"not_picked":["SprinkleStarSeal","NonDirectionalLaser"],"picked":"FairyDestructionRay","floor":3.0},{"not_picked":["IllusionStar","WitchOfGreed"],"picked":"AsteroidBelt","floor":4.0},{"not_picked":["CollectingQuirk","GrandCross"],"picked":"AlicesGift","floor":6.0},{"not_picked":["SprinkleStarSeal","Acceleration"],"picked":"AsteroidBelt","floor":10.0},{"not_picked":["EarthLightRay","MagicAbsorber"],"picked":"Orbital","floor":11.0},{"not_picked":["Acceleration","GrandCross"],"picked":"DragonMeteor","floor":12.0},{"not_picked":["AbsoluteMagnitude","UnstableBomb"],"picked":"OortCloud","floor":13.0},{"not_picked":["TreasureHunter","BigCrunch"],"picked":"MillisecondPulsars","floor":16},{"not_picked":["OrrerysSun","DarkSpark"],"picked":"RefractionSpark","floor":18},{"not_picked":["DeepEcoloBomb","DoubleSpark+1"],"picked":"Acceleration","floor":19},{"not_picked":["DoubleSpark","UnstableBomb+1"],"picked":"IllusionStar+1","floor":20},{"not_picked":["WitchOfGreed","IllusionStar"],"picked":"ManaConvection","floor":22}],"player_experience":261847,"relics_obtained":[{"floor":6.0,"key":"PreservedInsect"},{"floor":9.0,"key":"Ancient Tea Set"},{"floor":10.0,"key":"Eternal Feather"}],"event_choices":[],"is_beta":false,"boss_relics":[{"not_picked":["Coffee Dripper","Astrolabe"],"picked":"Sozu"}],"items_purged_floors":[],"is_endless":false,"potions_floor_spawned":[3,4,10,12,19],"killed_by":"Gensokyo:Tenshi","ascension_level":1}}