{"host":"2858q7tg2p392m8d","time":1610938549,"event":{"mods":["BaseMod","Colored Map","DeckTracker","Friendly Minions","Minty Spire (QoL Compilation)","Permanent Neow","StSLib","everything is the same but u backflip on backflip","slay the spire mod where everything is the same but ironclad has a cowboy hat"],"gold_per_floor":[114,114,129,142,112,139,152,152,152],"floor_reached":8,"language":"ENG","playtime":481,"items_purged":[],"score":58,"play_id":"57f9a750-2d3c-4805-b8ba-9eb2fd9c1440","local_time":"20210117232549","is_ascension_mode":false,"campfire_choices":[],"circlet_count":0,"master_deck":["Strike_G","Strike_G","Strike_G","Strike_G","Strike_G","Defend_G","Defend_G","Defend_G","Defend_G","Defend_G","Survivor","Neutralize","Crippling Poison"],"relics":["Ring of the Snake","Frozen Egg 2"],"acts_visited":["Exordium"],"potions_floor_usage":[8],"damage_taken":[{"damage":2.0,"enemies":"Small Slimes","floor":1.0,"turns":4.0},{"damage":0.0,"enemies":"Cultist","floor":3.0,"turns":4.0},{"damage":0.0,"enemies":"Jaw Worm","floor":4.0,"turns":4.0},{"damage":2.0,"enemies":"Looter","floor":5.0,"turns":4.0},{"damage":28.0,"enemies":"3 Sentries","floor":6.0,"turns":14.0},{"damage":5.0,"enemies":"Blue Slaver","floor":7.0,"turns":4.0},{"damage":52,"enemies":"Lagavulin","floor":8,"turns":8}],"seed_played":"3417607796166851865","potions_obtained":[{"floor":4.0,"key":"Fire Potion"},{"floor":7.0,"key":"AttackPotion"}],"is_trial":false,"path_per_floor":["M","?","M","M","M","E","M","E"],"character_chosen":"THE_SILENT","items_purchased":[],"campfire_rested":0,"item_purchase_floors":[],"current_hp_per_floor":[68,70,70,70,68,40,35,0,0],"gold":152,"neow_bonus":"THREE_CARDS","is_daily":false,"chose_seed":false,"campfire_upgraded":0,"win_rate":0.0,"timestamp":1610938549,"path_taken":["M","?","M","M","M","E","M","E"],"items_purchased_type":[],"build_version":"2020-12-22","purchased_purges":0,"victory":false,"max_hp_per_floor":[70,70,70,70,70,70,70,70,70],"card_choices":[{"not_picked":["Quick Slash","Backflip"],"picked":"Crippling Poison","floor":0.0},{"not_picked":["Dagger Throw","Escape Plan","Deadly Poison"],"picked":"SKIP","floor":1.0},{"not_picked":["Deadly Poison","Cloak And Dagger","Skewer"],"picked":"SKIP","floor":3.0},{"not_picked":["Crippling Poison","Dagger Throw","Escape Plan"],"picked":"SKIP","floor":4.0},{"not_picked":["Dash","Concentrate","Setup"],"picked":"SKIP","floor":5.0},{"not_picked":["Riddle With Holes","Poisoned Stab","Heel Hook"],"picked":"SKIP","floor":6.0},{"not_picked":["Blur","Cloak And Dagger","Dagger Spray"],"picked":"SKIP","floor":7.0}],"player_experience":204082,"relics_obtained":[{"floor":6.0,"key":"Frozen Egg 2"}],"event_choices":[{"damage_healed":2.0,"max_hp_gain":0.0,"max_hp_loss":0.0,"gold_gain":0.0,"event_name":"Wheel of Change","player_choice":"Full Heal","floor":2.0,"gold_loss":0.0,"damage_taken":0.0}],"is_beta":false,"boss_relics":[],"items_purged_floors":[],"is_endless":false,"potions_floor_spawned":[4,7],"killed_by":"Lagavulin","ascension_level":0}}