{"host":"6drv1qzpbnls60z2","time":1610982073,"event":{"mods":["ATMod(∞¢Ë™Mod)","Act Like it!","Arknights The Spire","BaseMod","Good Game Mod","Hallownest","Luminous","Minty Spire (QoL Compilation)","Reimu£®≤©¿ˆ¡È√Œ£©","Replay The Spire","Shop Mod","Spicy Shops","StSLib","The Dragon Tamer","TheWitcher","Uncapped","≤–¡Ù÷ÆŒÔ"],"gold_per_floor":[113,113,128,12,162,162,194,194,194,276,0,0,19,31,31,31,31],"floor_reached":16,"language":"ZHS","playtime":1014,"items_purged":["Doubt"],"score":296,"play_id":"bb43816f-ff90-4c75-8bb7-58bc3b4d837c","local_time":"20210118230113","is_ascension_mode":true,"campfire_choices":[{"data":"AT_Dispersion","floor":6,"key":"SMITH"},{"floor":8,"key":"REST"},{"data":"AT_FamilyPortrait","floor":15,"key":"SMITH"}],"circlet_count":0,"master_deck":["AscendersBane","ats:Strike C","ats:Strike G","ats:Strike S","ats:Strike V","ats:Armor Crushing Shot","ats:Defend","ats:Defend","ats:Defend","ats:Defend","ats:Emotion Absorption","AT_FamilyPortrait+1","AT_Dispersion+1","ats:Guardian Obelisk","ats:Ignite","ats:Sword Rain","PlaceholderMod:NearChange","ats:Healing Strengthening","PlaceholderMod:Polyp","Purity","PlaceholderMod:SubstitutionNucleophilic1"],"relics":["ats:Sanity","AT_ATBox","REME:ComplimentaryCards","ats:Originium","Peace Pipe","Tea:ReiMu","StrikeDummy"],"acts_visited":["Exordium"],"potions_floor_usage":[14],"damage_taken":[{"damage":14,"enemies":"2 Louse","floor":1,"turns":4},{"damage":9,"enemies":"Cultist","floor":3,"turns":5},{"damage":50,"enemies":"3 Sentries","floor":7,"turns":11},{"damage":2,"enemies":"Jaw Worm","floor":13,"turns":4},{"damage":8,"enemies":"Blue Slaver","floor":14,"turns":3},{"damage":38,"enemies":"Slime Boss","floor":16,"turns":8}],"seed_played":"245457945308740769","potions_obtained":[{"floor":3,"key":"AttackPotion"},{"floor":7,"key":"Dexterity Potion"}],"is_trial":true,"path_per_floor":["M","?","M","$","?","R","E","R","T","T","$","$","M","M","R","B"],"character_chosen":"DOCTOR_CLASS","items_purchased":["ats:Sword Rain","ats:Healing Strengthening","PlaceholderMod:Polyp","Purity"],"campfire_rested":1,"item_purchase_floors":[4,11,11,11],"current_hp_per_floor":[51,51,42,42,42,42,4,25,25,25,25,25,23,15,36,0,0],"gold":31,"neow_bonus":"","is_daily":false,"chose_seed":false,"campfire_upgraded":2,"win_rate":0.0,"timestamp":1610982073,"path_taken":["M","?","?","$","?","R","E","R","T","?","?","$","M","M","R","BOSS"],"items_purchased_type":["Card","Card","Card","Card"],"build_version":"2020-12-22","purchased_purges":1,"victory":false,"max_hp_per_floor":[72,72,72,72,72,72,72,72,72,72,72,72,72,72,72,72,72],"card_choices":[{"not_picked":["PlaceholderMod:SpinBlade","TightArray:ReiMu"],"picked":"ats:Guardian Obelisk","floor":1},{"not_picked":["DoubleButterfly:ReiMu","PlaceholderMod:ProliferateStrike"],"picked":"ats:Ignite","floor":3},{"not_picked":["ats:Dogmatic Field","PlaceholderMod:RadicalHit"],"picked":"PlaceholderMod:NearChange","floor":7},{"not_picked":["ats:Cat Scratch","PlaceholderMod:ChainPoly"],"picked":"PlaceholderMod:SubstitutionNucleophilic1","floor":13},{"not_picked":["PlaceholderMod:PoisonExcitation","Intuition:ReiMu","ManaGlint:ReiMu"],"picked":"SKIP","floor":14}],"player_experience":77679,"relics_obtained":[{"floor":7,"key":"ats:Originium"},{"floor":7,"key":"Peace Pipe"},{"floor":9,"key":"Tea:ReiMu"},{"floor":10,"key":"StrikeDummy"}],"event_choices":[{"damage_healed":0,"gold_gain":0,"player_choice":"0 cards matched","damage_taken":0,"max_hp_gain":0,"max_hp_loss":0,"event_name":"Match and Keep!","floor":2,"gold_loss":0,"cards_obtained":[]},{"damage_healed":0,"gold_gain":150,"player_choice":"AGREE","damage_taken":0,"max_hp_gain":0,"max_hp_loss":0,"event_name":"Liars Game","floor":5,"gold_loss":0,"cards_obtained":["Doubt"]}],"is_beta":false,"boss_relics":[],"items_purged_floors":[11],"is_endless":true,"potions_floor_spawned":[3,7],"killed_by":"Slime Boss","ascension_level":20}}