{"host":"03a85bwj0a5skoit","time":1610945485,"event":{"mods":["BaseMod","Block Reminder","Minty Spire (QoL Compilation)","Relic Stats","StSLib"],"gold_per_floor":[111,261,17,34,34,34,59,59,110,122,137,137,154,182,182,256,256,256,104,104,29,29,29,29,29,29,29,29,29,29,29,29,29,29,29,29,29,29,29,29,29,29,29,29,29,29,29,29,29,29,29],"floor_reached":52,"language":"ENG","playtime":2484,"items_purged":["Doubt"],"score":2299,"play_id":"9e206797-02dc-4c05-8f68-0600bfcd2b83","local_time":"20210118152125","is_ascension_mode":true,"campfire_choices":[{"data":"Crippling Poison","floor":6,"key":"SMITH"},{"data":"Catalyst","floor":8,"key":"SMITH"},{"data":"Accuracy","floor":15,"key":"SMITH"},{"data":"Noxious Fumes","floor":23,"key":"SMITH"},{"data":"Footwork","floor":28,"key":"SMITH"},{"data":"Adrenaline","floor":32,"key":"SMITH"},{"data":"Catalyst","floor":40,"key":"SMITH"},{"data":"Well Laid Plans","floor":49,"key":"SMITH"}],"circlet_count":0,"master_deck":["AscendersBane","Strike_G","Strike_G","Strike_G","Strike_G","Strike_G","Defend_G","Defend_G","Defend_G","Defend_G","Defend_G","Survivor","Neutralize","Noxious Fumes+1","Catalyst+1","Bouncing Flask","Crippling Poison+1","Calculated Gamble","Blade Dance","Leg Sweep","Accuracy+1","Slice","Storm of Steel","Dodge and Roll","Adrenaline+1","Endless Agony","Cloak And Dagger+1","Dodge and Roll","Footwork+1","Deadly Poison+1","Acrobatics","Corpse Explosion","A Thousand Cuts","Catalyst+1","Deflect+1","Prepared+1","Well Laid Plans+1","Cloak And Dagger+1","Underhanded Strike","Catalyst","Night Terror"],"relics":["Ring of the Snake","NeowsBlessing","HornCleat","Anchor","Tiny Chest","Kunai","Oddly Smooth Stone","Ectoplasm","Red Mask","Meat on the Bone","Pen Nib","PreservedInsect","Letter Opener","Orichalcum","SlaversCollar","Gambling Chip","Paper Crane","Bag of Preparation","Toy Ornithopter","Mummified Hand"],"acts_visited":["Exordium","TheCity","TheBeyond"],"potions_floor_usage":[14,20,24,27,33,33,44,50,50],"damage_taken":[{"damage":0,"enemies":"Jaw Worm","floor":1,"turns":1},{"damage":0,"enemies":"Small Slimes","floor":4,"turns":1},{"damage":0,"enemies":"Gremlin Nob","floor":7,"turns":1},{"damage":0,"enemies":"2 Louse","floor":10,"turns":3},{"damage":5,"enemies":"Red Slaver","floor":11,"turns":3},{"damage":0,"enemies":"Lots of Slimes","floor":13,"turns":3},{"damage":5,"enemies":"Lagavulin","floor":14,"turns":3},{"damage":37,"enemies":"Slime Boss","floor":16,"turns":8},{"damage":0,"enemies":"Spheric Guardian","floor":18,"turns":2},{"damage":7,"enemies":"Masked Bandits","floor":20,"turns":5},{"damage":9,"enemies":"Chosen","floor":22,"turns":4},{"damage":3,"enemies":"Slavers","floor":24,"turns":6},{"damage":8,"enemies":"Book of Stabbing","floor":27,"turns":4},{"damage":0,"enemies":"Snecko","floor":29,"turns":5},{"damage":6,"enemies":"Shelled Parasite and Fungi","floor":30,"turns":5},{"damage":0,"enemies":"Slavers","floor":31,"turns":4},{"damage":18,"enemies":"Champ","floor":33,"turns":12},{"damage":0,"enemies":"Orb Walker","floor":35,"turns":3},{"damage":0,"enemies":"3 Shapes","floor":38,"turns":6},{"damage":14,"enemies":"Transient","floor":39,"turns":6},{"damage":14,"enemies":"Maw","floor":41,"turns":5},{"damage":12,"enemies":"4 Shapes","floor":42,"turns":4},{"damage":11,"enemies":"Giant Head","floor":44,"turns":5},{"damage":0,"enemies":"3 Darklings","floor":45,"turns":1},{"damage":0,"enemies":"Nemesis","floor":46,"turns":5},{"damage":17,"enemies":"Maw","floor":47,"turns":7},{"damage":0,"enemies":"Giant Head","floor":48,"turns":5},{"damage":31,"enemies":"Awakened One","floor":50,"turns":10},{"damage":3,"enemies":"Time Eater","floor":51,"turns":2}],"seed_played":"-4897600398370370548","potions_obtained":[{"floor":1,"key":"FearPotion"},{"floor":10,"key":"AttackPotion"},{"floor":13,"key":"Poison Potion"},{"floor":18,"key":"CunningPotion"},{"floor":24,"key":"LiquidBronze"},{"floor":27,"key":"LiquidMemories"},{"floor":29,"key":"FearPotion"},{"floor":30,"key":"Swift Potion"},{"floor":35,"key":"Poison Potion"},{"floor":39,"key":"DuplicationPotion"},{"floor":41,"key":"ColorlessPotion"},{"floor":44,"key":"AttackPotion"}],"is_trial":false,"path_per_floor":["M","?","$","M","?","R","E","R","T","M","M","T","M","E","R","B",null,"M","$","?","?","M","R","E","T","T","E","R","M","M","E","R","B",null,"M","?","$","M","M","R","M","M","T","E","M","E","M","E","R","B","B",null],"character_chosen":"THE_SILENT","items_purchased":["Catalyst","Bouncing Flask","Adrenaline"],"campfire_rested":0,"item_purchase_floors":[3,3,19],"current_hp_per_floor":[59,59,59,59,59,59,59,59,59,59,54,54,54,49,49,12,53,53,53,46,46,37,37,34,34,34,38,38,38,44,44,44,38,59,59,59,59,59,45,45,43,43,43,44,44,44,39,39,39,30,39],"gold":29,"neow_bonus":"THREE_ENEMY_KILL","is_daily":false,"chose_seed":false,"campfire_upgraded":8,"win_rate":0.0,"timestamp":1610945485,"path_taken":["M","?","$","M","?","R","E","R","T","M","M","?","M","E","R","BOSS","M","$","?","?","M","R","E","?","T","E","R","M","M","E","R","BOSS","M","?","$","M","M","R","M","M","T","E","?","E","M","E","R","BOSS","BOSS"],"items_purchased_type":["Card","Card","Card"],"build_version":"2020-12-22","purchased_purges":1,"victory":true,"max_hp_per_floor":[66,66,66,66,66,66,66,66,66,66,66,66,66,66,66,66,66,66,66,66,66,66,66,66,66,66,66,66,66,66,66,66,66,66,66,66,66,66,66,66,66,66,66,66,66,66,66,66,66,66,66],"relic_stats":{"counters":[29,129],"Pen Nib":[23],"PreservedInsect":393,"Bag of Preparation":[12],"Letter Opener":[329],"Orichalcum":[48],"Mummified Hand":[12],"Gambling Chip":[50],"Tiny Chest":1,"Ectoplasm":518,"Kunai":[69],"obtain_stats":[{"NeowsBlessing":0,"Oddly Smooth Stone":14,"Pen Nib":25,"PreservedInsect":26,"Bag of Preparation":44,"Letter Opener":27,"Orichalcum":31,"Paper Crane":43,"SlaversCollar":34,"Anchor":7,"HornCleat":5,"Mummified Hand":48,"Gambling Chip":36,"Tiny Chest":9,"Ectoplasm":17,"Red Mask":20,"Kunai":12,"Toy Ornithopter":46,"Ring of the Snake":0,"Meat on the Bone":24},{"NeowsBlessing":0,"Oddly Smooth Stone":7,"Pen Nib":12,"PreservedInsect":12,"Bag of Preparation":23,"Letter Opener":13,"Orichalcum":16,"Paper Crane":22,"SlaversCollar":17,"Anchor":3,"HornCleat":2,"Mummified Hand":27,"Gambling Chip":18,"Tiny Chest":3,"Ectoplasm":8,"Red Mask":10,"Kunai":5,"Toy Ornithopter":25,"Ring of the Snake":0,"Meat on the Bone":12},{"NeowsBlessing":0,"Oddly Smooth Stone":15,"Pen Nib":40,"PreservedInsect":40,"Bag of Preparation":99,"Letter Opener":44,"Orichalcum":58,"Paper Crane":94,"SlaversCollar":70,"Anchor":3,"HornCleat":2,"Mummified Hand":117,"Gambling Chip":73,"Tiny Chest":3,"Ectoplasm":23,"Red Mask":30,"Kunai":9,"Toy Ornithopter":105,"Ring of the Snake":0,"Meat on the Bone":40}],"Toy Ornithopter":10,"Ring of the Snake":[59],"Meat on the Bone":108},"card_choices":[{"not_picked":["Outmaneuver","Riddle With Holes"],"picked":"Noxious Fumes","floor":1},{"not_picked":["Flying Knee","Expertise"],"picked":"Crippling Poison","floor":4},{"not_picked":["Leg Sweep","Deflect"],"picked":"Calculated Gamble","floor":7},{"not_picked":["Blur","Endless Agony"],"picked":"Blade Dance","floor":10},{"not_picked":["Flying Knee","Expertise"],"picked":"Leg Sweep","floor":11},{"not_picked":["PiercingWail","Venomology"],"picked":"Accuracy","floor":13},{"not_picked":["Dash","Predator"],"picked":"Slice","floor":14},{"not_picked":["A Thousand Cuts","Tools of the Trade"],"picked":"Storm of Steel","floor":16},{"not_picked":["Quick Slash","Caltrops"],"picked":"Dodge and Roll","floor":18},{"not_picked":["Bane","Underhanded Strike"],"picked":"Endless Agony","floor":20},{"not_picked":["Deadly Poison","Blade Dance"],"picked":"Cloak And Dagger+1","floor":22},{"not_picked":["Quick Slash","Sucker Punch"],"picked":"Dodge and Roll","floor":24},{"not_picked":["Bouncing Flask","Concentrate"],"picked":"Footwork","floor":27},{"not_picked":["Bane+1","Deflect"],"picked":"Deadly Poison+1","floor":29},{"not_picked":["Underhanded Strike+1","Unload"],"picked":"Acrobatics","floor":30},{"not_picked":["All Out Attack+1","Quick Slash"],"picked":"Corpse Explosion","floor":31},{"not_picked":["Venomology","Phantasmal Killer"],"picked":"A Thousand Cuts","floor":33},{"not_picked":["Quick Slash","Acrobatics"],"picked":"Catalyst","floor":35},{"not_picked":["Predator","Footwork"],"picked":"Deflect+1","floor":38},{"not_picked":["Deadly Poison","Flechettes+1"],"picked":"Prepared+1","floor":39},{"not_picked":["PiercingWail","Storm of Steel"],"picked":"Well Laid Plans","floor":41},{"not_picked":["Slice","PiercingWail","Dagger Spray"],"picked":"SKIP","floor":42},{"not_picked":["Flying Knee","Deflect+1"],"picked":"Cloak And Dagger+1","floor":44},{"not_picked":["Expertise","Deadly Poison","Outmaneuver"],"picked":"SKIP","floor":45},{"not_picked":["Flying Knee","Dagger Throw+1"],"picked":"Underhanded Strike","floor":46},{"not_picked":["PiercingWail","Tactician"],"picked":"Catalyst","floor":47},{"not_picked":["Backflip","Underhanded Strike"],"picked":"Night Terror","floor":48}],"player_experience":2343749,"relics_obtained":[{"floor":7,"key":"Anchor"},{"floor":9,"key":"Tiny Chest"},{"floor":12,"key":"Kunai"},{"floor":14,"key":"Oddly Smooth Stone"},{"floor":20,"key":"Red Mask"},{"floor":24,"key":"Meat on the Bone"},{"floor":25,"key":"Pen Nib"},{"floor":26,"key":"PreservedInsect"},{"floor":27,"key":"Letter Opener"},{"floor":31,"key":"Orichalcum"},{"floor":43,"key":"Paper Crane"},{"floor":44,"key":"Bag of Preparation"},{"floor":46,"key":"Toy Ornithopter"},{"floor":48,"key":"Mummified Hand"}],"event_choices":[{"damage_healed":0,"gold_gain":150,"player_choice":"AGREE","damage_taken":0,"max_hp_gain":0,"max_hp_loss":0,"event_name":"Liars Game","floor":2,"gold_loss":0,"cards_obtained":["Doubt"]},{"damage_healed":0,"gold_gain":0,"player_choice":"Box","damage_taken":0,"relics_obtained":["HornCleat"],"max_hp_gain":0,"max_hp_loss":0,"event_name":"Big Fish","floor":5,"gold_loss":0,"cards_obtained":["Regret"]},{"damage_healed":0,"gold_gain":0,"player_choice":"Fought Bandits","damage_taken":0,"max_hp_gain":0,"max_hp_loss":0,"event_name":"Masked Bandits","floor":20,"gold_loss":0},{"cards_removed":["Regret"],"damage_healed":0,"gold_gain":0,"player_choice":"Gave Gold","damage_taken":0,"max_hp_gain":0,"max_hp_loss":0,"event_name":"Beggar","floor":21,"gold_loss":75},{"damage_healed":0,"gold_gain":0,"player_choice":"Gave Potion","damage_taken":0,"relics_obtained":["Gambling Chip"],"max_hp_gain":0,"max_hp_loss":0,"event_name":"WeMeetAgain","floor":36,"gold_loss":0}],"is_beta":false,"boss_relics":[{"not_picked":["Runic Dome","Velvet Choker"],"picked":"Ectoplasm"},{"not_picked":["Empty Cage","Fusion Hammer"],"picked":"SlaversCollar"}],"items_purged_floors":[3],"is_endless":false,"potions_floor_spawned":[1,10,11,13,18,24,27,29,30,35,39,41,44,46],"ascension_level":20}}