{"host":"d61fcf2p3sjwe6yo","time":1610973544,"event":{"mods":["AchievementEnabler","BaseMod","Colored Map","Downfall","Minty Spire (QoL Compilation)","StSLib","SuperFastMode"],"gold_per_floor":[99,117,117,128,128,128,128,140,170,183,199,199,199,224,235,335,335,235,235,235,250,261,17,41,41,41,76,109,9,19,19,38,137,187,187,214,264,278,304,204,227,327,359,359,393,410,410,430,441,441,441,473,13,13,13,13],"floor_reached":57,"language":"ENG","playtime":4319,"items_purged":["bronze:Strike"],"score":2284,"play_id":"acebb94b-ae5e-4de4-b500-618a3330f465","local_time":"20210118153904","is_ascension_mode":true,"campfire_choices":[{"data":"bronze:Replicate","floor":1.0,"key":"SMITH"},{"data":"bronze:ClassDefault","floor":13.0,"key":"SMITH"},{"data":"bronze:HardenedForm","floor":18.0,"key":"SMITH"},{"floor":25.0,"key":"RECALL"},{"data":"bronze:HardenedForm","floor":29.0,"key":"SMITH"},{"data":"bronze:Mutator","floor":35,"key":"SMITH"},{"data":"bronze:Format","floor":40,"key":"SMITH"},{"data":"bronze:Return","floor":44,"key":"SMITH"},{"data":"bronze:Assembly","floor":54,"key":"SMITH"}],"circlet_count":0,"master_deck":["bronze:Strike","bronze:Strike","bronze:Strike","bronze:Defend","bronze:Defend","bronze:Defend","bronze:Defend","bronze:Replicate+1","bronze:Goto","bronze:Repair","bronze:TinkerersToolbox","bronze:GetLatest+1","bronze:ClassDefault+1","bronze:HardenedForm+1","bronze:Format+1","CurseOfTheBell","bronze:Branch","bronze:CutThrough+1","bronze:HardenedForm+1","bronze:Constructor+1","bronze:Return+1","bronze:Mutator+1","bronze:ForceShield+1","bronze:GetLatest+1","bronze:Branch+1","bronze:Branch+1","bronze:Assembly+1"],"relics":["sneckomod:SneckoTalon","bronze:SilverBullet","Shuriken","Akabeko","bronze:ProtectiveGoggles","Calling Bell","bronze:BronzeIdol","Blue Candle","Lizard Tail","downfall:HeartBlessingGreen","bronze:BottledCode","hexamod:BolsterEngine","Tiny Chest","PreservedInsect","Red Mask","downfall:HeartBlessingRed","Tiny House","Bird Faced Urn","Vajra","ClockworkSouvenir","downfall:HeartBlessingBlue","Pen Nib","Potion Belt","Regal Pillow","Lantern","Molten Egg 2","Happy Flower","champ:DuelingGlove"],"acts_visited":["Exordium","TheCity","TheBeyond","TheEnding"],"potions_floor_usage":[38,56,56,56,56,56,56,56,56],"damage_taken":[{"damage":3.0,"enemies":"2 Louse","floor":2.0,"turns":2.0},{"damage":3.0,"enemies":"Jaw Worm","floor":4.0,"turns":3.0},{"damage":0.0,"enemies":"Cultist","floor":8.0,"turns":3.0},{"damage":10.0,"enemies":"3 Sentries","floor":9.0,"turns":8.0},{"damage":7.0,"enemies":"2 Fungi Beasts","floor":10.0,"turns":2.0},{"damage":0.0,"enemies":"Blue Slaver","floor":11.0,"turns":4.0},{"damage":13.0,"enemies":"Lagavulin","floor":14.0,"turns":6.0},{"damage":6.0,"enemies":"Large Slime","floor":15.0,"turns":7.0},{"damage":57.0,"enemies":"IC_STATUS_ARCHETYPE","floor":16.0,"turns":10.0},{"damage":16.0,"enemies":"Chosen","floor":21.0,"turns":5.0},{"damage":14.0,"enemies":"Shell Parasite","floor":22.0,"turns":5.0},{"damage":0.0,"enemies":"downfall:FleeingMerchant","floor":23.0,"turns":4.0},{"damage":17.0,"enemies":"Slavers","floor":27.0,"turns":4.0},{"damage":0.0,"enemies":"Masked Bandits","floor":28.0,"turns":4.0},{"damage":0.0,"enemies":"Cultist and Chosen","floor":30.0,"turns":3.0},{"damage":8.0,"enemies":"Snake Plant","floor":32.0,"turns":3.0},{"damage":6.0,"enemies":"DF_ARCHETYPE_CLAW","floor":33.0,"turns":8.0},{"damage":1,"enemies":"2 Orb Walkers","floor":37,"turns":4},{"damage":4,"enemies":"3 Darklings","floor":38,"turns":5},{"damage":15,"enemies":"downfall:FleeingMerchant","floor":39,"turns":4},{"damage":0,"enemies":"downfall:LadyInBlue","floor":42,"turns":6},{"damage":2,"enemies":"Nemesis","floor":43,"turns":5},{"damage":0,"enemies":"Giant Head","floor":45,"turns":6},{"damage":0,"enemies":"Orb Walker","floor":46,"turns":2},{"damage":0,"enemies":"Maw","floor":48,"turns":4},{"damage":0,"enemies":"4 Shapes","floor":49,"turns":3},{"damage":30,"enemies":"SI_POISON_ARCHETYPE","floor":50,"turns":11},{"damage":9,"enemies":"downfall:CharBossMerchant","floor":52,"turns":6},{"damage":16,"enemies":"downfall:NeowBoss","floor":55,"turns":15},{"damage":16,"enemies":"downfall:NeowBossFinal","floor":56,"turns":13}],"seed_played":"-7321173187239091683","potions_obtained":[{"floor":8.0,"key":"FairyPotion"},{"floor":9.0,"key":"hexamod:SoulburnPotion"},{"floor":10.0,"key":"Swift Potion"},{"floor":11.0,"key":"Block Potion"},{"floor":21.0,"key":"sneckomod:MuddlingPotion"},{"floor":30.0,"key":"Swift Potion"},{"floor":32.0,"key":"Dexterity Potion"},{"floor":34,"key":"DistilledChaos"},{"floor":38,"key":"EssenceOfSteel"},{"floor":42,"key":"EntropicBrew"},{"floor":42,"key":"Regen Potion"},{"floor":42,"key":"Swift Potion"},{"floor":43,"key":"ColorlessPotion"},{"floor":48,"key":"Strength Potion"}],"is_trial":false,"path_per_floor":["R","M","?","M","?","?","T","M","E","M","M","?","R","E","M","B",null,"R","?","?","M","M","$","T","R","?","E","?","R","M","?","M","B",null,"R","T","?","M","$","R","T","?","E","R","E","M","T","M","M","B",null,"E","$","R","B","B",null],"character_chosen":"THE_AUTOMATON","items_purchased":["hexamod:BolsterEngine","Vajra","ClockworkSouvenir","champ:DuelingGlove","bronze:Assembly"],"campfire_rested":0,"item_purchase_floors":[23,39,39,53,53],"current_hp_per_floor":[63,60,65,69,66,66,66,73,65,65,72,72,72,62,63,13,60,60,60,60,49,42,49,49,49,49,46,53,53,60,60,57,58,68,68,68,69,69,57,67,67,80,80,80,80,80,80,80,80,50,73,75,75,75,69,70],"gold":13,"neow_bonus":"BOSS_RELIC","is_daily":false,"chose_seed":false,"campfire_upgraded":8,"win_rate":0.0,"timestamp":1610973544,"path_taken":["R","M","?","M","?","?","T","M","E","?","M","?","R","E","M","BOSS","R","?","?","M","M","$","T","R","?","E","?","R","M","?","M","BOSS","R","?","?","M","$","R","T","?","E","R","E","?","?","M","M","BOSS","E","$","R","BOSS","BOSS"],"items_purchased_type":["Relic","Relic","Relic","Relic","Card"],"build_version":"2020-12-22","purchased_purges":1,"victory":true,"max_hp_per_floor":[70,70,75,75,75,75,75,75,75,75,75,75,75,75,75,75,75,75,65,65,65,65,65,65,65,65,65,65,65,65,65,65,65,70,70,70,70,70,70,80,80,80,80,80,80,80,80,80,80,80,80,80,80,80,80,80],"card_choices":[{"not_picked":["bronze:OilSpill","bronze:NullPointer"],"picked":"bronze:Repair","floor":2.0},{"not_picked":["bronze:Deprecate","bronze:Overheat","bronze:ItsAFeature"],"picked":"SKIP","floor":4.0},{"not_picked":["bronze:Optimize","bronze:WildBeam"],"picked":"bronze:GetLatest","floor":8.0},{"not_picked":["bronze:Terminator","bronze:Separator"],"picked":"bronze:ClassDefault","floor":9.0},{"not_picked":["bronze:Philosophize","bronze:ForceShield","bronze:Frontload"],"picked":"SKIP","floor":10.0},{"not_picked":["bronze:Invalidate","bronze:DelayedSlice","bronze:Iterate"],"picked":"SKIP","floor":11.0},{"not_picked":["bronze:Format","bronze:Overheat"],"picked":"bronze:HardenedForm","floor":14.0},{"not_picked":["bronze:ForceShield","bronze:OilSpill","bronze:WildBeam"],"picked":"SKIP","floor":15.0},{"not_picked":["bronze:ShipIt","bronze:Break"],"picked":"bronze:Format","floor":16.0},{"not_picked":["bronze:Boost","bronze:Constructor"],"picked":"bronze:Branch","floor":21.0},{"not_picked":["bronze:OilSpill","bronze:Invalidate+1","bronze:DelayedSlice"],"picked":"SKIP","floor":22.0},{"not_picked":["bronze:BitShift","bronze:Overheat","bronze:Invalidate+1"],"picked":"SKIP","floor":23.0},{"not_picked":["bronze:ForceShield","bronze:Repair"],"picked":"bronze:CutThrough+1","floor":27.0},{"not_picked":["bronze:CutThrough+1","bronze:Overheat"],"picked":"bronze:HardenedForm","floor":28.0},{"not_picked":["bronze:Separator+1","bronze:BitShift"],"picked":"bronze:Constructor+1","floor":30.0},{"not_picked":["bronze:Deprecate","bronze:OilSpill","bronze:Philosophize"],"picked":"SKIP","floor":32.0},{"not_picked":["bronze:Break","bronze:BurnOut"],"picked":"bronze:Mutator","floor":33.0},{"not_picked":["bronze:DelayedGuard+1","bronze:Safeguard+1","bronze:FollowUp+1"],"picked":"SKIP","floor":38},{"not_picked":["bronze:ChildClass","bronze:Turbo+1"],"picked":"bronze:ForceShield+1","floor":39},{"not_picked":["bronze:BugBarrage","bronze:ChildClass+1"],"picked":"bronze:GetLatest+1","floor":43},{"not_picked":["bronze:WhirlingStrike","bronze:TinkerersToolbox","bronze:Boost+1"],"picked":"SKIP","floor":45},{"not_picked":["bronze:Frontload","bronze:Iterate+1"],"picked":"bronze:Branch+1","floor":46},{"not_picked":["bronze:CutThrough+1","bronze:OilSpill+1"],"picked":"bronze:Branch+1","floor":48},{"not_picked":["bronze:BitShift","bronze:Invalidate","bronze:DelayedSlice+1"],"picked":"SKIP","floor":49},{"not_picked":["bronze:Overheat+1","bronze:ChosenStrike+1","bronze:Flail+1"],"picked":"SKIP","floor":52}],"player_experience":590738,"relics_obtained":[{"floor":7.0,"key":"Shuriken"},{"floor":9.0,"key":"Akabeko"},{"floor":14.0,"key":"bronze:ProtectiveGoggles"},{"floor":17.0,"key":"bronze:BronzeIdol"},{"floor":17.0,"key":"Blue Candle"},{"floor":17.0,"key":"Lizard Tail"},{"floor":24.0,"key":"Tiny Chest"},{"floor":27.0,"key":"PreservedInsect"},{"floor":28.0,"key":"Red Mask"},{"floor":37,"key":"Bird Faced Urn"},{"floor":41,"key":"Pen Nib"},{"floor":42,"key":"Potion Belt"},{"floor":43,"key":"Regal Pillow"},{"floor":45,"key":"Lantern"},{"floor":47,"key":"Molten Egg 2"},{"floor":52,"key":"Happy Flower"}],"event_choices":[{"damage_healed":0.0,"max_hp_gain":5.0,"max_hp_loss":0.0,"gold_gain":0.0,"event_name":"Big Fish","player_choice":"Donut","floor":3.0,"gold_loss":0.0,"damage_taken":0.0},{"damage_healed":0.0,"max_hp_gain":0.0,"max_hp_loss":0.0,"gold_gain":0.0,"event_name":"Scrap Ooze","player_choice":"Success","floor":5.0,"gold_loss":0.0,"damage_taken":3.0,"relics_obtained":["bronze:SilverBullet"]},{"damage_healed":0.0,"max_hp_gain":0.0,"max_hp_loss":0.0,"gold_gain":0.0,"event_name":"Masked Bandits","player_choice":"Fought Bandits","floor":28.0,"gold_loss":0.0,"damage_taken":0.0},{"damage_healed":0.0,"max_hp_gain":0.0,"max_hp_loss":0.0,"gold_gain":0.0,"event_name":"The Library","player_choice":"Read","floor":31.0,"gold_loss":0.0,"damage_taken":0.0,"cards_obtained":["bronze:Return"]},{"damage_healed":0,"gold_gain":0,"player_choice":"Fight","damage_taken":0,"max_hp_gain":0,"max_hp_loss":0,"event_name":"Mysterious Sphere","floor":37,"gold_loss":0}],"is_beta":false,"boss_relics":[{"not_picked":["SacredBark","Snecko Eye"],"picked":"Calling Bell"},{"not_picked":["Empty Cage","Astrolabe"],"picked":"Tiny House"}],"items_purged_floors":[23],"is_endless":false,"potions_floor_spawned":[8,9,10,11,21,30,32,37,38,42,43,48],"ascension_level":6}}