{"host":"appz8zkad29u9482","time":1610940703,"event":{"mods":["2.2 Compatiblity","Act Like it!","Aspiration","BaseMod","Beaked The Cultist","Better Altar","Better Match","Better Note","Better Skull","Better Third Choice","BetterRewards","CapriCore","Conspire","Disable Question Mark Monsters","Energized Spire","Gensokyo","GifTheSpireLib","Gold Saver","Halation","Hermit","Hubris","Infinite Spire","Jedi Mod","Luminous","Marisa????????","Minty Spire (QoL Compilation)","Permanent Neow","Reimu??????","Replay The Spire","Spicy Shops","StSLib","Strawberry Spire","Stuff the Spire","The Administrix","The Bug Knight","The Construct","The Cursed","The Florist","The Hierophant","The Immortal","The Servant 0.9.4","yUi"],"gold_per_floor":[113,113,136,136,136,178,178,22,22,45,45,45,45,78,78,78,78],"floor_reached":16,"language":"ENG","playtime":631,"items_purged":[],"score":129,"play_id":"aef80748-9019-4157-a2b7-612a8703ffbd","local_time":"20210117173143","is_ascension_mode":true,"campfire_choices":[{"data":"hierophant:Doubloon","floor":11,"key":"SMITH"},{"data":"hierophant:ChurchCoffers","floor":13,"key":"SMITH"},{"data":"hierophant:ThreeLashes","floor":15,"key":"SMITH"}],"circlet_count":0,"master_deck":["hierophant:Strike_Hierophant","hierophant:Strike_Hierophant","hierophant:Strike_Hierophant","hierophant:Strike_Hierophant","hierophant:Punish","hierophant:Defend_Hierophant","hierophant:Defend_Hierophant","hierophant:Defend_Hierophant","hierophant:Defend_Hierophant","hierophant:ChurchCoffers+1","hierophant:Doubloon+1","hierophant:Refuge","Injury","hierophant:ThreeLashes+1","Regret","hierophant:Cornucopia+1"],"relics":["hierophant:PropheticMaskRelic","NeowsBlessing","Toxic Egg 2","hubris:Towel","infinitespire:Lucky Rock","PureWhite:ReiMu","halation:PinkSoulGem","halation:LettersToHer","hubris:SphereOfDissonance"],"acts_visited":["Exordium"],"potions_floor_usage":[16],"damage_taken":[{"damage":0,"enemies":"Small Slimes","floor":1,"turns":1},{"damage":0,"enemies":"Jaw Worm","floor":3,"turns":1},{"damage":0,"enemies":"3 Sentries","floor":6,"turns":1},{"damage":9,"enemies":"2 Louse","floor":10,"turns":2},{"damage":5,"enemies":"Red Slaver","floor":14,"turns":3},{"damage":61,"enemies":"Hexaghost","floor":16,"turns":9}],"seed_played":"-247942937488743731","potions_obtained":[{"floor":1,"key":"ZuzhouPotion:ReiMu"},{"floor":6,"key":"AttackPotion"}],"is_trial":false,"path_per_floor":["M","?","M","?","?","E","?","$","T","M","R","T","R","M","R","B"],"character_chosen":"HIEROPHANT","items_purchased":["halation:LettersToHer"],"campfire_rested":0,"item_purchase_floors":[8],"current_hp_per_floor":[75,75,75,75,75,75,75,75,75,66,66,66,66,61,61,0,0],"gold":78,"neow_bonus":"THREE_ENEMY_KILL","is_daily":false,"chose_seed":false,"campfire_upgraded":3,"win_rate":0.0,"timestamp":1610940703,"path_taken":["M","?","M","?","?","E","?","$","T","M","R","?","R","M","R","BOSS"],"items_purchased_type":["Relic"],"build_version":"2020-12-22","purchased_purges":0,"victory":false,"max_hp_per_floor":[75,75,75,75,75,75,75,75,75,75,75,75,75,75,75,75,75],"card_choices":[{"not_picked":["hierophant:AuricBeam","hierophant:Purify"],"picked":"hierophant:Refuge","floor":1},{"not_picked":["hierophant:AuricBeam","hierophant:Zeal"],"picked":"hierophant:ThreeLashes","floor":3},{"not_picked":["hierophant:PassingBell","hierophant:TollTheBells+1","hierophant:Martyrdom"],"picked":"SKIP","floor":6},{"not_picked":["hierophant:ThreeLashes","hierophant:Doomsaying+1"],"picked":"hierophant:Cornucopia+1","floor":10},{"not_picked":["hierophant:LocustPlague","hierophant:SealAway","hierophant:HolyVerse+1"],"picked":"SKIP","floor":14}],"player_experience":545678,"relics_obtained":[{"floor":6,"key":"PureWhite:ReiMu"},{"floor":9,"key":"halation:LettersToHer"},{"floor":12,"key":"halation:LettersToHer"},{"floor":12,"key":"hubris:SphereOfDissonance"}],"event_choices":[{"damage_healed":0,"gold_gain":0,"player_choice":"Box","damage_taken":0,"relics_obtained":["infinitespire:Lucky Rock"],"max_hp_gain":0,"max_hp_loss":0,"event_name":"Big Fish","floor":5,"gold_loss":0,"cards_obtained":["Regret"]}],"is_beta":false,"boss_relics":[],"items_purged_floors":[],"is_endless":false,"potions_floor_spawned":[1,6],"killed_by":"Hexaghost","ascension_level":1}}