{"host":"w4b7hmige5bnqipq","time":1610986998,"event":{"mods":["2.2 Compatiblity","BaseMod","Colored Map","DeckTracker","Keyboard Shortcuts","Minty Spire (QoL Compilation)","Permanent Neow","Rare Cards Sparkle","SuperFastMode","everything is the same but u backflip on backflip","slay the spire mod where everything is the same but ironclad has a cowboy hat"],"gold_per_floor":[16,33,44,44,56,85,85,99,125,50,50,50,63,97,97,97,97],"floor_reached":16,"language":"KOR","playtime":471,"items_purged":["Strike_G"],"score":224,"play_id":"dca7a73a-8a80-4549-8699-5f313a35d2b7","local_time":"20210119002318","is_ascension_mode":true,"campfire_choices":[{"data":"Envenom","floor":7.0,"key":"SMITH"},{"data":"Cloak And Dagger","floor":12.0,"key":"SMITH"},{"floor":15.0,"key":"REST"}],"circlet_count":0,"master_deck":["AscendersBane","Strike_G","Strike_G","Strike_G+1","Defend_G","Defend_G","Defend_G","Defend_G","Defend_G","Survivor","Neutralize","Envenom+1","Dagger Spray+1","Cloak And Dagger+1","Finisher","Crippling Poison","A Thousand Cuts","Backflip"],"relics":["Ring of the Snake","Orichalcum","Whetstone","Bag of Preparation"],"acts_visited":["Exordium"],"potions_floor_usage":[16],"damage_taken":[{"damage":2.0,"enemies":"Cultist","floor":1.0,"turns":5.0},{"damage":0.0,"enemies":"2 Louse","floor":2.0,"turns":3.0},{"damage":11.0,"enemies":"Jaw Worm","floor":3.0,"turns":7.0},{"damage":10.0,"enemies":"Red Slaver","floor":5.0,"turns":4.0},{"damage":2.0,"enemies":"3 Sentries","floor":6.0,"turns":6.0},{"damage":12.0,"enemies":"Large Slime","floor":8.0,"turns":5.0},{"damage":7.0,"enemies":"Exordium Wildlife","floor":13.0,"turns":5.0},{"damage":17.0,"enemies":"Gremlin Nob","floor":14.0,"turns":4.0},{"damage":24,"enemies":"The Guardian","floor":16,"turns":10}],"seed_played":"-8410913808105622392","potions_obtained":[{"floor":2.0,"key":"ColorlessPotion"},{"floor":3.0,"key":"BlessingOfTheForge"},{"floor":13.0,"key":"SpeedPotion"}],"is_trial":false,"path_per_floor":["M","M","M","?","M","E","R","M","T","$","?","R","M","E","R","B"],"character_chosen":"THE_SILENT","items_purchased":[],"campfire_rested":1,"item_purchase_floors":[],"current_hp_per_floor":[57,57,46,51,41,39,39,27,27,27,27,27,20,3,24,0,0],"gold":97,"neow_bonus":"THREE_RARE_CARDS","is_daily":false,"chose_seed":false,"campfire_upgraded":2,"win_rate":0.0,"timestamp":1610986998,"path_taken":["M","?","M","?","M","E","R","M","T","$","?","R","M","E","R","BOSS"],"items_purchased_type":[],"build_version":"2020-12-22","purchased_purges":1,"victory":false,"max_hp_per_floor":[66,66,66,71,71,71,71,71,71,71,71,71,71,71,71,71,71],"card_choices":[{"not_picked":["After Image","Tools of the Trade"],"picked":"Envenom","floor":0.0},{"not_picked":["Bouncing Flask","Quick Slash"],"picked":"Dagger Spray","floor":1.0},{"not_picked":["Quick Slash","Endless Agony"],"picked":"Cloak And Dagger","floor":2.0},{"not_picked":["Heel Hook","Flying Knee"],"picked":"Finisher","floor":3.0},{"not_picked":["Dagger Throw","Acrobatics"],"picked":"Crippling Poison","floor":5.0},{"not_picked":["Quick Slash","Predator"],"picked":"A Thousand Cuts","floor":6.0},{"not_picked":["Setup","Escape Plan","Caltrops"],"picked":"SKIP","floor":8.0},{"not_picked":["Slice","Heel Hook"],"picked":"Backflip","floor":13.0},{"not_picked":["Backstab","Cloak And Dagger","Prepared"],"picked":"SKIP","floor":14.0}],"player_experience":517551,"relics_obtained":[{"floor":6.0,"key":"Orichalcum"},{"floor":9.0,"key":"Whetstone"},{"floor":14.0,"key":"Bag of Preparation"}],"event_choices":[{"damage_healed":0.0,"max_hp_gain":5.0,"max_hp_loss":0.0,"gold_gain":0.0,"event_name":"Big Fish","player_choice":"Donut","floor":4.0,"gold_loss":0.0,"damage_taken":0.0},{"cards_removed":["Strike_G"],"damage_healed":0.0,"max_hp_gain":0.0,"max_hp_loss":0.0,"gold_gain":0.0,"event_name":"Living Wall","player_choice":"Forget","floor":11.0,"gold_loss":0.0,"damage_taken":0.0}],"is_beta":false,"boss_relics":[],"items_purged_floors":[10],"is_endless":false,"potions_floor_spawned":[2,3,13],"killed_by":"The Guardian","ascension_level":20}}