{"host":"cw25u8qal1h0d7ia","time":1610977815,"event":{"mods":["BaseMod","Downfall","Minty Spire (QoL Compilation)","StSLib"],"gold_per_floor":[99,114,264,283,298,198,224,240,240,265,281,281,181,181,194,194,194],"floor_reached":16,"language":"ENG","playtime":3769,"items_purged":[],"score":112,"play_id":"46492e94-783e-4a2d-a130-4d3dc67929cf","local_time":"20210118145015","is_ascension_mode":true,"campfire_choices":[{"floor":1,"key":"RECALL"},{"data":"bronze:InfiniteBeams","floor":6,"key":"SMITH"},{"data":"bronze:Goto","floor":9,"key":"SMITH"},{"floor":13,"key":"REST"}],"circlet_count":0,"master_deck":["bronze:Strike","bronze:Strike","bronze:Strike","bronze:Strike","bronze:Defend","bronze:Defend","bronze:Defend","bronze:Defend","bronze:Replicate","bronze:Goto+1","bronze:InfiniteBeams+1","bronze:Deprecate","bronze:InfiniteLoop","bronze:Constructor"],"relics":["bronze:BronzeCore","downfall:HeartBlessingRed","MealTicket","Question Card","downfall:HeartBlessingGreen","downfall:BrokenWingStatue"],"acts_visited":["Exordium"],"potions_floor_usage":[15,16],"damage_taken":[{"damage":5,"enemies":"Jaw Worm","floor":2,"turns":5},{"damage":12,"enemies":"2 Louse","floor":4,"turns":3},{"damage":9,"enemies":"Small Slimes","floor":5,"turns":4},{"damage":11,"enemies":"3 Louse","floor":8,"turns":5},{"damage":16,"enemies":"Lagavulin","floor":10,"turns":7},{"damage":8,"enemies":"Blue Slaver","floor":11,"turns":5},{"damage":4,"enemies":"Large Slime","floor":15,"turns":4},{"damage":37,"enemies":"IC_STATUS_ARCHETYPE","floor":16,"turns":8}],"seed_played":"3868733899680513567","potions_obtained":[{"floor":8,"key":"Dexterity Potion"},{"floor":11,"key":"Slimebound:ThreeZeroPotion"}],"is_trial":false,"path_per_floor":["R","M","?","M","M","R","T","M","R","E","M","?","R","?","M","B"],"character_chosen":"THE_AUTOMATON","items_purchased":[],"campfire_rested":1,"item_purchase_floors":[],"current_hp_per_floor":[77,72,72,60,51,51,51,40,40,24,16,16,39,39,35,0,0],"gold":194,"neow_bonus":"TEN_PERCENT_HP_BONUS","is_daily":false,"chose_seed":false,"campfire_upgraded":2,"win_rate":0.0,"timestamp":1610977815,"path_taken":["R","M","?","M","M","R","T","M","R","E","M","?","R","?","M","BOSS"],"items_purchased_type":[],"build_version":"2020-12-22","purchased_purges":0,"victory":false,"max_hp_per_floor":[77,77,77,77,77,77,77,77,77,77,77,77,77,77,77,77,77],"card_choices":[{"not_picked":["bronze:Turbo","bronze:DelayedGuard","bronze:BronzeOrb"],"picked":"SKIP","floor":2},{"not_picked":["bronze:WildBeam","bronze:Overload","bronze:DelayedSlice"],"picked":"SKIP","floor":4},{"not_picked":["bronze:DelayedSlice","bronze:GetLatest"],"picked":"bronze:InfiniteBeams","floor":5},{"not_picked":["bronze:Overheat","bronze:FollowUp"],"picked":"bronze:Deprecate","floor":8},{"not_picked":["bronze:WildBeam","bronze:Deprecate","bronze:Boost"],"picked":"SKIP","floor":10},{"not_picked":["bronze:WhirlingStrike","bronze:WildBeam","bronze:BuggyMess"],"picked":"bronze:InfiniteLoop","floor":11},{"not_picked":["bronze:OilSpill","bronze:Separator","bronze:BuggyMess"],"picked":"bronze:Constructor","floor":15}],"player_experience":584589,"relics_obtained":[{"floor":7,"key":"MealTicket"},{"floor":10,"key":"Question Card"}],"event_choices":[{"cards_removed":["downfall:Icky"],"damage_healed":0,"gold_gain":0,"player_choice":"Card Removal","damage_taken":0,"max_hp_gain":0,"max_hp_loss":0,"event_name":"The Cleric","floor":12,"gold_loss":0}],"is_beta":false,"boss_relics":[],"items_purged_floors":[],"is_endless":false,"potions_floor_spawned":[8,11],"killed_by":"IC_STATUS_ARCHETYPE","ascension_level":2}}