{"host":"6bsan6hkua32tfq7","time":1610987284,"event":{"mods":["BaseMod","Better Third Choice","Colored Map","Highlight Path","Minty Spire (QoL Compilation)","StSLib"],"gold_per_floor":[118,118,132,132,150,150,182,182,182,182,211,211,50,50,50,127,127,142,142,161,161,30,30,30],"floor_reached":23,"language":"ENG","playtime":664,"items_purged":["Strike_G"],"score":390,"play_id":"de3c75f6-9f92-453e-8d12-5b2372299522","local_time":"20210118172804","is_ascension_mode":true,"campfire_choices":[{"data":"Deadly Poison","floor":6,"key":"SMITH"},{"data":"Footwork","floor":8,"key":"SMITH"},{"data":"Dagger Spray","floor":12,"key":"SMITH"},{"data":"After Image","floor":15,"key":"SMITH"}],"circlet_count":0,"master_deck":["AscendersBane","Strike_G","Strike_G","Defend_G","Defend_G","Survivor","Neutralize","Distraction+1","Night Terror+1","Sucker Punch+1","Footwork+1","Deadly Poison+1","Sucker Punch","Dagger Spray+1","After Image+1","A Thousand Cuts","Infinite Blades","Noxious Fumes","Terror+1"],"relics":["Astrolabe","Meat on the Bone","Ornamental Fan","Nunchaku","Lee\u0027s Waffle","Fusion Hammer"],"acts_visited":["Exordium","TheCity"],"potions_floor_usage":[11,11,23,23,23],"damage_taken":[{"damage":0,"enemies":"Jaw Worm","floor":1,"turns":5},{"damage":0,"enemies":"Small Slimes","floor":3,"turns":2},{"damage":1,"enemies":"2 Louse","floor":5,"turns":2},{"damage":21,"enemies":"Lagavulin","floor":7,"turns":5},{"damage":29,"enemies":"3 Sentries","floor":11,"turns":6},{"damage":9,"enemies":"The Guardian","floor":16,"turns":16},{"damage":10,"enemies":"Chosen","floor":18,"turns":5},{"damage":12,"enemies":"Shell Parasite","floor":20,"turns":6},{"damage":36,"enemies":"Book of Stabbing","floor":23,"turns":5}],"seed_played":"3071170758907660675","potions_obtained":[{"floor":1,"key":"Poison Potion"},{"floor":5,"key":"LiquidMemories"},{"floor":18,"key":"EntropicBrew"}],"is_trial":false,"path_per_floor":["M","?","M","?","M","R","E","R","T","?","E","R","$","?","R","B",null,"M","?","M","?","$","E"],"character_chosen":"THE_SILENT","items_purchased":["Lee\u0027s Waffle","Explosive Potion"],"campfire_rested":0,"item_purchase_floors":[13,22],"current_hp_per_floor":[59,52,52,52,51,51,30,30,30,35,18,18,78,78,78,69,76,66,66,54,32,32,0,0],"gold":30,"neow_bonus":"BOSS_RELIC","is_daily":false,"chose_seed":false,"campfire_upgraded":4,"win_rate":0.0,"timestamp":1610987284,"path_taken":["M","?","M","?","M","R","E","R","T","?","E","R","$","?","R","BOSS","M","?","M","?","$","E"],"items_purchased_type":["Relic","Potion"],"build_version":"2020-12-22","purchased_purges":1,"victory":false,"max_hp_per_floor":[66,66,66,66,66,66,66,66,66,71,71,71,78,78,78,78,78,78,78,78,83,83,83,83],"card_choices":[{"not_picked":["Expertise","Bane"],"picked":"Footwork","floor":1},{"not_picked":["Bane","Flechettes"],"picked":"Deadly Poison","floor":3},{"not_picked":["Dodge and Roll","Outmaneuver"],"picked":"Sucker Punch","floor":5},{"not_picked":["Deflect","Poisoned Stab"],"picked":"Dagger Spray","floor":7},{"not_picked":["Calculated Gamble","Outmaneuver"],"picked":"After Image","floor":11},{"not_picked":["Phantasmal Killer","Doppelganger"],"picked":"A Thousand Cuts","floor":16},{"not_picked":["Footwork","Slice"],"picked":"Infinite Blades","floor":18},{"not_picked":["Bane","Outmaneuver"],"picked":"Terror+1","floor":20}],"player_experience":5298626,"relics_obtained":[{"floor":7,"key":"Meat on the Bone"},{"floor":9,"key":"Ornamental Fan"},{"floor":11,"key":"Nunchaku"}],"event_choices":[{"cards_removed":["Defend_G"],"damage_healed":0,"gold_gain":0,"player_choice":"Card Removal","damage_taken":7,"max_hp_gain":0,"max_hp_loss":0,"event_name":"Golden Wing","floor":2,"gold_loss":0},{"cards_removed":["Strike_G"],"damage_healed":0,"gold_gain":0,"player_choice":"Forget","damage_taken":0,"max_hp_gain":0,"max_hp_loss":0,"event_name":"Living Wall","floor":4,"gold_loss":0},{"damage_healed":0,"gold_gain":0,"player_choice":"Donut","damage_taken":0,"max_hp_gain":5,"max_hp_loss":0,"event_name":"Big Fish","floor":10,"gold_loss":0},{"damage_healed":0,"gold_gain":0,"player_choice":"Leave","damage_taken":0,"max_hp_gain":0,"max_hp_loss":0,"event_name":"The Cleric","floor":14,"gold_loss":0},{"damage_healed":0,"gold_gain":0,"player_choice":"Read","damage_taken":0,"max_hp_gain":0,"max_hp_loss":0,"event_name":"The Library","floor":19,"gold_loss":0,"cards_obtained":["Noxious Fumes"]},{"damage_healed":0,"gold_gain":0,"player_choice":"Shed Blood","damage_taken":27,"max_hp_gain":5,"max_hp_loss":0,"event_name":"Forgotten Altar","floor":21,"gold_loss":0}],"is_beta":false,"boss_relics":[{"not_picked":["Velvet Choker","Ectoplasm"],"picked":"Fusion Hammer"}],"items_purged_floors":[22],"is_endless":false,"potions_floor_spawned":[1,5,18],"killed_by":"Book of Stabbing","ascension_level":20}}