{"host":"b96hyfeqj1peltkw","time":1610962268,"event":{"mods":["AchievementEnabler","Act Like it!","BaseMod","Block Reminder","Gensokyo","Hermit","Marisa（霧雨　魔理沙）","Minty Spire (QoL Compilation)","Practice Mode","Reimu（博丽灵梦）","StSLib"],"gold_per_floor":[116,167,29,44,61,96,108,108,132,151,151,151,170,198,198,302,302,314,130,142,162,19,19,19,19,19,19,19,19,37,88,88,88,88],"floor_reached":33,"language":"ZHS","playtime":1542,"items_purged":["hermit:DeadOrAlive"],"score":280,"play_id":"b63ea476-f06a-4e39-8a67-0598e5f388ca","local_time":"20210118173108","is_ascension_mode":false,"campfire_choices":[{"data":"hermit:Combo","floor":8.0,"key":"SMITH"},{"data":"hermit:Vantage","floor":12.0,"key":"SMITH"},{"data":"hermit:TakeAim","floor":15.0,"key":"SMITH"},{"data":"hermit:Adapt","floor":23.0,"key":"SMITH"},{"data":"hermit:Covet","floor":25.0,"key":"SMITH"},{"floor":32.0,"key":"REST"}],"circlet_count":0,"master_deck":["hermit:Strike_Hermit","hermit:Strike_Hermit+1","hermit:Strike_Hermit","hermit:Defend_Hermit","hermit:Defend_Hermit","hermit:Defend_Hermit","hermit:Snapshot+1","hermit:Covet+1","hermit:Ricochet","hermit:TakeAim+1","hermit:Enervate","hermit:Vantage+1","hermit:Combo+1","hermit:CursedWeapon","hermit:RoundhouseKick","hermit:Adapt+1","hermit:Quickdraw+1","hermit:SprayPray+1","hermit:Cheat","hermit:LuckOfTheDraw","hermit:Manifest+1"],"relics":["hermit:Momento","NeowsBlessing","PreservedInsect","Gambling Chip","Whetstone","Omamori","Black Star","hermit:PetGhost","Du-Vu Doll","Gensokyo:RedStar","Juzu Bracelet"],"acts_visited":["Gensokyo:Gensokyo","Gensokyo:Gensokyoer"],"potions_floor_usage":[33,33],"damage_taken":[{"damage":0.0,"enemies":"Gensokyo:Python","floor":1.0,"turns":1.0},{"damage":0.0,"enemies":"Gensokyo:3_Fairies","floor":4.0,"turns":1.0},{"damage":0.0,"enemies":"Gensokyo:2_Kodama","floor":5.0,"turns":1.0},{"damage":11.0,"enemies":"Gensokyo:Cirno","floor":6.0,"turns":5.0},{"damage":8.0,"enemies":"Gensokyo:Kitsune","floor":7.0,"turns":3.0},{"damage":14.0,"enemies":"Gensokyo:CorruptedTreant","floor":10.0,"turns":3.0},{"damage":4.0,"enemies":"Gensokyo:2_Rabbits","floor":13.0,"turns":3.0},{"damage":2.0,"enemies":"Gensokyo:Aya","floor":14.0,"turns":4.0},{"damage":25.0,"enemies":"Gensokyo:Yukari","floor":16.0,"turns":8.0},{"damage":3.0,"enemies":"Gensokyo:2_Gloops","floor":18.0,"turns":4.0},{"damage":23.0,"enemies":"Gensokyo:3_Dogs","floor":20.0,"turns":8.0},{"damage":19.0,"enemies":"Gensokyo:Slime_Group","floor":21.0,"turns":7.0},{"damage":4.0,"enemies":"Gensokyo:Wraith","floor":30.0,"turns":4.0},{"damage":100072,"enemies":"Gensokyo:Eiki","floor":33,"turns":9}],"seed_played":"-1552324313078581914","potions_obtained":[{"floor":5.0,"key":"Explosive Potion"},{"floor":7.0,"key":"FairyPotion"},{"floor":10.0,"key":"FearPotion"},{"floor":16.0,"key":"Dexterity Potion"},{"floor":30.0,"key":"Ancient Potion"}],"is_trial":false,"path_per_floor":["M","T","$","M","M","E","M","R","T","M","?","R","M","E","R","B",null,"M","COS","M","M","$","R","?","R","T","?","?","?","M","T","R","B"],"character_chosen":"HERMIT","items_purchased":["hermit:TakeAim","hermit:Enervate","hermit:Cheat"],"campfire_rested":1,"item_purchase_floors":[3,3,22],"current_hp_per_floor":[75,75,75,75,75,64,56,56,56,42,42,42,38,36,36,11,75,72,72,49,30,30,30,30,30,30,30,30,30,26,26,48,0,0],"gold":88,"neow_bonus":"THREE_ENEMY_KILL","is_daily":false,"chose_seed":false,"campfire_upgraded":5,"win_rate":0.0,"timestamp":1610962268,"path_taken":["M","?","$","M","?","E","?","R","T","M","?","R","?","E","R","BOSS","M","COS","M","M","$","R","?","R","T","?","?","?","?","?","R","BOSS"],"items_purchased_type":["Card","Card","Card"],"build_version":"2020-12-22","purchased_purges":1,"victory":false,"max_hp_per_floor":[75,75,75,75,75,75,75,75,75,75,75,75,75,75,75,75,75,75,75,75,75,75,75,75,75,75,75,75,75,75,75,75,38,38],"card_choices":[{"not_picked":["hermit:Glare","hermit:NoHoldsBarred"],"picked":"hermit:Ricochet","floor":1.0},{"not_picked":["hermit:Brawl","hermit:Horror","hermit:HoleUp"],"picked":"SKIP","floor":4.0},{"not_picked":["hermit:Feint","hermit:ItchyTrigger"],"picked":"hermit:Vantage","floor":5.0},{"not_picked":["hermit:Manifest","hermit:CalledShot"],"picked":"hermit:Combo","floor":6.0},{"not_picked":["hermit:Manifest","hermit:Enervate","hermit:Misfire"],"picked":"SKIP","floor":7.0},{"not_picked":["hermit:HighCaliber","hermit:TakeAim"],"picked":"hermit:CursedWeapon","floor":10.0},{"not_picked":["hermit:Brawl","hermit:Quickdraw"],"picked":"hermit:RoundhouseKick","floor":13.0},{"not_picked":["hermit:Maintenance","hermit:Coalescence"],"picked":"hermit:DeadOrAlive","floor":14.0},{"not_picked":["hermit:BlackWind","hermit:FromBeyond"],"picked":"hermit:Adapt","floor":16.0},{"not_picked":["hermit:HoleUp","hermit:WideOpen+1"],"picked":"hermit:Quickdraw+1","floor":18.0},{"not_picked":["hermit:Feint","hermit:WideOpen+1"],"picked":"hermit:SprayPray+1","floor":20.0},{"not_picked":["hermit:Shortfuse","hermit:LoneWolf","hermit:TrackingShot"],"picked":"SKIP","floor":21.0},{"not_picked":["hermit:Roulette","hermit:CursedWeapon+1"],"picked":"hermit:Manifest+1","floor":30.0}],"player_experience":1409278,"relics_obtained":[{"floor":2.0,"key":"PreservedInsect"},{"floor":6.0,"key":"Gambling Chip"},{"floor":9.0,"key":"Whetstone"},{"floor":14.0,"key":"Omamori"},{"floor":26.0,"key":"Du-Vu Doll"},{"floor":31.0,"key":"Juzu Bracelet"}],"event_choices":[],"is_beta":false,"boss_relics":[{"not_picked":["Runic Dome","Sozu"],"picked":"Black Star"}],"items_purged_floors":[22],"is_endless":false,"potions_floor_spawned":[5,7,10,16,18,30],"killed_by":"Gensokyo:Eiki","ascension_level":0}}