{"host":"56ghxnzsglgdq727","time":1610930959,"event":{"mods":["AchievementEnabler","BaseMod","Downfall","Duelist Mod","Minty Spire (QoL Compilation)","Rare Cards Sparkle","StSLib","The Bug Knight","The Exalted","The Senshi","The Wild Card"],"gold_per_floor":[135,135,163,191,227,274,7,25,25,43,43,84,5,5,5,106,106,133,147,147,147,44,69,69],"floor_reached":23,"language":"ENG","playtime":1007,"items_purged":["theDuelist:GravekeeperCurse"],"score":270,"play_id":"5cb97d14-1b89-4266-afbf-e035bfb0f3f5","local_time":"20210117194919","is_ascension_mode":true,"campfire_choices":[{"floor":15.0,"key":"REST"}],"circlet_count":0,"master_deck":["theDuelist:BabyDragon","theDuelist:CastleWalls","theDuelist:CastleWalls","theDuelist:CaveDragon","theDuelist:CaveDragon","theDuelist:LesserDragon","theDuelist:LesserDragon","theDuelist:Sparks","theDuelist:YamataDragon","theDuelist:FiveHeaded","theDuelist:GoldSarcophagus","theDuelist:GaiaDragonChamp","theDuelist:CyberLaserDragon","theDuelist:AtomicScrapDragon+1","theDuelist:Mountain","theDuelist:SlotMachine","theDuelist:GravityLash","theDuelist:CyberTwinDragon","theDuelist:UltimateOffering","theDuelist:FluteSummoning","Parasite","theDuelist:BSkullDragon","theDuelist:CyberDragon"],"relics":["theDuelist:MillenniumPuzzle","theDuelist:CardPoolRelic","theDuelist:CardPoolBasicRelic","theDuelist:BoosterPackPoolRelic","theDuelist:CardPoolAddRelic","theDuelist:CardPoolMinusRelic","theDuelist:CardPoolSaveRelic","theDuelist:CardPoolOptionsRelic","Meat on the Bone","Bromod:ArcanePulse","Busted Crown","theDuelist:MillenniumArmor","theDuelist:MerchantPendant"],"acts_visited":["Exordium","TheCity"],"potions_floor_usage":[],"damage_taken":[{"damage":0.0,"enemies":"Jaw Worm","floor":1.0,"turns":3.0},{"damage":0.0,"enemies":"Cultist","floor":3.0,"turns":3.0},{"damage":0.0,"enemies":"Small Slimes","floor":4.0,"turns":2.0},{"damage":0.0,"enemies":"2 Fungi Beasts","floor":5.0,"turns":4.0},{"damage":18.0,"enemies":"3 Sentries","floor":6.0,"turns":8.0},{"damage":26.0,"enemies":"Lots of Slimes","floor":8.0,"turns":5.0},{"damage":17.0,"enemies":"Exordium Wildlife","floor":10.0,"turns":5.0},{"damage":25.0,"enemies":"Gremlin Gang","floor":12.0,"turns":5.0},{"damage":41.0,"enemies":"Hexaghost","floor":16.0,"turns":8.0},{"damage":6.0,"enemies":"Spheric Guardian","floor":18.0,"turns":6.0},{"damage":28,"enemies":"Chosen","floor":19,"turns":5},{"damage":48,"enemies":"Slavers","floor":23,"turns":6}],"seed_played":"893256926265761707","potions_obtained":[{"floor":4.0,"key":"Block Potion"},{"floor":5.0,"key":"theDuelist:TokenPotion"},{"floor":10.0,"key":"theDuelist:SealedPackC"},{"floor":12.0,"key":"SkillPotion"}],"is_trial":false,"path_per_floor":["M","?","M","M","M","E","$","M","T","M","?","M","$","?","R","B",null,"M","M","?","?","$","E"],"character_chosen":"THE_DUELIST","items_purchased":["theDuelist:Mountain","theDuelist:SlotMachine","theDuelist:FluteSummoning","theDuelist:MerchantPendant","theDuelist:CyberDragon"],"campfire_rested":1,"item_purchase_floors":[7,7,13,22,22],"current_hp_per_floor":[72,72,72,72,72,54,54,40,40,36,36,24,24,45,70,42,72,66,51,51,51,51,3,3],"gold":69,"neow_bonus":"ONE_RANDOM_RARE_CARD","is_daily":false,"chose_seed":false,"campfire_upgraded":0,"win_rate":0.0,"timestamp":1610930959,"path_taken":["M","?","M","M","M","E","$","M","T","?","?","?","$","?","R","BOSS","M","M","?","?","$","E"],"items_purchased_type":["Card","Card","Card","Relic","Card"],"build_version":"2020-12-22","purchased_purges":1,"victory":false,"max_hp_per_floor":[80,80,80,80,80,80,80,80,80,80,80,80,80,80,80,80,80,80,80,80,80,80,80,80],"card_choices":[{"not_picked":["theDuelist:StampingDestruction","theDuelist:CyberEmergency","theDuelist:SystemDown","theDuelist:DragonRavine"],"picked":"theDuelist:GoldSarcophagus","floor":1.0},{"not_picked":["theDuelist:MaskedDragon","theDuelist:MadSwordBeast","theDuelist:BlackPtera","theDuelist:Beatraptor","theDuelist:ThunderDragon"],"picked":"SKIP","floor":3.0},{"not_picked":["theDuelist:AtomicScrapDragon","theDuelist:TailSwipe"],"picked":"theDuelist:GaiaDragonChamp","floor":4.0},{"not_picked":["theDuelist:TotemDragon","theDuelist:DragonRavine","theDuelist:BoosterDragon"],"picked":"theDuelist:CyberLaserDragon","floor":5.0},{"not_picked":["theDuelist:GiantRex+1","theDuelist:BSkullDragon+1"],"picked":"theDuelist:AtomicScrapDragon+1","floor":6.0},{"not_picked":["theDuelist:SpiralSpearStrike","theDuelist:Scapegoat","theDuelist:BerserkerSoul","theDuelist:BerserkScales"],"picked":"theDuelist:GravityLash","floor":8.0},{"not_picked":["theDuelist:Kabazauls","theDuelist:BlackPtera","theDuelist:BarrelDragon","theDuelist:BlackBrachios"],"picked":"theDuelist:CyberTwinDragon","floor":10.0},{"not_picked":["theDuelist:LightningDarts","theDuelist:StrayLambs","theDuelist:RainbowOverdragon","theDuelist:ScrapFactory"],"picked":"theDuelist:UltimateOffering","floor":12.0},{"not_picked":["theDuelist:TailSwipe","theDuelist:StardustDragon","theDuelist:FiveHeaded","theDuelist:ArmedProtectorDragon"],"picked":"theDuelist:BSkullDragon","floor":16.0},{"not_picked":["theDuelist:LesserDragon","theDuelist:CyberDragonNachster","theDuelist:BlackStego"],"picked":"SKIP","floor":18.0},{"not_picked":["theDuelist:Hydrogeddon","theDuelist:Kabazauls","theDuelist:SauropodBrachion"],"picked":"SKIP","floor":19}],"player_experience":278727,"relics_obtained":[{"floor":6.0,"key":"Meat on the Bone"},{"floor":9.0,"key":"Bromod:ArcanePulse"}],"event_choices":[{"damage_healed":0.0,"max_hp_gain":0.0,"max_hp_loss":0.0,"gold_gain":0.0,"event_name":"Relic Duplicator","player_choice":"Leave","duelist":true,"floor":2.0,"gold_loss":0.0,"damage_taken":0.0},{"cards_removed":["theDuelist:Sparks"],"damage_healed":0.0,"max_hp_gain":0.0,"max_hp_loss":0.0,"gold_gain":0.0,"event_name":"Purifier","player_choice":"Purged","floor":11.0,"gold_loss":0.0,"damage_taken":0.0},{"damage_healed":20.0,"max_hp_gain":0.0,"max_hp_loss":0.0,"gold_gain":0.0,"event_name":"Mushrooms","player_choice":"Healed and dodged fight","floor":14.0,"gold_loss":0.0,"damage_taken":0.0,"cards_obtained":["Parasite"]},{"damage_healed":0,"gold_gain":0,"player_choice":"Leave","duelist":true,"damage_taken":0,"max_hp_gain":0,"max_hp_loss":0,"event_name":"Battle City","floor":20,"gold_loss":0},{"damage_healed":0,"gold_gain":0,"player_choice":"Took item - Received: Millennium Armor","duelist":true,"damage_taken":0,"max_hp_gain":0,"max_hp_loss":0,"event_name":"Millennium Items","floor":21,"gold_loss":0}],"is_beta":false,"boss_relics":[{"not_picked":["Mark of Pain","Runic Dome"],"picked":"Busted Crown"}],"items_purged_floors":[22],"is_endless":false,"potions_floor_spawned":[4,5,10,12],"killed_by":"Slavers","ascension_level":8}}