{"host":"qzq9y7dlvg9zw3hx","time":1610991730,"event":{"mods":["Act Like it!","BaseMod","Dota2Spire","Gensokyo","Minty Spire (QoL Compilation)","StSLib","¡¾ÒÅÎï¿¨ÅÆ¡¿REMEMod"],"gold_per_floor":[110,110,126,126,150,150,183,183,210,246,261,281,281,315,315,438,438,458,458,227,152,251,285,285,316,316,316,350,350,364,378,378,509,509,523,203,1202,1202,1221,1221,467,503,583,608,651,651,68,82,82,82],"floor_reached":51,"language":"ZHS","playtime":2074,"items_purged":["Strike_R","Strike_R","Normality","Strike_R"],"score":944,"play_id":"6de86520-34a0-4d1a-b695-2af2d45e7cf0","local_time":"20210119014210","is_ascension_mode":true,"campfire_choices":[{"data":"Ragnarok","floor":6,"key":"SMITH"},{"floor":8,"key":"REST"},{"floor":15,"key":"REST"},{"floor":24,"key":"REST"},{"floor":29,"key":"REST"},{"floor":32,"key":"REST"},{"floor":40,"key":"REST"},{"floor":46,"key":"REST"},{"floor":49,"key":"REST"}],"circlet_count":0,"master_deck":["Defend_R","Defend_R","Defend_R","Defend_R","Bash","Ragnarok+1","Clothesline","Sword Boomerang","REME_Cut","Flex","Pummel","Battle Trance","Limit Break","Shrug It Off","Spot Weakness","Feed","Impervious","Fiend Fire","Inflame","Madness","Madness","REME_MagicPocketWatch","Combust+1","Cleave","Inflame","Intimidate+1"],"relics":["REME_ComplimentaryCards","Velvet Choker","Golden Idol","Dota2Spire:PhaseBoots","Omamori","MealTicket","Akabeko","Dota2Spire:DrumOfEndurance","Fusion Hammer","Dota2Spire:MaskOfMadness","Bag of Preparation","Bottled Flame","Nloth\u0027s Gift","Dota2Spire:Vanguard","Busted Crown","Strange Spoon","FossilizedHelix","Meat on the Bone","Centennial Puzzle","Dota2Spire:LinkenSphere","REME_IWantAll","Dota2Spire:EtherealBlade","REME_CardOfGreed"],"acts_visited":["Exordium","TheCity","TheBeyond"],"potions_floor_usage":[33],"damage_taken":[{"damage":2,"enemies":"Jaw Worm","floor":1,"turns":3},{"damage":2,"enemies":"2 Louse","floor":3,"turns":2},{"damage":0,"enemies":"Small Slimes","floor":5,"turns":2},{"damage":20,"enemies":"3 Sentries","floor":7,"turns":7},{"damage":10,"enemies":"Gremlin Nob","floor":10,"turns":3},{"damage":6,"enemies":"2 Fungi Beasts","floor":11,"turns":3},{"damage":26,"enemies":"Gremlin Gang","floor":12,"turns":4},{"damage":9,"enemies":"3 Sentries","floor":14,"turns":2},{"damage":32,"enemies":"The Guardian","floor":16,"turns":4},{"damage":5,"enemies":"2 Thieves","floor":18,"turns":2},{"damage":33,"enemies":"REME_1_Revenger","floor":23,"turns":3},{"damage":24,"enemies":"Slavers","floor":25,"turns":2},{"damage":18,"enemies":"Gremlin Leader","floor":28,"turns":2},{"damage":0,"enemies":"Shell Parasite","floor":30,"turns":1},{"damage":0,"enemies":"Snecko","floor":31,"turns":1},{"damage":0,"enemies":"Champ","floor":33,"turns":6},{"damage":8,"enemies":"3 Darklings","floor":35,"turns":2},{"damage":18,"enemies":"3 Shapes","floor":39,"turns":4},{"damage":9,"enemies":"Reptomancer","floor":42,"turns":3},{"damage":0,"enemies":"3 Darklings","floor":44,"turns":3},{"damage":0,"enemies":"Nemesis","floor":45,"turns":3},{"damage":15,"enemies":"Writhing Mass","floor":48,"turns":3},{"damage":17,"enemies":"Time Eater","floor":50,"turns":8}],"seed_played":"1818402313203606723","potions_obtained":[{"floor":1,"key":"Ancient Potion"},{"floor":5,"key":"Dota2Spire:HealingSalve"},{"floor":10,"key":"SkillPotion"},{"floor":12,"key":"CultistPotion"},{"floor":33,"key":"EssenceOfSteel"}],"is_trial":false,"path_per_floor":["M","?","M","?","M","R","E","R","T","E","M","M","?","E","R","B",null,"M","?","$","?","?","E","R","E","T","?","E","R","M","M","R","B",null,"M","$","?","?","M","R","$","E","T","M","E","R","$","M","R","B",null],"character_chosen":"IRONCLAD","items_purchased":["Dota2Spire:MaskOfMadness","Strange Spoon","Inflame","REME_MagicPocketWatch","FossilizedHelix","Meat on the Bone","Inflame","Dota2Spire:EtherealBlade","REME_CardOfGreed"],"campfire_rested":8,"item_purchase_floors":[20,36,36,41,41,41,47,47,47],"current_hp_per_floor":[78,58,56,56,56,56,36,60,60,50,44,18,18,9,33,1,80,75,75,80,80,80,47,71,50,50,50,48,73,73,73,86,89,89,84,92,92,80,65,93,95,89,89,89,92,101,101,87,102,85],"gold":82,"neow_bonus":"BOSS_RELIC","is_daily":false,"chose_seed":false,"campfire_upgraded":1,"win_rate":0.0,"timestamp":1610991730,"path_taken":["M","?","M","?","M","R","E","R","T","E","M","M","?","E","R","BOSS","M","?","$","?","?","E","R","E","T","?","E","R","?","M","R","BOSS","M","$","?","?","M","R","$","E","T","M","E","R","$","M","R","BOSS"],"items_purchased_type":["Relic","Relic","Card","Card","Relic","Relic","Card","Relic","Relic"],"build_version":"2020-12-22","purchased_purges":4,"victory":true,"max_hp_per_floor":[80,80,80,80,80,80,80,80,80,80,80,80,80,80,80,80,80,80,80,80,80,80,80,80,83,83,83,86,86,86,86,86,89,89,92,92,92,92,95,95,95,98,98,98,101,101,101,102,102,102],"card_choices":[{"not_picked":["Dark Embrace","Shockwave"],"picked":"Clothesline","floor":1},{"not_picked":["Rupture","REME_SingleHolding"],"picked":"Sword Boomerang","floor":3},{"not_picked":["Bloodletting","Power Through","Anger"],"picked":"SKIP","floor":5},{"not_picked":["Metallicize","Anger"],"picked":"REME_Cut","floor":7},{"not_picked":["Blood for Blood","Clash"],"picked":"Flex","floor":10},{"not_picked":["Intimidate","Thunderclap","Bludgeon"],"picked":"SKIP","floor":11},{"not_picked":["Headbutt","Perfected Strike"],"picked":"Pummel","floor":12},{"not_picked":["Disarm","Heavy Blade"],"picked":"Battle Trance","floor":14},{"not_picked":["Bludgeon","REME_ACTH"],"picked":"Limit Break","floor":16},{"not_picked":["Anger","Blood for Blood"],"picked":"Shrug It Off","floor":18},{"not_picked":["Dropkick+1","Ghostly Armor+1"],"picked":"Feed","floor":23},{"not_picked":["Thunderclap","Intimidate","True Grit"],"picked":"SKIP","floor":25},{"not_picked":["Burning Pact+1","Ghostly Armor"],"picked":"Impervious","floor":28},{"not_picked":["Shrug It Off","Warcry","Feel No Pain"],"picked":"SKIP","floor":30},{"not_picked":["Iron Wave","Combust","Fire Breathing+1"],"picked":"SKIP","floor":31},{"not_picked":["Brutality","REME_TheLastStrike"],"picked":"Fiend Fire","floor":33},{"not_picked":["Clothesline"],"picked":"SKIP","floor":35},{"not_picked":["Rampage+1"],"picked":"SKIP","floor":39},{"not_picked":[],"picked":"Combust+1","floor":42},{"not_picked":[],"picked":"Cleave","floor":44},{"not_picked":["Hemokinesis"],"picked":"SKIP","floor":45},{"not_picked":["Intimidate+1"],"picked":"Singing Bowl","floor":48}],"player_experience":39258,"relics_obtained":[{"floor":7,"key":"Dota2Spire:PhaseBoots"},{"floor":9,"key":"Omamori"},{"floor":10,"key":"MealTicket"},{"floor":14,"key":"Dota2Spire:DrumOfEndurance"},{"floor":23,"key":"Bronze Scales"},{"floor":25,"key":"Bag of Preparation"},{"floor":26,"key":"Bottled Flame"},{"floor":28,"key":"Dota2Spire:Vanguard"},{"floor":42,"key":"Centennial Puzzle"},{"floor":43,"key":"Dota2Spire:LinkenSphere"},{"floor":45,"key":"REME_IWantAll"}],"event_choices":[{"damage_healed":0,"gold_gain":0,"player_choice":"Take Damage","damage_taken":20,"relics_obtained":["Golden Idol"],"max_hp_gain":0,"max_hp_loss":0,"event_name":"Golden Idol","floor":2,"gold_loss":0},{"cards_removed":["Strike_R"],"damage_healed":0,"gold_gain":0,"player_choice":"Forget","damage_taken":0,"max_hp_gain":0,"max_hp_loss":0,"event_name":"Living Wall","floor":4,"gold_loss":0},{"damage_healed":0,"gold_gain":0,"player_choice":"Box","damage_taken":0,"relics_obtained":["Akabeko"],"max_hp_gain":0,"max_hp_loss":0,"event_name":"Big Fish","floor":13,"gold_loss":0,"cards_obtained":["Regret"]},{"damage_healed":0,"gold_gain":0,"player_choice":"Read","damage_taken":0,"max_hp_gain":0,"max_hp_loss":0,"event_name":"The Library","floor":19,"gold_loss":0,"cards_obtained":["Spot Weakness"]},{"cards_removed":["Strike_R"],"damage_healed":0,"gold_gain":0,"player_choice":"Gave Gold","damage_taken":0,"max_hp_gain":0,"max_hp_loss":0,"event_name":"Beggar","floor":21,"gold_loss":75},{"damage_healed":0,"gold_gain":99,"player_choice":"Stole From Cult","damage_taken":0,"max_hp_gain":0,"max_hp_loss":0,"event_name":"Nest","floor":22,"gold_loss":0},{"damage_healed":0,"gold_gain":0,"player_choice":"Traded Relic","damage_taken":0,"relics_obtained":["Nloth\u0027s Gift"],"max_hp_gain":0,"max_hp_loss":0,"event_name":"N\u0027loth","floor":27,"relics_lost":["Bronze Scales"],"gold_loss":0},{"damage_healed":0,"gold_gain":999,"player_choice":"Gold","damage_taken":0,"max_hp_gain":0,"max_hp_loss":0,"event_name":"MindBloom","floor":37,"gold_loss":0,"cards_obtained":["Normality","Normality"]},{"damage_healed":0,"gold_gain":0,"player_choice":"Embrace Madness","damage_taken":12,"max_hp_gain":0,"max_hp_loss":0,"event_name":"Winding Halls","floor":38,"gold_loss":0,"cards_obtained":["Madness","Madness"]}],"is_beta":false,"boss_relics":[{"not_picked":["Runic Cube","Cursed Key"],"picked":"Fusion Hammer"},{"not_picked":["Coffee Dripper","Black Star"],"picked":"Busted Crown"}],"items_purged_floors":[20,36,41,47],"is_endless":false,"potions_floor_spawned":[1,5,10,12,14,18,33,42,44,45],"ascension_level":1}}