{"host":"id1lehtnb7dzklac","time":1610962607,"event":{"mods":["AchievementEnabler","BaseMod","Bestiary","Block Reminder","Colored Map","Highlight Path","Minty Spire (QoL Compilation)","Permanent Neow","Random Character Button","StSLib","slay the spire mod where everything is the same but ironclad has a cowboy hat"],"gold_per_floor":[111,149,185,201,239,239,33,92,92,42,71,89,134,175,175,295,295,335,335,335,335],"floor_reached":20,"language":"ENG","playtime":1009,"items_purged":["Pray"],"score":250,"play_id":"bbdf0e4f-b63b-43a8-a28b-96f2de7dddd6","local_time":"20210118173647","is_ascension_mode":true,"campfire_choices":[{"data":"EmptyFist","floor":6.0,"key":"SMITH"},{"data":"Eruption","floor":15,"key":"SMITH"}],"circlet_count":0,"master_deck":["Eruption+1","Vigilance","Sanctity","FearNoEvil","Wish","ClearTheMind","DeceiveReality","SashWhip","CutThroughFate","EmptyFist+1","EmptyMind","Tantrum","EmptyFist","MentalFortress","FlurryOfBlows"],"relics":["Pandora\u0027s Box","Membership Card","Centennial Puzzle","Letter Opener","Ornamental Fan","Runic Pyramid"],"acts_visited":["Exordium","TheCity"],"potions_floor_usage":[16],"damage_taken":[{"damage":5.0,"enemies":"Jaw Worm","floor":1.0,"turns":4.0},{"damage":3.0,"enemies":"Cultist","floor":2.0,"turns":3.0},{"damage":0.0,"enemies":"2 Louse","floor":3.0,"turns":4.0},{"damage":0.0,"enemies":"2 Fungi Beasts","floor":4.0,"turns":4.0},{"damage":9.0,"enemies":"Exordium Thugs","floor":5.0,"turns":5.0},{"damage":0.0,"enemies":"Lagavulin","floor":8.0,"turns":7.0},{"damage":0.0,"enemies":"Gremlin Nob","floor":11.0,"turns":3.0},{"damage":4.0,"enemies":"Blue Slaver","floor":12.0,"turns":2.0},{"damage":0.0,"enemies":"Red Slaver","floor":13.0,"turns":3.0},{"damage":1,"enemies":"3 Louse","floor":14,"turns":3},{"damage":14,"enemies":"Hexaghost","floor":16,"turns":5},{"damage":0,"enemies":"Shell Parasite","floor":18,"turns":4},{"damage":0,"enemies":"3 Byrds","floor":20,"turns":1}],"seed_played":"-1848263781609198256","potions_obtained":[{"floor":2.0,"key":"Ancient Potion"},{"floor":4.0,"key":"StancePotion"},{"floor":8.0,"key":"Regen Potion"},{"floor":13.0,"key":"ColorlessPotion"},{"floor":16,"key":"Block Potion"}],"is_trial":false,"path_per_floor":["M","M","M","M","M","R","$","E","T","?","E","M","M","M","R","B",null,"M","?","M"],"character_chosen":"WATCHER","items_purchased":["Membership Card","EmptyMind"],"campfire_rested":0,"item_purchase_floors":[7,7],"current_hp_per_floor":[67,64,64,64,55,55,55,55,55,55,55,51,51,50,50,36,72,72,82,82,82],"gold":335,"neow_bonus":"BOSS_RELIC","is_daily":false,"chose_seed":false,"campfire_upgraded":2,"win_rate":0.0,"timestamp":1610962607,"path_taken":["M","M","M","M","M","R","$","E","T","?","E","M","M","M","R","BOSS","M","?","M"],"items_purchased_type":["Relic","Card"],"build_version":"2020-12-22","purchased_purges":1,"victory":false,"max_hp_per_floor":[72,72,72,72,72,72,72,72,72,72,72,72,72,72,72,72,72,72,82,82,82],"card_choices":[{"not_picked":["ThirdEye","JustLucky"],"picked":"SashWhip","floor":1.0},{"not_picked":["PathToVictory","JustLucky"],"picked":"CutThroughFate","floor":2.0},{"not_picked":["PathToVictory","Sanctity","Perseverance"],"picked":"SKIP","floor":3.0},{"not_picked":["Fasting2","EmptyBody","Evaluate"],"picked":"SKIP","floor":4.0},{"not_picked":["Consecrate","Perseverance"],"picked":"EmptyFist","floor":5.0},{"not_picked":["Alpha","SashWhip"],"picked":"Tantrum","floor":8.0},{"not_picked":["WaveOfTheHand","Crescendo"],"picked":"EmptyFist","floor":11.0},{"not_picked":["FlyingSleeves","Perseverance"],"picked":"MentalFortress","floor":12.0},{"not_picked":["LikeWater","EmptyFist","Vengeance"],"picked":"SKIP","floor":13.0},{"not_picked":["CrushJoints","WindmillStrike"],"picked":"FlurryOfBlows","floor":14},{"not_picked":["SignatureMove","PathToVictory","Vengeance"],"picked":"SKIP","floor":18}],"player_experience":234349,"relics_obtained":[{"floor":8.0,"key":"Centennial Puzzle"},{"floor":9.0,"key":"Letter Opener"},{"floor":11.0,"key":"Ornamental Fan"}],"event_choices":[{"cards_removed":["Nirvana"],"damage_healed":0.0,"max_hp_gain":0.0,"max_hp_loss":0.0,"gold_gain":0.0,"event_name":"The Cleric","player_choice":"Card Removal","floor":10.0,"gold_loss":50.0,"damage_taken":0.0},{"cards_removed":["Scrawl"],"damage_healed":0,"gold_gain":0,"player_choice":"Offered Rare","damage_taken":0,"max_hp_gain":10,"max_hp_loss":0,"event_name":"Bonfire Elementals","floor":19,"gold_loss":0}],"is_beta":false,"boss_relics":[{"not_picked":["Velvet Choker","Empty Cage"],"picked":"Runic Pyramid"}],"items_purged_floors":[7],"is_endless":false,"potions_floor_spawned":[2,4,8,13,16],"killed_by":"3 Byrds","ascension_level":1}}