{"host":"aqym1xxr3lb31d9m","time":1610957663,"event":{"mods":["BaseMod","Block Reminder","Colored Map","Colored Powertips","DeckTracker","Highlight Path","Minty Spire (QoL Compilation)","Quick Restart","Random Character Button","StSLib","SuperFastMode","UnlockEverythingMod"],"gold_per_floor":[111,121,196,212,212,247,247,261,261,272,286,305,305,315,315,389,389,404,415,415,415,433,433,447,447,447,458,458,484,497,292,292,364,364,377,394,411,427,438,438,465,465,465,465,478,506,506,557,557,557,557,557],"floor_reached":51,"language":"JPN","playtime":6651,"items_purged":[],"score":1495,"play_id":"320bb15c-a5af-4ac7-817f-adb61aa970ce","local_time":"20210118171423","is_ascension_mode":true,"campfire_choices":[{"data":"Neutralize","floor":7.0,"key":"SMITH"},{"floor":13.0,"key":"REST"},{"data":"Eviscerate","floor":15.0,"key":"SMITH"},{"data":"Adrenaline","floor":23.0,"key":"SMITH"},{"data":"Wraith Form v2","floor":28.0,"key":"SMITH"},{"data":"Expertise","floor":32.0,"key":"SMITH"},{"data":"Calculated Gamble","floor":40.0,"key":"SMITH"},{"data":"Night Terror","floor":42.0,"key":"SMITH"},{"data":"Phantasmal Killer","floor":47.0,"key":"SMITH"},{"floor":49.0,"key":"RECALL"}],"circlet_count":0,"master_deck":["AscendersBane","Strike_G+1","Strike_G+1","Strike_G+1","Strike_G+1","Strike_G+1","Defend_G+1","Defend_G+1","Defend_G+1","Defend_G+1","Defend_G+1","Survivor","Neutralize+1","Adrenaline+1","Backflip","Acrobatics","Concentrate","Expertise+1","Well Laid Plans","Cloak And Dagger","Phantasmal Killer+1","Eviscerate+1","Deflect","Grand Finale","Dagger Throw","Terror","Reflex","Wraith Form v2+1","Underhanded Strike+1","Reflex","Night Terror+1","Calculated Gamble+1","Footwork+1","PiercingWail","Unload+1"],"relics":["Ring of the Snake","Mummified Hand","Shuriken","Runic Pyramid","Molten Egg 2","Lantern","Coffee Dripper","Prayer Wheel","White Beast Statue","Art of War","Smiling Mask"],"acts_visited":["Exordium","TheCity","TheBeyond"],"potions_floor_usage":[51,51],"damage_taken":[{"damage":5.0,"enemies":"Cultist","floor":1.0,"turns":6.0},{"damage":3.0,"enemies":"Jaw Worm","floor":2.0,"turns":7.0},{"damage":0.0,"enemies":"Small Slimes","floor":4.0,"turns":5.0},{"damage":5.0,"enemies":"3 Sentries","floor":6.0,"turns":8.0},{"damage":0.0,"enemies":"Looter","floor":8.0,"turns":4.0},{"damage":6.0,"enemies":"Exordium Wildlife","floor":10.0,"turns":4.0},{"damage":12.0,"enemies":"Gremlin Gang","floor":11.0,"turns":7.0},{"damage":15.0,"enemies":"Large Slime","floor":12.0,"turns":8.0},{"damage":3.0,"enemies":"Red Slaver","floor":14.0,"turns":2.0},{"damage":12.0,"enemies":"Slime Boss","floor":16.0,"turns":6.0},{"damage":8.0,"enemies":"Shell Parasite","floor":18.0,"turns":5.0},{"damage":10.0,"enemies":"2 Thieves","floor":19.0,"turns":4.0},{"damage":0.0,"enemies":"Snake Plant","floor":22.0,"turns":4.0},{"damage":0.0,"enemies":"Centurion and Healer","floor":24.0,"turns":5.0},{"damage":4.0,"enemies":"Sentry and Sphere","floor":27.0,"turns":4.0},{"damage":1.0,"enemies":"Book of Stabbing","floor":29.0,"turns":4.0},{"damage":2.0,"enemies":"3 Cultists","floor":30.0,"turns":6.0},{"damage":8.0,"enemies":"Champ","floor":33.0,"turns":7.0},{"damage":0.0,"enemies":"3 Shapes","floor":35.0,"turns":5.0},{"damage":0.0,"enemies":"Orb Walker","floor":36.0,"turns":3.0},{"damage":0.0,"enemies":"Writhing Mass","floor":37.0,"turns":4.0},{"damage":4.0,"enemies":"Jaw Worm Horde","floor":38.0,"turns":5.0},{"damage":0.0,"enemies":"3 Darklings","floor":39.0,"turns":2.0},{"damage":0.0,"enemies":"Reptomancer","floor":41.0,"turns":6.0},{"damage":0.0,"enemies":"Spire Growth","floor":45.0,"turns":3.0},{"damage":1.0,"enemies":"Nemesis","floor":46.0,"turns":5.0},{"damage":33,"enemies":"Awakened One","floor":50,"turns":11},{"damage":55,"enemies":"Time Eater","floor":51,"turns":6}],"seed_played":"-6199297632116298698","potions_obtained":[{"floor":2.0,"key":"ColorlessPotion"},{"floor":10.0,"key":"FearPotion"},{"floor":12.0,"key":"ColorlessPotion"},{"floor":14.0,"key":"Fruit Juice"},{"floor":18.0,"key":"Fruit Juice"},{"floor":19.0,"key":"Block Potion"},{"floor":24.0,"key":"PowerPotion"},{"floor":27.0,"key":"Dexterity Potion"},{"floor":29.0,"key":"Regen Potion"},{"floor":35.0,"key":"DistilledChaos"},{"floor":41.0,"key":"Block Potion"},{"floor":44.0,"key":"Fruit Juice"},{"floor":44.0,"key":"SpeedPotion"}],"is_trial":false,"path_per_floor":["M","M","?","M","?","E","R","M","T","M","M","M","R","M","R","B",null,"M","M","?","?","M","R","M","?","T","M","R","E","M","$","R","B",null,"M","M","M","M","M","R","E","R","T","?","M","E","R","T","R","B","B"],"character_chosen":"THE_SILENT","items_purchased":["Lantern","Reflex"],"campfire_rested":1,"item_purchase_floors":[31,31],"current_hp_per_floor":[54,51,40,40,40,35,35,35,35,29,17,2,21,23,23,11,56,48,43,43,43,43,43,43,43,43,39,39,38,36,36,36,28,64,64,64,64,60,60,60,60,60,60,65,65,64,64,64,64,31,0,0],"gold":557,"neow_bonus":"THREE_RARE_CARDS","is_daily":false,"chose_seed":false,"campfire_upgraded":8,"win_rate":0.0,"timestamp":1610957663,"path_taken":["M","M","?","M","?","E","R","M","T","?","?","M","R","M","R","BOSS","M","M","?","?","M","R","M","?","T","?","R","E","M","$","R","BOSS","M","M","M","?","M","R","E","R","T","?","?","E","R","?","R","BOSS","BOSS"],"items_purchased_type":["Relic","Card"],"build_version":"2020-12-22","purchased_purges":0,"victory":false,"max_hp_per_floor":[66,66,66,66,66,66,66,66,66,66,66,66,66,71,71,71,71,71,76,76,76,76,76,76,76,76,76,76,76,76,76,76,76,76,76,76,76,76,76,76,76,76,76,81,81,81,81,81,81,81,81,81],"card_choices":[{"not_picked":["Night Terror","Malaise"],"picked":"Adrenaline","floor":0.0},{"not_picked":["Accuracy","Outmaneuver"],"picked":"Backflip","floor":1.0},{"not_picked":["Setup","Blur"],"picked":"Acrobatics","floor":2.0},{"not_picked":["Blur","Dodge and Roll"],"picked":"Concentrate","floor":4.0},{"not_picked":["Finisher","Blade Dance"],"picked":"Expertise","floor":6.0},{"not_picked":["PiercingWail","Slice"],"picked":"Well Laid Plans","floor":8.0},{"not_picked":["Tactician","Reflex"],"picked":"Cloak And Dagger","floor":10.0},{"not_picked":["Prepared","PiercingWail"],"picked":"Phantasmal Killer","floor":11.0},{"not_picked":["Crippling Poison","Expertise"],"picked":"Eviscerate","floor":12.0},{"not_picked":["Poisoned Stab","Sucker Punch"],"picked":"Deflect","floor":14.0},{"not_picked":["Malaise","Wraith Form v2"],"picked":"Grand Finale","floor":16.0},{"not_picked":["Noxious Fumes","Dodge and Roll","Well Laid Plans"],"picked":"SKIP","floor":18.0},{"not_picked":["Bane+1","Backflip"],"picked":"Dagger Throw","floor":19.0},{"not_picked":["Reflex","Dagger Spray"],"picked":"Terror","floor":22.0},{"not_picked":["Blade Dance","Crippling Poison"],"picked":"Reflex","floor":24.0},{"not_picked":["Dagger Throw","Dagger Spray"],"picked":"Wraith Form v2","floor":27.0},{"not_picked":["Blur","Deadly Poison"],"picked":"Underhanded Strike+1","floor":29.0},{"not_picked":["Outmaneuver","Cloak And Dagger","Deflect"],"picked":"SKIP","floor":30.0},{"not_picked":["Die Die Die+1","Envenom"],"picked":"Night Terror","floor":33.0},{"not_picked":["Backstab+1","Dagger Throw+1","Poisoned Stab+1"],"picked":"SKIP","floor":35.0},{"not_picked":["Backflip","Deflect+1"],"picked":"Calculated Gamble","floor":36.0},{"not_picked":["Underhanded Strike+1","Riddle With Holes+1","Reflex+1"],"picked":"SKIP","floor":37.0},{"not_picked":["PiercingWail","Deflect"],"picked":"Footwork+1","floor":38.0},{"not_picked":["Sucker Punch+1","Dodge and Roll","Quick Slash+1"],"picked":"SKIP","floor":39.0},{"not_picked":["Catalyst+1","Quick Slash+1","Backflip+1"],"picked":"SKIP","floor":41.0},{"not_picked":["Deflect","Masterful Stab+1"],"picked":"PiercingWail","floor":45.0},{"not_picked":["Heel Hook+1","Flying Knee+1","Choke+1"],"picked":"SKIP","floor":45.0},{"not_picked":["Underhanded Strike+1","Blur+1"],"picked":"Unload+1","floor":46.0}],"player_experience":3930689,"relics_obtained":[{"floor":6.0,"key":"Mummified Hand"},{"floor":9.0,"key":"Shuriken"},{"floor":29.0,"key":"Molten Egg 2"},{"floor":41.0,"key":"Prayer Wheel"},{"floor":43.0,"key":"White Beast Statue"},{"floor":46.0,"key":"Art of War"},{"floor":48.0,"key":"Smiling Mask"}],"event_choices":[{"damage_healed":0.0,"max_hp_gain":0.0,"max_hp_loss":0.0,"gold_gain":75.0,"event_name":"World of Goop","player_choice":"Gather Gold","floor":3.0,"gold_loss":0.0,"damage_taken":11.0},{"cards_removed":["Doubt"],"damage_healed":0.0,"max_hp_gain":0.0,"max_hp_loss":0.0,"gold_gain":0.0,"event_name":"Purifier","player_choice":"Purged","floor":5.0,"gold_loss":0.0,"damage_taken":0.0},{"damage_healed":0.0,"max_hp_gain":0.0,"max_hp_loss":0.0,"gold_gain":0.0,"event_name":"Cursed Tome","player_choice":"Ignored","floor":20.0,"gold_loss":0.0,"damage_taken":0.0},{"damage_healed":0.0,"max_hp_gain":0.0,"max_hp_loss":0.0,"gold_gain":0.0,"event_name":"Back to Basics","player_choice":"Simplicity","floor":21.0,"gold_loss":0.0,"damage_taken":0.0,"cards_upgraded":["Strike_G","Strike_G","Strike_G","Strike_G","Strike_G","Defend_G","Defend_G","Defend_G","Defend_G","Defend_G"]},{"damage_healed":0.0,"max_hp_gain":0.0,"max_hp_loss":0.0,"gold_gain":0.0,"event_name":"The Mausoleum","player_choice":"Ignored","floor":25.0,"gold_loss":0.0,"damage_taken":0.0},{"damage_healed":0.0,"max_hp_gain":0.0,"max_hp_loss":0.0,"gold_gain":0.0,"event_name":"Lab","player_choice":"Got Potions","floor":44.0,"gold_loss":0.0,"damage_taken":0.0}],"is_beta":false,"boss_relics":[{"not_picked":["SlaversCollar","WristBlade"],"picked":"Runic Pyramid"},{"not_picked":["Empty Cage","Ring of the Serpent"],"picked":"Coffee Dripper"}],"items_purged_floors":[],"is_endless":false,"potions_floor_spawned":[2,10,12,14,18,19,24,27,29,35,41,45,46],"killed_by":"Time Eater","ascension_level":20}}