{"host":"0awa854l6bexpjrv","time":1610951096,"event":{"mods":["BaseMod","Block Reminder","Colored Map","Colored Powertips","Downfall","Highlight Path","Minty Spire (QoL Compilation)","Quick Restart","Rare Cards Sparkle","StSLib","SuperFastMode"],"gold_per_floor":[99,110,129,147,147,167,191,210,53,68,84,84,109,44,63,166,166,166,186,199,57,74,85,85,85,185,199,134,134,144,144,156,156,156,156],"floor_reached":33,"language":"ENG","playtime":5195,"items_purged":["champ:Strike","champ:Strike","champ:Defend","champ:Defend"],"score":280,"play_id":"788fb81d-65cb-4398-ba6e-e5f964f7cb70","local_time":"20210117222456","is_ascension_mode":false,"campfire_choices":[{"data":"champ:Taunt","floor":1.0,"key":"SMITH"},{"data":"champ:ShieldThrow","floor":12.0,"key":"SMITH"},{"data":"champ:StanceDance","floor":18,"key":"SMITH"},{"floor":25,"key":"REST"}],"circlet_count":0,"master_deck":["champ:Defend","champ:Execute","champ:Taunt+1","champ:BringItOn","champ:PreemptiveStrike","champ:PreciseThrust","champ:FlashCut","champ:FlashCut","champ:StanceDance+1","champ:DeathBlow","champ:ShieldThrow+1","champ:GladiatorStyle","champ:TornadoPunch","champ:EnGarde","champ:VampiricStrike","champ:EnGarde","champ:DefensiveStyle","champ:Haymaker","champ:BringItOn","champ:HoldFirm"],"relics":["champ:ChampionCrown","champ:DefensiveTrainingManual","Smiling Mask","Empty Cage","Bottled Lightning","champ:BlackKnightHelmet","Shuriken"],"acts_visited":["Exordium","TheCity"],"potions_floor_usage":[16,16,23,23,26,27],"damage_taken":[{"damage":25.0,"enemies":"Jaw Worm","floor":2.0,"turns":5.0},{"damage":2.0,"enemies":"Small Slimes","floor":3.0,"turns":5.0},{"damage":10.0,"enemies":"2 Louse","floor":4.0,"turns":3.0},{"damage":32.0,"enemies":"2 Fungi Beasts","floor":6.0,"turns":4.0},{"damage":0.0,"enemies":"Exordium Wildlife","floor":8.0,"turns":4.0},{"damage":0.0,"enemies":"downfall:FleeingMerchant","floor":9.0,"turns":4.0},{"damage":13.0,"enemies":"Lots of Slimes","floor":10.0,"turns":2.0},{"damage":20.0,"enemies":"Large Slime","floor":11.0,"turns":4.0},{"damage":30.0,"enemies":"3 Sentries","floor":13.0,"turns":4.0},{"damage":30.0,"enemies":"downfall:FleeingMerchant","floor":14.0,"turns":4.0},{"damage":5.0,"enemies":"Exordium Wildlife","floor":15.0,"turns":3.0},{"damage":29,"enemies":"DF_ARCHETYPE_STREAMLINE","floor":16,"turns":12},{"damage":10,"enemies":"Chosen","floor":19,"turns":5},{"damage":5,"enemies":"Shell Parasite","floor":20,"turns":5},{"damage":24,"enemies":"downfall:FleeingMerchant","floor":21,"turns":4},{"damage":22,"enemies":"Centurion and Healer","floor":22,"turns":9},{"damage":15,"enemies":"3 Cultists","floor":23,"turns":5},{"damage":18,"enemies":"3 Cultists","floor":26,"turns":10},{"damage":5,"enemies":"Cultist and Chosen","floor":27,"turns":6},{"damage":10,"enemies":"downfall:FleeingMerchant","floor":28,"turns":4},{"damage":0,"enemies":"Centurion and Healer","floor":30,"turns":12},{"damage":8,"enemies":"Shelled Parasite and Fungi","floor":32,"turns":7},{"damage":37,"enemies":"SI_MIRROR_ARCHETYPE","floor":33,"turns":9}],"seed_played":"5883429981139998824","potions_obtained":[{"floor":3.0,"key":"hexamod:SoulburnPotion"},{"floor":6.0,"key":"DuplicationPotion"},{"floor":10.0,"key":"SkillPotion"},{"floor":13.0,"key":"sneckomod:MuddlingPotion"},{"floor":16,"key":"bronze:BurnAndBuffPotion"},{"floor":22,"key":"Block Potion"},{"floor":23,"key":"Block Potion"},{"floor":26,"key":"Swift Potion"}],"is_trial":false,"path_per_floor":["R","M","M","M","?","M","T","M","$","M","M","R","E","$","M","B",null,"R","M","M","$","M","M","T","R","?","M","$","?","M","?","M","B"],"character_chosen":"THE_CHAMP","items_purchased":["champ:DeathBlow","champ:DefensiveStyle"],"campfire_rested":1,"item_purchase_floors":[9,21],"current_hp_per_floor":[90,90,88,88,88,66,66,66,66,63,63,63,63,53,53,34,90,90,80,75,66,64,59,59,86,78,73,73,73,73,73,65,28,28,28],"gold":156,"neow_bonus":"TRANSFORM_CARD","is_daily":false,"chose_seed":false,"campfire_upgraded":3,"win_rate":0.0,"timestamp":1610951096,"path_taken":["R","M","M","M","?","M","T","M","$","M","M","R","E","$","M","BOSS","R","M","M","$","M","M","T","R","?","M","$","?","M","?","M","BOSS"],"items_purchased_type":["Card","Card"],"build_version":"2020-12-22","purchased_purges":4,"victory":false,"max_hp_per_floor":[90,90,90,90,90,90,90,90,90,90,90,90,90,90,90,90,90,90,90,90,90,90,90,90,90,90,90,90,90,90,90,90,90,90,90],"card_choices":[{"not_picked":["champ:Circumvent","champ:PerfectedStrike"],"picked":"champ:BringItOn","floor":2.0},{"not_picked":["champ:FocusedDefense","champ:AdrenalArmor"],"picked":"champ:PreemptiveStrike","floor":3.0},{"not_picked":["champ:AdrenalArmor","champ:BladeFlurry"],"picked":"champ:PreciseThrust","floor":4.0},{"not_picked":["champ:Parry","champ:ViciousMockery"],"picked":"champ:FlashCut","floor":6.0},{"not_picked":["champ:Endure","champ:CrownThrow"],"picked":"champ:FlashCut","floor":8.0},{"not_picked":["champ:AdrenalArmor","champ:PerfectedStrike"],"picked":"champ:StanceDance","floor":9.0},{"not_picked":["champ:ShieldWall","champ:Circumvent"],"picked":"champ:ShieldThrow","floor":10.0},{"not_picked":["champ:DeathBlow","champ:EndlessRage"],"picked":"champ:GladiatorStyle","floor":11.0},{"not_picked":["champ:EnragedBash","champ:BringItOn","champ:RecklessLeap"],"picked":"SKIP","floor":13.0},{"not_picked":["champ:StanceDance","champ:MurderStrike"],"picked":"champ:TornadoPunch","floor":14.0},{"not_picked":["champ:RapidStrikes","champ:Shatter"],"picked":"champ:EnGarde","floor":15.0},{"not_picked":["champ:IgnorePain","champ:HeavySlash"],"picked":"champ:VampiricStrike","floor":16},{"not_picked":["champ:RapidStrikes+1","champ:Circumvent"],"picked":"champ:EnGarde","floor":19},{"not_picked":["champ:Shatter","champ:ShieldSlam","champ:SkillfulDodge"],"picked":"SKIP","floor":20},{"not_picked":["champ:AdrenalArmor","champ:RisingSlash","champ:Shatter"],"picked":"SKIP","floor":21},{"not_picked":["champ:ShieldSlam","champ:FocusedBerserking"],"picked":"champ:Haymaker","floor":22},{"not_picked":["champ:GutPunch+1","champ:ShieldSlam","champ:RapidStrikes+1"],"picked":"SKIP","floor":23},{"not_picked":["champ:FlashCut","champ:PreemptiveStrike"],"picked":"champ:BringItOn","floor":26},{"not_picked":["champ:TornadoPunch","champ:Circumvent","champ:Haymaker"],"picked":"SKIP","floor":27},{"not_picked":["champ:EnGarde","champ:Circumvent+1"],"picked":"champ:HoldFirm","floor":28},{"not_picked":["champ:StanceDance","champ:BringItOn+1","champ:GutPunch"],"picked":"SKIP","floor":30},{"not_picked":["champ:Shatter","champ:StanceDance","champ:PerfectedStrike"],"picked":"SKIP","floor":32}],"player_experience":554581,"relics_obtained":[{"floor":7.0,"key":"champ:DefensiveTrainingManual"},{"floor":13.0,"key":"Smiling Mask"},{"floor":24,"key":"Bottled Lightning"},{"floor":26,"key":"champ:BlackKnightHelmet"},{"floor":26,"key":"Shuriken"}],"event_choices":[],"is_beta":false,"boss_relics":[{"not_picked":["Runic Dome","Calling Bell"],"picked":"Empty Cage"}],"items_purged_floors":[9,14,21,28],"is_endless":false,"potions_floor_spawned":[3,6,10,11,13,16,22,23,26],"killed_by":"SI_MIRROR_ARCHETYPE","ascension_level":0}}