{"host":"t6r1isv2bex5ovch","time":1610972571,"event":{"mods":["AchievementEnabler","Act Like it!","Aspiration","BaseMod","Better Altar","Better Match","Better Note","Better Sensory Stone","Better Skull","Better Third Choice","Better Vampires","Colored Powertips","Displayed Cursed Tome","Evolution","Fox Events","Hubris","Minty Spire (QoL Compilation)","StSLib","The Jungle"],"gold_per_floor":[119,135,135,60,71,99,111,142,194,212,232,293,43,54,54,54,54],"floor_reached":16,"language":"ENG","playtime":1272,"items_purged":["Defend_G","Strike_G"],"score":131,"play_id":"1ea38c6c-76cb-474b-b3fc-fba8afeb8df5","local_time":"20210118222251","is_ascension_mode":true,"campfire_choices":[{"floor":15,"key":"RECALL"}],"circlet_count":0,"master_deck":["Strike_G","Strike_G","Strike_G","Strike_G","Defend_G","Defend_G","Defend_G","Defend_G","Survivor","Neutralize","Outmaneuver","Well Laid Plans+1","Flying Knee","Adrenaline","Flying Knee"],"relics":["Ring of the Snake","EVO:Axolotl","aspiration:Nostalgia","Cracked Core","aspiration:HummingbirdHeart","aspiration:ChemicalBlood","hubris:SlimyHat","Ancient Tea Set"],"acts_visited":["Exordium"],"potions_floor_usage":[8,12,16],"damage_taken":[{"damage":0.0,"enemies":"Small Slimes","floor":1.0,"turns":4.0},{"damage":0.0,"enemies":"Cultist","floor":2.0,"turns":3.0},{"damage":0.0,"enemies":"Jaw Worm","floor":5.0,"turns":4.0},{"damage":24.0,"enemies":"Lagavulin","floor":6.0,"turns":7.0},{"damage":0,"enemies":"Exordium Wildlife","floor":7,"turns":3},{"damage":29,"enemies":"3 Sentries","floor":8,"turns":9},{"damage":0,"enemies":"Red Slaver","floor":10,"turns":3},{"damage":0,"enemies":"Blue Slaver","floor":11,"turns":3},{"damage":4,"enemies":"Gremlin Nob","floor":12,"turns":3},{"damage":0,"enemies":"3 Louse","floor":14,"turns":3},{"damage":16,"enemies":"Slime Boss","floor":16,"turns":3}],"seed_played":"-1473996506083078424","potions_obtained":[{"floor":2.0,"key":"SpeedPotion"},{"floor":5.0,"key":"Block Potion"},{"floor":7,"key":"SkillPotion"},{"floor":10,"key":"Swift Potion"},{"floor":12,"key":"EssenceOfSteel"}],"is_trial":false,"path_per_floor":["M","M","?","$","M","E","M","E","T","M","M","?","$","M","R","B"],"character_chosen":"THE_SILENT","items_purchased":["Ancient Tea Set"],"campfire_rested":0,"item_purchase_floors":[13],"current_hp_per_floor":[70,70,70,70,70,46,46,17,17,17,17,13,13,13,13,0,0],"gold":54,"neow_bonus":"NOSTALGIA","is_daily":false,"chose_seed":false,"campfire_upgraded":0,"win_rate":0.0,"timestamp":1610972571,"path_taken":["M","M","?","$","?","E","M","E","T","M","M","?","?","M","R","BOSS"],"items_purchased_type":["Relic"],"build_version":"2020-12-22","purchased_purges":2,"victory":false,"max_hp_per_floor":[70,70,70,70,70,70,70,70,70,70,70,70,70,70,70,70,70],"card_choices":[{"not_picked":["Dagger Throw","Blade Dance"],"picked":"Outmaneuver","floor":1.0},{"not_picked":["hubris:SlightOfHand","Skewer"],"picked":"Well Laid Plans","floor":2.0},{"not_picked":["Infinite Blades","Poisoned Stab"],"picked":"Flying Knee","floor":5.0},{"not_picked":["Calculated Gamble","Setup","Slice"],"picked":"SKIP","floor":6.0},{"not_picked":["Cloak And Dagger","Setup","Sucker Punch"],"picked":"SKIP","floor":7},{"not_picked":["Catalyst","Dash"],"picked":"Adrenaline","floor":8},{"not_picked":["Blade Dance","Infinite Blades"],"picked":"Flying Knee","floor":10},{"not_picked":["Tactician","Noxious Fumes","Underhanded Strike"],"picked":"SKIP","floor":11},{"not_picked":["Storm of Steel","All Out Attack","Prepared"],"picked":"SKIP","floor":14}],"player_experience":348892,"relics_obtained":[{"floor":6.0,"key":"aspiration:HummingbirdHeart"},{"floor":8,"key":"aspiration:ChemicalBlood"},{"floor":12,"key":"hubris:SlimyHat"}],"event_choices":[{"damage_healed":0.0,"max_hp_gain":0.0,"max_hp_loss":0.0,"gold_gain":0.0,"event_name":"Accursed Blacksmith","player_choice":"Forge","floor":3.0,"gold_loss":0.0,"damage_taken":0.0,"cards_upgraded":["Well Laid Plans"]},{"damage_healed":0,"gold_gain":0,"player_choice":"Searched \u00272\u0027 times","damage_taken":0,"max_hp_gain":0,"max_hp_loss":0,"event_name":"Dead Adventurer","floor":12,"gold_loss":0}],"is_beta":false,"boss_relics":[],"items_purged_floors":[4,13],"is_endless":false,"potions_floor_spawned":[2,5,7,10,12],"killed_by":"Slime Boss","ascension_level":3}}