{"host":"3twtdwjpiqhvvn5s","time":1610943767,"event":{"mods":["AchievementEnabler","Act Like it!","Aspiration","BaseMod","BetterRewards","Colored Map","Colored Powertips","Downfall","Duelist Mod","Friendly Minions","GifTheSpireLib","Hallownest","Hermit","Hubris","Infinite Spire","Jorbs\u0027s Wanderer Trilogy","Koishi","KomeijiMod","Marisa????????","Minty Spire (QoL Compilation)","Random Character Mod","Rare Cards Sparkle","Shop Mod","StSLib","Td1madao Mod","The Administrix","The Animator","The Bug Knight","The Caster","The Cursed","The Disciple","The Hierophant","The Necromancer","The Poker Player","The Runesmith","The Servant 0.9.4","TheFirefly"],"gold_per_floor":[118,132,143,161,177,177,203,218,218,218,218],"floor_reached":10,"language":"ENG","playtime":2883,"items_purged":[],"score":122,"play_id":"9a802e64-9196-4dd4-8c9f-cb2be555497d","local_time":"20210117222246","daily_mods":["Draft","Cursed Run"],"is_ascension_mode":false,"campfire_choices":[{"floor":6,"key":"REST"}],"circlet_count":0,"master_deck":["Darkness","Steam","Turbo","Compile Driver","Fusion","Genetic Algorithm","aspiration:Polymerization","Turbo","Doom and Gloom","Turbo","Turbo","Ball Lightning","Fusion","Conserve Battery","Turbo","Darkness","Chill","Capacitor","Redo","Defragment","Defragment","Pain"],"relics":["Cursed Key","Darkstone Periapt","Du-Vu Doll","Vajra","Cables"],"acts_visited":["Hallownest:Greenpath"],"potions_floor_usage":[3,8],"damage_taken":[{"damage":7,"enemies":"Hallownest:monsterHuskGuard","floor":1,"turns":4},{"damage":14,"enemies":"Hallownest:2_Tiktiks_and_1_Crawlid","floor":2,"turns":4},{"damage":11,"enemies":"Hallownest:2_Baldur","floor":3,"turns":3},{"damage":6,"enemies":"Hallownest:monsterMossCharger","floor":4,"turns":4},{"damage":20,"enemies":"Hallownest:2_Tiktiks_1_Baldur_1_Crawlid","floor":5,"turns":5},{"damage":0,"enemies":"Hallownest:eliteVengeflyKing","floor":7,"turns":6},{"damage":36,"enemies":"Hallownest:1_Ooma_and_2_Uuma","floor":8,"turns":7},{"damage":17,"enemies":"Hallownest:eliteMossKnight","floor":10,"turns":2}],"seed_played":"-527646948266760926","potions_obtained":[{"floor":1,"key":"SmokeBomb"},{"floor":2,"key":"BlessingOfTheForge"},{"floor":7,"key":"PowerPotion"}],"is_trial":true,"path_per_floor":["M","M","M","M","M","R","E","M","T","E"],"character_chosen":"DEFECT","items_purchased":[],"campfire_rested":1,"item_purchase_floors":[],"current_hp_per_floor":[68,54,43,37,17,39,39,3,9,0,0],"gold":218,"neow_bonus":"","is_daily":false,"chose_seed":false,"campfire_upgraded":0,"win_rate":0.0,"timestamp":1610943766,"path_taken":["M","M","M","M","M","R","E","M","T","E"],"items_purchased_type":[],"build_version":"2020-12-22","purchased_purges":0,"victory":false,"max_hp_per_floor":[75,75,75,75,75,75,75,75,81,81,81],"card_choices":[{"not_picked":["Conserve Battery","Barrage"],"picked":"Darkness","floor":0},{"not_picked":["Leap","Scrape"],"picked":"Steam","floor":0},{"not_picked":["Redo","Beam Cell"],"picked":"Turbo","floor":0},{"not_picked":["Stack","hubris:PowerSurge"],"picked":"Compile Driver","floor":0},{"not_picked":["Streamline","Steam"],"picked":"Fusion","floor":0},{"not_picked":["Reinforced Body","Undo"],"picked":"Genetic Algorithm","floor":0},{"not_picked":["hubris:Ukulele","Go for the Eyes"],"picked":"aspiration:Polymerization","floor":0},{"not_picked":["Steam","Leap"],"picked":"Turbo","floor":0},{"not_picked":["Skim","Compile Driver"],"picked":"Doom and Gloom","floor":0},{"not_picked":["Sunder","Heatsinks"],"picked":"Turbo","floor":0},{"not_picked":["Streamline","Go for the Eyes"],"picked":"Turbo","floor":0},{"not_picked":["Streamline","Gash"],"picked":"Ball Lightning","floor":0},{"not_picked":["Conserve Battery","Blizzard"],"picked":"Fusion","floor":0},{"not_picked":["Leap","Steam Power"],"picked":"Conserve Battery","floor":0},{"not_picked":["Sweeping Beam","Streamline"],"picked":"Turbo","floor":0},{"not_picked":["Barrage","Lockon"],"picked":"Darkness","floor":1},{"not_picked":["Darkness","Leap"],"picked":"Chill","floor":2},{"not_picked":["Streamline","Compile Driver"],"picked":"Capacitor","floor":3},{"not_picked":["Conserve Battery","Hologram"],"picked":"Redo","floor":4},{"not_picked":["Skim","Steam"],"picked":"Defragment","floor":5},{"not_picked":["Sweeping Beam","Seek"],"picked":"Defragment","floor":7},{"not_picked":["Scrape","Go for the Eyes","Streamline"],"picked":"SKIP","floor":8}],"player_experience":1812915,"relics_obtained":[{"floor":7,"key":"Vajra"},{"floor":9,"key":"Cables"}],"event_choices":[],"is_beta":false,"boss_relics":[],"items_purged_floors":[],"is_endless":false,"potions_floor_spawned":[1,2,7],"killed_by":"Hallownest:eliteMossKnight","ascension_level":0}}