{"host":"qrbkigq52dd42dk0","time":1610976443,"event":{"mods":["AchievementEnabler","BaseMod","Colored Map","Colored Powertips","Minty Spire (QoL Compilation)","Quick Restart","StSLib","SuperFastMode","The IronCluck"],"gold_per_floor":[117,67,67,83,98,98,98,128,155,189,189,205,205,96,96,199,199,212,127,127,27,27,61,76,76,76,111,130,5,16,34,34,134,184,198,48,48,48,63,97,97,116,116,141,141,158,184,245,257,269,281,293,130,162,162],"floor_reached":56,"language":"ENG","playtime":1799,"items_purged":["Strike_R","Bash","Strike_R","Defend_R","Defend_R"],"score":2053,"play_id":"edb084a4-b8ca-4df5-85de-b1acfea016eb","local_time":"20210118142723","is_ascension_mode":true,"campfire_choices":[{"data":"Inflame","floor":6.0,"key":"SMITH"},{"data":"Entrench","floor":11.0,"key":"SMITH"},{"data":"Shrug It Off","floor":15.0,"key":"SMITH"},{"data":"Barricade","floor":25.0,"key":"SMITH"},{"data":"Flame Barrier","floor":32.0,"key":"SMITH"},{"floor":41.0,"key":"RECALL"},{"data":"Shrug It Off","floor":45.0,"key":"SMITH"},{"data":"Disarm","floor":49.0,"key":"SMITH"},{"data":"Defend_R","floor":52.0,"key":"SMITH"}],"circlet_count":0,"master_deck":["AscendersBane","Defend_R+1","Pommel Strike+1","Inflame+1","Entrench+1","Shrug It Off+1","Body Slam+1","Disarm+1","Barricade+1","Headbutt","Shrug It Off+1","Flame Barrier+1","Shrug It Off+1","Ghostly Armor+1"],"relics":["Burning Blood","NeowsBlessing","Anchor","Red Skull","Sozu","Mummified Hand","Pear","Blood Vial","Kunai","Bottled Flame","Tiny House","PreservedInsect","Du-Vu Doll","Self Forming Clay","HornCleat","MawBank","Pocketwatch","Toy Ornithopter"],"acts_visited":["Exordium","TheCity","TheBeyond","TheEnding"],"potions_floor_usage":[],"damage_taken":[{"damage":0.0,"enemies":"Jaw Worm","floor":1.0,"turns":1.0},{"damage":0.0,"enemies":"Small Slimes","floor":4.0,"turns":1.0},{"damage":0.0,"enemies":"Cultist","floor":5.0,"turns":1.0},{"damage":16.0,"enemies":"Gremlin Nob","floor":8.0,"turns":3.0},{"damage":20.0,"enemies":"Lagavulin","floor":10.0,"turns":5.0},{"damage":10.0,"enemies":"Gremlin Gang","floor":12.0,"turns":4.0},{"damage":10.0,"enemies":"The Guardian","floor":16.0,"turns":10.0},{"damage":0.0,"enemies":"Shell Parasite","floor":18.0,"turns":6.0},{"damage":17.0,"enemies":"Gremlin Leader","floor":23.0,"turns":7.0},{"damage":2.0,"enemies":"Spheric Guardian","floor":24.0,"turns":4.0},{"damage":7.0,"enemies":"Book of Stabbing","floor":27.0,"turns":6.0},{"damage":0.0,"enemies":"Snecko","floor":28.0,"turns":4.0},{"damage":0.0,"enemies":"Centurion and Healer","floor":30.0,"turns":5.0},{"damage":0.0,"enemies":"Cultist and Chosen","floor":31.0,"turns":3.0},{"damage":0.0,"enemies":"Automaton","floor":33.0,"turns":6.0},{"damage":16.0,"enemies":"3 Darklings","floor":35.0,"turns":6.0},{"damage":0.0,"enemies":"Orb Walker","floor":39.0,"turns":2.0},{"damage":10.0,"enemies":"Reptomancer","floor":40.0,"turns":5.0},{"damage":0.0,"enemies":"Sphere and 2 Shapes","floor":42.0,"turns":5.0},{"damage":0.0,"enemies":"Nemesis","floor":44.0,"turns":5.0},{"damage":0.0,"enemies":"Maw","floor":46.0,"turns":4.0},{"damage":0.0,"enemies":"Giant Head","floor":47.0,"turns":6.0},{"damage":0.0,"enemies":"2 Orb Walkers","floor":48.0,"turns":6.0},{"damage":0.0,"enemies":"Time Eater","floor":50.0,"turns":7.0},{"damage":60.0,"enemies":"Shield and Spear","floor":54.0,"turns":8.0},{"damage":28,"enemies":"The Heart","floor":55,"turns":10}],"seed_played":"-8980889340022756569","potions_obtained":[{"floor":1.0,"key":"CultistPotion"},{"floor":8.0,"key":"Ancient Potion"},{"floor":10.0,"key":"Strength Potion"}],"is_trial":false,"path_per_floor":["M","?","?","M","M","R","?","E","T","E","R","M","?","$","R","B",null,"M","?","T","$","?","E","M","R","T","E","M","$","M","M","R","B",null,"M","$","?","?","M","E","R","M","T","E","R","M","E","?","R","B",null,"R","$","E","B",null],"character_chosen":"IRONCLAD","items_purchased":["Disarm"],"campfire_rested":0,"item_purchase_floors":[14],"current_hp_per_floor":[78,78,78,80,80,80,73,63,63,49,49,45,45,45,45,41,70,76,76,86,86,86,75,81,81,81,82,90,90,90,90,90,90,95,85,85,85,85,90,86,86,90,90,90,90,90,90,90,90,90,90,90,90,36,16],"gold":162,"neow_bonus":"THREE_ENEMY_KILL","is_daily":false,"chose_seed":false,"campfire_upgraded":8,"win_rate":0.0,"timestamp":1610976443,"path_taken":["M","?","?","?","?","R","?","E","T","E","R","M","?","$","R","BOSS","M","?","?","$","?","E","M","R","T","E","M","?","M","M","R","BOSS","M","$","?","?","M","E","R","M","T","E","R","?","E","?","R","BOSS","R","$","E","BOSS"],"items_purchased_type":["Card"],"build_version":"2020-12-22","purchased_purges":5,"victory":true,"max_hp_per_floor":[80,80,80,80,80,80,80,80,80,80,80,80,80,80,80,80,80,80,80,90,90,90,90,90,90,90,90,90,90,90,90,90,90,95,95,95,90,90,90,90,90,90,90,90,90,90,90,90,90,90,90,90,90,90,90],"card_choices":[{"not_picked":["Carnage","Second Wind","Cleave"],"picked":"SKIP","floor":1.0},{"not_picked":["Twin Strike","Fire Breathing"],"picked":"Pommel Strike","floor":4.0},{"not_picked":["Flex","Wild Strike"],"picked":"Inflame","floor":5.0},{"not_picked":["Battle Trance","Warcry"],"picked":"Entrench","floor":8.0},{"not_picked":["Berserk","Sever Soul"],"picked":"Shrug It Off","floor":10.0},{"not_picked":["Blood for Blood","Rage"],"picked":"Body Slam","floor":12.0},{"not_picked":["Offering","Feed"],"picked":"Barricade","floor":16.0},{"not_picked":["Havoc+1","Flex"],"picked":"Headbutt","floor":18.0},{"not_picked":["Anger+1","Twin Strike","Clash"],"picked":"SKIP","floor":23.0},{"not_picked":["Infernal Blade+1","Limit Break","Sword Boomerang"],"picked":"SKIP","floor":24.0},{"not_picked":["Shockwave","Feel No Pain","Warcry"],"picked":"SKIP","floor":27.0},{"not_picked":["Clash+1","Fire Breathing"],"picked":"Shrug It Off","floor":28.0},{"not_picked":["Heavy Blade","Cleave","Feel No Pain"],"picked":"SKIP","floor":30.0},{"not_picked":["Perfected Strike","True Grit"],"picked":"Flame Barrier","floor":31.0},{"not_picked":["Warcry","Power Through+1","Anger"],"picked":"SKIP","floor":35.0},{"not_picked":["Sentinel+1","Thunderclap+1"],"picked":"Shrug It Off+1","floor":39.0},{"not_picked":["Rage","Wild Strike+1","Iron Wave"],"picked":"SKIP","floor":40.0},{"not_picked":["Combust","Hemokinesis","Rupture"],"picked":"SKIP","floor":42.0},{"not_picked":["Body Slam","Metallicize","Rupture"],"picked":"SKIP","floor":44.0},{"not_picked":["Double Tap","Anger"],"picked":"Ghostly Armor+1","floor":46.0},{"not_picked":["Sever Soul","Shockwave","Armaments"],"picked":"SKIP","floor":47.0},{"not_picked":["Headbutt","Bloodletting","Bludgeon"],"picked":"SKIP","floor":54.0}],"player_experience":162689,"relics_obtained":[{"floor":8.0,"key":"Anchor"},{"floor":10.0,"key":"Red Skull"},{"floor":20.0,"key":"Pear"},{"floor":23.0,"key":"Blood Vial"},{"floor":26.0,"key":"Kunai"},{"floor":27.0,"key":"Bottled Flame"},{"floor":40.0,"key":"Du-Vu Doll"},{"floor":43.0,"key":"Self Forming Clay"},{"floor":44.0,"key":"HornCleat"},{"floor":47.0,"key":"MawBank"},{"floor":48.0,"key":"Pocketwatch"},{"floor":54.0,"key":"Toy Ornithopter"}],"event_choices":[{"cards_removed":["Strike_R"],"damage_healed":0.0,"max_hp_gain":0.0,"max_hp_loss":0.0,"gold_gain":0.0,"event_name":"The Cleric","player_choice":"Card Removal","floor":2.0,"gold_loss":50.0,"damage_taken":0.0},{"cards_removed":["Defend_R"],"damage_healed":0.0,"max_hp_gain":0.0,"max_hp_loss":0.0,"gold_gain":0.0,"event_name":"Purifier","player_choice":"Purged","floor":3.0,"gold_loss":0.0,"damage_taken":0.0},{"cards_removed":["Strike_R"],"damage_healed":0.0,"max_hp_gain":0.0,"max_hp_loss":0.0,"gold_gain":0.0,"event_name":"Golden Wing","player_choice":"Card Removal","floor":7.0,"gold_loss":0.0,"damage_taken":7.0},{"damage_healed":0.0,"max_hp_gain":0.0,"max_hp_loss":0.0,"gold_gain":0.0,"event_name":"Living Wall","player_choice":"Grow","floor":13.0,"gold_loss":0.0,"damage_taken":0.0,"cards_upgraded":["Body Slam"]},{"damage_healed":0.0,"max_hp_gain":0.0,"max_hp_loss":0.0,"gold_gain":0.0,"event_name":"Addict","player_choice":"Obtained Relic","floor":19.0,"gold_loss":85.0,"damage_taken":0.0,"relics_obtained":["Mummified Hand"]},{"cards_removed":["Strike_R"],"damage_healed":0.0,"max_hp_gain":0.0,"max_hp_loss":0.0,"gold_gain":0.0,"event_name":"Back to Basics","player_choice":"Elegance","floor":22.0,"gold_loss":0.0,"damage_taken":0.0},{"damage_healed":0.0,"max_hp_gain":0.0,"max_hp_loss":5.0,"gold_gain":0.0,"event_name":"Winding Halls","player_choice":"Max HP","floor":37.0,"gold_loss":0.0,"damage_taken":0.0},{"damage_healed":0.0,"max_hp_gain":0.0,"max_hp_loss":0.0,"gold_gain":0.0,"event_name":"WeMeetAgain","player_choice":"Gave Potion","floor":38.0,"gold_loss":0.0,"damage_taken":0.0,"relics_obtained":["PreservedInsect"]},{"damage_healed":0.0,"max_hp_gain":0.0,"max_hp_loss":0.0,"gold_gain":0.0,"event_name":"Mysterious Sphere","player_choice":"Fight","floor":48.0,"gold_loss":0.0,"damage_taken":0.0}],"is_beta":false,"boss_relics":[{"not_picked":["Runic Dome","Black Star"],"picked":"Sozu"},{"not_picked":["Snecko Eye","Runic Cube"],"picked":"Tiny House"}],"items_purged_floors":[14,21,29,36,53],"is_endless":false,"potions_floor_spawned":[1,8,10,18,27,30,31,35,40,42,46,48,54],"ascension_level":11}}