{"host":"f5gffvlv6a66yqkd","time":1610992712,"event":{"mods":["2.2 Compatiblity","Alarm Clock","BaseMod","Colored Map","Custom Start","DeckTracker","Keyboard Shortcuts","Minty Spire (QoL Compilation)","Permanent Neow","Quick Restart","Relic Stats","StSLib","SuperFastMode"],"gold_per_floor":[113,133,183,202,34,34,66,78,101,115,115,125,125,156,156,234,234,248,262,262,278,278,278,278,278],"floor_reached":24,"language":"KOR","playtime":613,"items_purged":[],"score":416,"play_id":"6d6cc281-dbf2-407c-acff-417e37b3124a","local_time":"20210119025832","is_ascension_mode":true,"campfire_choices":[{"data":"Neutralize","floor":6.0,"key":"SMITH"},{"data":"Phantasmal Killer","floor":11.0,"key":"SMITH"},{"floor":13.0,"key":"REST"},{"data":"Blade Dance","floor":15.0,"key":"SMITH"},{"data":"Acrobatics","floor":23,"key":"SMITH"}],"circlet_count":0,"master_deck":["AscendersBane","Strike_G","Strike_G","Strike_G","Strike_G","Defend_G","Defend_G","Defend_G","Defend_G","Defend_G","Survivor","Neutralize+1","Poisoned Stab","Dagger Throw","Blade Dance+1","Cloak And Dagger","Phantasmal Killer+1","Acrobatics+1","Grand Finale","PiercingWail","Ghostly","Ghostly","Ghostly"],"relics":["Ring of the Snake","Centennial Puzzle","Vajra","Bag of Preparation","Boot","Bag of Marbles","SacredBark"],"acts_visited":["Exordium","TheCity"],"potions_floor_usage":[16,24],"damage_taken":[{"damage":0.0,"enemies":"Jaw Worm","floor":1.0,"turns":5.0},{"damage":0.0,"enemies":"Cultist","floor":2.0,"turns":3.0},{"damage":3.0,"enemies":"2 Louse","floor":4.0,"turns":3.0},{"damage":9.0,"enemies":"Lagavulin","floor":7.0,"turns":6.0},{"damage":2.0,"enemies":"Blue Slaver","floor":8.0,"turns":3.0},{"damage":15.0,"enemies":"3 Louse","floor":10.0,"turns":3.0},{"damage":3.0,"enemies":"Lots of Slimes","floor":12.0,"turns":3.0},{"damage":10.0,"enemies":"Gremlin Nob","floor":14.0,"turns":3.0},{"damage":10,"enemies":"Slime Boss","floor":16,"turns":4},{"damage":10,"enemies":"Chosen","floor":18,"turns":4},{"damage":13,"enemies":"Shell Parasite","floor":19,"turns":5},{"damage":16,"enemies":"Snake Plant","floor":21,"turns":4},{"damage":43,"enemies":"Book of Stabbing","floor":24,"turns":7}],"seed_played":"936360351842119865","potions_obtained":[{"floor":2.0,"key":"BlessingOfTheForge"},{"floor":7.0,"key":"FairyPotion"},{"floor":14.0,"key":"ColorlessPotion"},{"floor":18,"key":"Swift Potion"},{"floor":19,"key":"SpeedPotion"}],"is_trial":false,"path_per_floor":["M","M","?","M","$","R","E","M","T","M","R","M","R","E","R","B",null,"M","M","?","M","?","R","E"],"character_chosen":"THE_SILENT","items_purchased":["Vajra"],"campfire_rested":1,"item_purchase_floors":[5],"current_hp_per_floor":[59,59,53,50,50,50,41,39,39,24,24,21,40,30,30,20,55,45,32,32,16,16,16,0,0],"gold":278,"neow_bonus":"RANDOM_COMMON_RELIC","is_daily":false,"chose_seed":false,"campfire_upgraded":4,"win_rate":0.0,"timestamp":1610992712,"path_taken":["M","M","?","M","?","R","E","M","T","M","R","M","R","E","R","BOSS","M","M","?","M","?","R","E"],"items_purchased_type":["Relic"],"build_version":"2020-12-22","purchased_purges":0,"victory":false,"max_hp_per_floor":[66,66,66,66,66,66,66,66,66,66,66,66,66,66,66,66,66,66,66,66,66,33,33,33,33],"relic_stats":{"Centennial Puzzle":[33],"counters":[13,53],"Bag of Preparation":[18],"Boot":[13],"obtain_stats":[{"Centennial Puzzle":0,"SacredBark":17,"Vajra":5,"Bag of Preparation":7,"Bag of Marbles":14,"Boot":9,"Ring of the Snake":0},{"Centennial Puzzle":0,"SacredBark":9,"Vajra":3,"Bag of Preparation":4,"Bag of Marbles":8,"Boot":5,"Ring of the Snake":0},{"Centennial Puzzle":0,"SacredBark":33,"Vajra":11,"Bag of Preparation":17,"Bag of Marbles":29,"Boot":20,"Ring of the Snake":0}],"Ring of the Snake":[26]},"card_choices":[{"not_picked":["Sucker Punch","Slice"],"picked":"Poisoned Stab","floor":1.0},{"not_picked":["Backflip","Dagger Spray"],"picked":"Dagger Throw","floor":2.0},{"not_picked":["Flying Knee","Dodge and Roll","Expertise"],"picked":"SKIP","floor":4.0},{"not_picked":["Bane","Outmaneuver"],"picked":"Blade Dance","floor":7.0},{"not_picked":["Well Laid Plans","Flechettes"],"picked":"Cloak And Dagger","floor":8.0},{"not_picked":["Dagger Throw","Slice"],"picked":"Phantasmal Killer","floor":10.0},{"not_picked":["Dash","Cloak And Dagger","Flying Knee"],"picked":"SKIP","floor":12.0},{"not_picked":["Masterful Stab","Catalyst"],"picked":"Acrobatics","floor":14.0},{"not_picked":["Glass Knife","Burst"],"picked":"Grand Finale","floor":16},{"not_picked":["Deadly Poison","Dagger Spray+1","Outmaneuver"],"picked":"SKIP","floor":18},{"not_picked":["Flechettes","Blur","Outmaneuver"],"picked":"SKIP","floor":19},{"not_picked":["Dagger Spray","Outmaneuver+1"],"picked":"PiercingWail","floor":21}],"player_experience":1594400,"relics_obtained":[{"floor":7.0,"key":"Bag of Preparation"},{"floor":9.0,"key":"Boot"},{"floor":14.0,"key":"Bag of Marbles"}],"event_choices":[{"damage_healed":0.0,"max_hp_gain":0.0,"max_hp_loss":0.0,"gold_gain":50.0,"event_name":"FaceTrader","player_choice":"Touch","floor":3.0,"gold_loss":0.0,"damage_taken":6.0},{"cards_removed":["Strike_G"],"damage_healed":0,"gold_gain":0,"player_choice":"Elegance","damage_taken":0,"max_hp_gain":0,"max_hp_loss":0,"event_name":"Back to Basics","floor":20,"gold_loss":0},{"damage_healed":0,"gold_gain":0,"player_choice":"Became a Ghost","damage_taken":0,"max_hp_gain":0,"max_hp_loss":33,"event_name":"Ghosts","floor":22,"gold_loss":0,"cards_obtained":["Ghostly","Ghostly","Ghostly"]}],"is_beta":false,"boss_relics":[{"not_picked":["Runic Pyramid","Runic Dome"],"picked":"SacredBark"}],"items_purged_floors":[],"is_endless":false,"potions_floor_spawned":[2,7,14,18,19],"killed_by":"Book of Stabbing","ascension_level":20}}