{"host":"w2kjv12xyhtt0cv2","time":1610982785,"event":{"mods":["Act Like it!","BaseMod","Colored Map","Friendly Minions","Gensokyo","Highlight Path","Hubris","Kiyohime（清姬）","Marisa（F雨　魔理沙）","Minty Spire (QoL Compilation)","Quick Restart","Reimu（博丽灵梦）","Relic Stats","Replay The Spire","RumiaBox-露米娅的神秘盒子","Shop Mod","Spicy Shops","StSLib","The Cursed","The Servant 0.9.4","UnlockEverythingMod","Waifu the Spire","[功能]功能增强和修复MOD","vexMod","【功能Mod】Neow奖励","【遗物卡牌】REMEMod","没有小屋子和绿帽子啦"],"gold_per_floor":[110,110,42,42,62,93,93,93,93,113,143,162,178,216,216,295,295,315,315,565,589,8,63,76,109,121,163,175,216,87,27,27,118,118,134,409,421,421,438,458,493,468,492,558,17,48,48,78,78,78,78,78,78,328,383,480],"floor_reached":57,"playtime":4208,"items_purged":["KiyohimeMod:Defend","hubris:Envy"],"score":3578,"play_id":"4a2fdc33-b805-4560-9119-8100709e2e2b","local_time":"20210118231305","is_ascension_mode":true,"campfire_choices":[{"data":"Replay:Bag of Tricks","floor":8.0,"key":"SMITH"},{"data":"KiyohimeMod:FlameKiss","floor":15.0,"key":"SMITH"},{"floor":32.0,"key":"DIG"},{"data":"REME_BattleFury","floor":47.0,"key":"SMITH"},{"floor":49.0,"key":"RECALL"},{"data":"Crow Ritual","floor":53.0,"key":"SMITH"}],"circlet_count":0,"master_deck":["AscendersBane","KiyohimeMod:Strike+1","KiyohimeMod:Strike+1","KiyohimeMod:Strike+1","KiyohimeMod:Strike+1","KiyohimeMod:Track","KiyohimeMod:FlameKiss+1","KiyohimeMod:Shapeshift","Replay:Bag of Tricks+1","KiyohimeMod:CelestialInvertedMoon","KiyohimeMod:DivineConstruct","REME_BattleFury+1","KiyohimeMod:CelestialInvertedMoon","KiyohimeMod:AgainstMagic+1","KiyohimeMod:Destruction+1","KiyohimeMod:GoldenCarpFigure","KiyohimeMod:Grimoire+1","KiyohimeMod:FacelessMoon+1","Crow Ritual+1"],"relics":["REME_ComplimentaryCards","vexMod:MysteryBossChallenge","Philosopher\u0027s Stone","Replay:Bottled Eggs","vexMod:ConsolationPrize","ReplayTheSpireMod:Shallot","Dream Catcher","REME_HandOfSuture","hubris:TerracottaHorce","hubris:Icosahedron","MagicDraw1","Simple Rune","Centennial Puzzle","MawBank","Regal Pillow","hubris:Towel","vexMod:BarristanHead","Replay:Wax Seal","Toy Ornithopter","Quantum Egg","Replay:Drink Me","PreservedInsect","Art of War","Smiling Mask","Ice Cream","SSSystem","hubris:Zylophone","hubris:NiceRug","ReplayTheSpireMod:Ninjato","hubris:TenFootPole","Guide Book","Replay:Bandana","Whetstone","TentaclePot:ReiMu","Strawberry"],"acts_visited":["Gensokyo:Gensokyo","Gensokyo:Gensokyoer","TheBeyond","TheEnding"],"potions_floor_usage":[56,56,56],"damage_taken":[{"damage":0.0,"enemies":"Gensokyo:2_Kodama","floor":1.0,"turns":2.0},{"damage":1.0,"enemies":"Gensokyo:Gryphon","floor":5.0,"turns":2.0},{"damage":10.0,"enemies":"Gensokyo:Aya","floor":6.0,"turns":5.0},{"damage":0.0,"enemies":"Gensokyo:Python","floor":10.0,"turns":3.0},{"damage":0.0,"enemies":"Gensokyo:Cirno","floor":11.0,"turns":4.0},{"damage":5.0,"enemies":"Gensokyo:CorruptedTreant","floor":12.0,"turns":1.0},{"damage":0.0,"enemies":"Gensokyo:Gryphon_and_Rabbit","floor":13.0,"turns":4.0},{"damage":4.0,"enemies":"Gensokyo:Mamizou","floor":14.0,"turns":6.0},{"damage":0.0,"enemies":"Gensokyo:Yukari","floor":16.0,"turns":4.0},{"damage":3.0,"enemies":"Gensokyo:3_Dogs","floor":18.0,"turns":4.0},{"damage":5.0,"enemies":"Gensokyo:Chomper","floor":21.0,"turns":3.0},{"damage":22.0,"enemies":"Gensokyo:Tenshi","floor":23.0,"turns":2.0},{"damage":0.0,"enemies":"Gensokyo:Mirror_and_Dog","floor":24.0,"turns":2.0},{"damage":0.0,"enemies":"Gensokyo:Reisen","floor":25.0,"turns":2.0},{"damage":1.0,"enemies":"Gensokyo:Koishi","floor":27.0,"turns":3.0},{"damage":2.0,"enemies":"Gensokyo:Reisen","floor":29.0,"turns":3.0},{"damage":15.0,"enemies":"Gensokyo:Tenshi","floor":31.0,"turns":2.0},{"damage":14.0,"enemies":"Gensokyo:Eiki","floor":33.0,"turns":3.0},{"damage":0.0,"enemies":"3 Darklings","floor":35.0,"turns":2.0},{"damage":0.0,"enemies":"Orb Walker","floor":37.0,"turns":2.0},{"damage":0.0,"enemies":"Transient","floor":39.0,"turns":6.0},{"damage":0.0,"enemies":"Maw","floor":40.0,"turns":2.0},{"damage":0.0,"enemies":"Nemesis","floor":41.0,"turns":3.0},{"damage":14.0,"enemies":"2 Orb Walkers","floor":44.0,"turns":2.0},{"damage":0.0,"enemies":"R_Hoarder","floor":46.0,"turns":4.0},{"damage":0.0,"enemies":"Giant Head","floor":48.0,"turns":2.0},{"damage":0.0,"enemies":"Awakened One","floor":50.0,"turns":2.0},{"damage":0.0,"enemies":"hubris:GrandSnecko","floor":51.0,"turns":2.0},{"damage":0.0,"enemies":"hubris:Merchant","floor":54.0,"turns":2.0},{"damage":0.0,"enemies":"Shield and Spear","floor":55.0,"turns":1.0},{"damage":35,"enemies":"The Heart","floor":56,"turns":5}],"seed_played":"8003183941545421256","potions_obtained":[{"floor":6.0,"key":"Explosive Potion"},{"floor":10.0,"key":"EssenceOfSteel"},{"floor":11.0,"key":"AttackPotion"},{"floor":18.0,"key":"DuplicationPotion"},{"floor":24.0,"key":"DuplicationPotion"},{"floor":29.0,"key":"Milkshake"},{"floor":33.0,"key":"PowerPotion"},{"floor":39.0,"key":"Weak Potion"},{"floor":40.0,"key":"ColorlessPotion"},{"floor":41.0,"key":"Venom Potion"},{"floor":48.0,"key":"SneckoOil"},{"floor":54.0,"key":"CultistPotion"},{"floor":54.0,"key":"FearPotion"}],"is_trial":false,"path_per_floor":["M","?","$","?","M","E","$","R","T","M","E","M","M","E","R","B",null,"M","?","?","M","$","E","M","E","T","E","?","E","$","E","R_BF","B",null,"M","?","M","?","M","M","E","?","T","?","$","E","R","E","R_BF","B","B",null,"R","$","E","B",null],"character_chosen":"Kiyohime","items_purchased":["MagicDraw1","REME_BattleFury","Simple Rune","Replay:Wax Seal","KiyohimeMod:Destruction","Crow Ritual","SpeedPotion"],"campfire_rested":0,"item_purchase_floors":[22,22,22,30,30,45,54],"current_hp_per_floor":[50,37,37,37,36,26,26,26,26,26,26,21,21,17,17,17,46,43,43,43,38,38,29,29,29,29,28,28,26,26,11,11,2,30,30,30,30,30,30,30,30,30,30,21,21,21,21,21,21,21,26,36,36,36,46,11],"gold":480,"neow_bonus":"BOSS_RELIC","is_daily":false,"chose_seed":false,"campfire_upgraded":4,"win_rate":0.0,"timestamp":1610982785,"path_taken":["M","?","?","?","M","E","?","R","T","M","E","?","M","E","R_BF","BOSS","M","?","?","?","$","E","M","E","T","E","?","E","?","E","R_BF","BOSS","M","?","?","?","?","?","E","?","T","?","?","E","R","E","R_BF","BOSS","BOSS","R","$","E","BOSS"],"items_purchased_type":["Relic","Card","Relic","Relic","Card","Card","Potion"],"build_version":"2020-12-22","purchased_purges":2,"victory":true,"max_hp_per_floor":[55,55,55,55,55,55,55,55,55,55,55,55,55,55,55,55,55,55,55,51,51,51,51,51,51,51,51,51,51,51,51,51,51,39,39,39,39,39,39,39,39,39,39,39,39,39,39,39,39,39,39,39,39,39,46,46],"relic_stats":{"Dream Catcher":0,"Centennial Puzzle":[17],"Regal Pillow":0,"counters":[31,90],"PreservedInsect":295,"Art of War":[0],"Whetstone":["KiyohimeMod:Strike","KiyohimeMod:Strike"],"MawBank":60,"Smiling Mask":50,"obtain_stats":[{"Ice Cream":44,"Regal Pillow":27,"SSSystem":46,"Whetstone":54,"Smiling Mask":43,"hubris:TerracottaHorce":17,"MagicDraw1":22,"KiyohimeMod:FireDragon":0,"Frozen Eye":27,"Dream Catcher":11,"Centennial Puzzle":23,"Replay:Bandana":54,"hubris:Icosahedron":19,"Strawberry":55,"Philosopher\u0027s Stone":0,"Replay:Bottled Eggs":2,"Replay:Wax Seal":30,"Replay:Drink Me":34,"ReplayTheSpireMod:Ninjato":54,"vexMod:ConsolationPrize":6,"Quantum Egg":32,"Guide Book":54,"TentaclePot:ReiMu":54,"vexMod:MysteryBossChallenge":0,"PreservedInsect":41,"hubris:Towel":28,"MawBank":25,"hubris:Zylophone":48,"vexMod:BarristanHead":29,"ReplayTheSpireMod:Shallot":9,"Simple Rune":22,"REME_HandOfSuture":14,"Art of War":42,"hubris:TenFootPole":54,"Toy Ornithopter":31,"REME_ComplimentaryCards":0,"hubris:NiceRug":54},{"Ice Cream":24,"Regal Pillow":15,"SSSystem":25,"Whetstone":29,"Smiling Mask":23,"hubris:TerracottaHorce":9,"MagicDraw1":11,"KiyohimeMod:FireDragon":0,"Frozen Eye":14,"Dream Catcher":5,"Centennial Puzzle":12,"Replay:Bandana":29,"hubris:Icosahedron":10,"Strawberry":30,"Philosopher\u0027s Stone":0,"Replay:Bottled Eggs":1,"Replay:Wax Seal":16,"Replay:Drink Me":18,"ReplayTheSpireMod:Ninjato":29,"vexMod:ConsolationPrize":3,"Quantum Egg":17,"Guide Book":29,"TentaclePot:ReiMu":29,"vexMod:MysteryBossChallenge":0,"PreservedInsect":23,"hubris:Towel":15,"MawBank":14,"hubris:Zylophone":26,"vexMod:BarristanHead":16,"ReplayTheSpireMod:Shallot":3,"Simple Rune":11,"REME_HandOfSuture":8,"Art of War":23,"hubris:TenFootPole":29,"Toy Ornithopter":17,"REME_ComplimentaryCards":0,"hubris:NiceRug":29},{"Ice Cream":72,"Regal Pillow":47,"SSSystem":76,"Whetstone":84,"Smiling Mask":70,"hubris:TerracottaHorce":31,"MagicDraw1":38,"KiyohimeMod:FireDragon":0,"Frozen Eye":44,"Dream Catcher":16,"Centennial Puzzle":40,"Replay:Bandana":84,"hubris:Icosahedron":35,"Strawberry":85,"Philosopher\u0027s Stone":0,"Replay:Bottled Eggs":2,"Replay:Wax Seal":50,"Replay:Drink Me":55,"ReplayTheSpireMod:Ninjato":84,"vexMod:ConsolationPrize":9,"Quantum Egg":52,"Guide Book":84,"TentaclePot:ReiMu":84,"vexMod:MysteryBossChallenge":0,"PreservedInsect":70,"hubris:Towel":47,"MawBank":44,"hubris:Zylophone":78,"vexMod:BarristanHead":50,"ReplayTheSpireMod:Shallot":9,"Simple Rune":38,"REME_HandOfSuture":27,"Art of War":70,"hubris:TenFootPole":84,"Toy Ornithopter":52,"REME_ComplimentaryCards":0,"hubris:NiceRug":84}],"Toy Ornithopter":18},"card_choices":[{"not_picked":["KiyohimeMod:LimitedZeroOver","KiyohimeMod:RedBlackKey"],"picked":"KiyohimeMod:CelestialInvertedMoon","floor":1.0},{"not_picked":["KiyohimeMod:RedBlackKey","KiyohimeMod:Berserker"],"picked":"KiyohimeMod:DivineConstruct","floor":5.0},{"not_picked":["KiyohimeMod:DragonVein","KiyohimeMod:GreenBlackKey","KiyohimeMod:HeroCreation"],"picked":"SKIP","floor":6.0},{"not_picked":["KiyohimeMod:BeastOfBillows","KiyohimeMod:WaterTurn","KiyohimeMod:Berserker"],"picked":"SKIP","floor":10.0},{"not_picked":["KiyohimeMod:WaterTurn","KiyohimeMod:EatSoul","KiyohimeMod:Fragarach"],"picked":"SKIP","floor":11.0},{"not_picked":["KiyohimeMod:SteelTraining","KiyohimeMod:FragmentsOf2030","KiyohimeMod:HydraDagger"],"picked":"SKIP","floor":12.0},{"not_picked":["KiyohimeMod:EatSoul","KiyohimeMod:Berserker","KiyohimeMod:GreenBlackKey"],"picked":"SKIP","floor":13.0},{"not_picked":["KiyohimeMod:AndSoTheShipConquers","KiyohimeMod:ImaginaryAround","KiyohimeMod:Berserker"],"picked":"SKIP","floor":14.0},{"not_picked":["KiyohimeMod:SteelTraining+1","KiyohimeMod:Berserker+1","KiyohimeMod:FormalCraft"],"picked":"SKIP","floor":18.0},{"not_picked":["KiyohimeMod:WaterTurn","KiyohimeMod:BlueBlackKey","KiyohimeMod:EatSoul"],"picked":"SKIP","floor":21.0},{"not_picked":["KiyohimeMod:BeastOfBillows","KiyohimeMod:FormalCraft"],"picked":"KiyohimeMod:CelestialInvertedMoon","floor":23.0},{"not_picked":["KiyohimeMod:HeroCreation","KiyohimeMod:HydraDagger","KiyohimeMod:Preemptive"],"picked":"SKIP","floor":24.0},{"not_picked":["KiyohimeMod:SteelTraining","KiyohimeMod:RedBlackKey","KiyohimeMod:Berserker"],"picked":"SKIP","floor":25.0},{"not_picked":["KiyohimeMod:JeweledSword","KiyohimeMod:Preemptive","KiyohimeMod:ExSpicyMapoTofu"],"picked":"SKIP","floor":27.0},{"not_picked":["KiyohimeMod:AndSoTheShipConquers","KiyohimeMod:HydraDagger"],"picked":"KiyohimeMod:AgainstMagic+1","floor":29.0},{"not_picked":["KiyohimeMod:GreenBlackKey","KiyohimeMod:LimitedZeroOver","KiyohimeMod:EatSoul"],"picked":"SKIP","floor":31.0},{"not_picked":["KiyohimeMod:Servant_Osakabehime","KiyohimeMod:Servant_TamamoNoMae"],"picked":"KiyohimeMod:GoldenCarpFigure","floor":33.0},{"not_picked":["KiyohimeMod:FirstPremonition","KiyohimeMod:DragonVein","KiyohimeMod:DivineConstruct"],"picked":"SKIP","floor":35.0},{"not_picked":["KiyohimeMod:RedBlackKey","KiyohimeMod:Berserker","KiyohimeMod:BlueBlackKey+1"],"picked":"SKIP","floor":37.0},{"not_picked":["KiyohimeMod:FormalCraft","KiyohimeMod:RedBlackKey","KiyohimeMod:SteelTraining"],"picked":"SKIP","floor":39.0},{"not_picked":["KiyohimeMod:AndSoTheShipConquers","KiyohimeMod:WaterTurn+1"],"picked":"KiyohimeMod:Grimoire+1","floor":40.0},{"not_picked":["KiyohimeMod:GreenBlackKey","KiyohimeMod:DragonVein"],"picked":"KiyohimeMod:FacelessMoon","floor":41.0},{"not_picked":["KiyohimeMod:GreenBlackKey","KiyohimeMod:Berserker","KiyohimeMod:BlueBlackKey"],"picked":"SKIP","floor":46.0},{"not_picked":["KiyohimeMod:Berserker","KiyohimeMod:WaterTurn","KiyohimeMod:ImaginaryAround+1"],"picked":"SKIP","floor":48.0},{"not_picked":["KiyohimeMod:BlueBlackKey"],"picked":"SKIP","floor":54.0},{"not_picked":["KiyohimeMod:RedBlackKey"],"picked":"SKIP","floor":54.0},{"not_picked":["KiyohimeMod:AndSoTheShipConquers"],"picked":"SKIP","floor":54.0},{"not_picked":["KiyohimeMod:SteelTraining"],"picked":"SKIP","floor":54.0},{"not_picked":["KiyohimeMod:Berserker"],"picked":"SKIP","floor":54.0},{"not_picked":["Mind Blast"],"picked":"SKIP","floor":54.0},{"not_picked":["Secret Weapon"],"picked":"SKIP","floor":54.0},{"not_picked":["KiyohimeMod:AgainstMagic","KiyohimeMod:Projection+1","KiyohimeMod:Fragarach"],"picked":"SKIP","floor":55.0}],"player_experience":161993,"relics_obtained":[{"floor":6.0,"key":"vexMod:ConsolationPrize"},{"floor":9.0,"key":"ReplayTheSpireMod:Shallot"},{"floor":11.0,"key":"Dream Catcher"},{"floor":14.0,"key":"REME_HandOfSuture"},{"floor":23.0,"key":"Centennial Puzzle"},{"floor":25.0,"key":"MawBank"},{"floor":27.0,"key":"Regal Pillow"},{"floor":29.0,"key":"vexMod:BarristanHead"},{"floor":31.0,"key":"Toy Ornithopter"},{"floor":32.0,"key":"Quantum Egg"},{"floor":41.0,"key":"PreservedInsect"},{"floor":43.0,"key":"Smiling Mask"},{"floor":44.0,"key":"Ice Cream"},{"floor":46.0,"key":"SSSystem"},{"floor":48.0,"key":"hubris:Zylophone"},{"floor":54.0,"key":"ReplayTheSpireMod:Ninjato"},{"floor":54.0,"key":"hubris:TenFootPole"},{"floor":54.0,"key":"Guide Book"},{"floor":54.0,"key":"Replay:Bandana"},{"floor":54.0,"key":"Whetstone"},{"floor":54.0,"key":"TentaclePot:ReiMu"},{"floor":55.0,"key":"Strawberry"}],"event_choices":[{"damage_healed":0.0,"max_hp_gain":0.0,"max_hp_loss":0.0,"gold_gain":275.0,"event_name":"Golden Shrine","player_choice":"Desecrate","floor":36.0,"gold_loss":0.0,"damage_taken":0.0,"cards_obtained":["Regret"]},{"damage_healed":0.0,"max_hp_gain":0.0,"max_hp_loss":0.0,"gold_gain":0.0,"cards_transformed":["Regret"],"event_name":"Transmorgrifier","player_choice":"Transformed","floor":38.0,"gold_loss":0.0,"damage_taken":0.0,"cards_obtained":["hubris:Envy"]},{"damage_healed":0.0,"max_hp_gain":0.0,"max_hp_loss":0.0,"gold_gain":0.0,"event_name":"Mysterious Sphere","player_choice":"Fight","floor":44.0,"gold_loss":0.0,"damage_taken":0.0}],"is_beta":false,"boss_relics":[{"not_picked":["Runic Pyramid","Astrolabe"],"picked":"hubris:TerracottaHorce"},{"not_picked":["vexMod:DeviousBotling","AddBug"],"picked":"Replay:Drink Me"}],"items_purged_floors":[3,45],"is_endless":false,"potions_floor_spawned":[6,10,11,12,18,24,29,33,39,40,41,48,55],"ascension_level":20}}