{"host":"xz7n3qy1zq36rzpg","time":1610967939,"event":{"mods":["BaseMod","Colored Map","Colored Powertips","Highlight Path","Minty Spire (QoL Compilation)","Quick Restart","Shop Mod"],"gold_per_floor":[114,133,144,154,79,79,79,104,129,129,142,174,135,160,160,259,259,277,289,65,65,75,75,100,120,120,120,120],"floor_reached":27,"language":"ENG","playtime":1130,"items_purged":["Defend_G"],"score":304,"play_id":"e7a3dffa-d3bb-453d-8d95-757d853bc630","local_time":"20210118120539","is_ascension_mode":true,"campfire_choices":[{"data":"Deflect","floor":6,"key":"SMITH"},{"data":"Neutralize","floor":10,"key":"SMITH"},{"floor":15,"key":"REST"},{"floor":23,"key":"REST"}],"circlet_count":0,"master_deck":["Strike_G","Strike_G","Strike_G","Strike_G","Defend_G","Defend_G","Defend_G","Defend_G","Survivor+1","Neutralize+1","Die Die Die","Flying Knee","Bouncing Flask+1","Leg Sweep","Deflect+1","Footwork","Underhanded Strike","Backflip","After Image","Infinite Blades+1","Deadly Poison+1","All Out Attack","Calculated Gamble+1","Blade Dance","Noxious Fumes+1"],"relics":["Ring of the Snake","Akabeko","Centennial Puzzle","Oddly Smooth Stone","Blue Candle","Black Star","ClockworkSouvenir","Art of War","War Paint","Pear"],"acts_visited":["Exordium","TheCity"],"potions_floor_usage":[8,18,25,25],"damage_taken":[{"damage":0,"enemies":"Cultist","floor":1,"turns":3},{"damage":7,"enemies":"Small Slimes","floor":2,"turns":3},{"damage":2,"enemies":"Jaw Worm","floor":3,"turns":4},{"damage":21,"enemies":"Exordium Wildlife","floor":4,"turns":6},{"damage":25,"enemies":"Gremlin Nob","floor":8,"turns":4},{"damage":2,"enemies":"Lots of Slimes","floor":11,"turns":4},{"damage":3,"enemies":"Lagavulin","floor":12,"turns":7},{"damage":12,"enemies":"3 Sentries","floor":14,"turns":6},{"damage":10,"enemies":"The Guardian","floor":16,"turns":11},{"damage":18,"enemies":"2 Thieves","floor":18,"turns":5},{"damage":1,"enemies":"Shell Parasite","floor":19,"turns":7},{"damage":19,"enemies":"Cultist and Chosen","floor":22,"turns":7},{"damage":45,"enemies":"Slavers","floor":24,"turns":7},{"damage":0,"enemies":"Snecko","floor":25,"turns":5},{"damage":23,"enemies":"Centurion and Healer","floor":27,"turns":1}],"seed_played":"8801974300735639840","potions_obtained":[{"floor":2,"key":"Regen Potion"},{"floor":4,"key":"Weak Potion"},{"floor":11,"key":"EssenceOfSteel"},{"floor":16,"key":"LiquidMemories"},{"floor":24,"key":"SteroidPotion"},{"floor":25,"key":"SteroidPotion"}],"is_trial":false,"path_per_floor":["M","M","M","M","$","R","?","E","T","R","M","E","?","E","R","B",null,"M","M","$","?","M","R","E","M","T","M"],"character_chosen":"THE_SILENT","items_purchased":["All Out Attack","ClockworkSouvenir"],"campfire_rested":2,"item_purchase_floors":[20,20],"current_hp_per_floor":[70,63,61,40,40,40,63,47,47,47,45,42,42,30,51,41,70,52,51,51,51,32,53,8,8,18,0,0],"gold":120,"neow_bonus":"ONE_RANDOM_RARE_CARD","is_daily":false,"chose_seed":false,"campfire_upgraded":2,"win_rate":0.0,"timestamp":1610967939,"path_taken":["M","M","M","?","$","R","?","E","T","R","M","E","?","E","R","BOSS","M","M","$","?","?","R","E","M","T","M"],"items_purchased_type":["Card","Relic"],"build_version":"2020-12-22","purchased_purges":1,"victory":false,"max_hp_per_floor":[70,70,70,70,70,70,70,70,70,70,70,70,70,70,70,70,70,70,70,70,70,70,70,70,70,80,80,80],"card_choices":[{"not_picked":["Outmaneuver","Expertise"],"picked":"Flying Knee","floor":1},{"not_picked":["Skewer","Acrobatics"],"picked":"Bouncing Flask","floor":2},{"not_picked":["Underhanded Strike","Riddle With Holes"],"picked":"Leg Sweep","floor":3},{"not_picked":["Flying Knee","Prepared"],"picked":"Deflect","floor":4},{"not_picked":["Accuracy","Dodge and Roll"],"picked":"Footwork","floor":8},{"not_picked":["Predator","Prepared"],"picked":"Underhanded Strike","floor":11},{"not_picked":["Poisoned Stab","Expertise"],"picked":"Backflip","floor":12},{"not_picked":["Dodge and Roll","Dagger Spray","Skewer"],"picked":"SKIP","floor":14},{"not_picked":["Night Terror","Grand Finale"],"picked":"After Image","floor":16},{"not_picked":["Flying Knee","Dodge and Roll"],"picked":"Infinite Blades+1","floor":18},{"not_picked":["Dagger Spray","Slice"],"picked":"Deadly Poison+1","floor":19},{"not_picked":["Predator","Prepared"],"picked":"Calculated Gamble+1","floor":22},{"not_picked":["Reflex","Dagger Throw+1"],"picked":"Blade Dance","floor":24},{"not_picked":["Calculated Gamble","Slice+1"],"picked":"Noxious Fumes+1","floor":25}],"player_experience":341417,"relics_obtained":[{"floor":8,"key":"Akabeko"},{"floor":9,"key":"Centennial Puzzle"},{"floor":12,"key":"Oddly Smooth Stone"},{"floor":14,"key":"Blue Candle"},{"floor":24,"key":"Art of War"},{"floor":24,"key":"War Paint"},{"floor":26,"key":"Pear"}],"event_choices":[{"damage_healed":23,"gold_gain":0,"player_choice":"Banana","damage_taken":0,"max_hp_gain":0,"max_hp_loss":0,"event_name":"Big Fish","floor":7,"gold_loss":0},{"damage_healed":0,"gold_gain":0,"player_choice":"Left Gold","damage_taken":0,"max_hp_gain":0,"max_hp_loss":0,"event_name":"World of Goop","floor":13,"gold_loss":39},{"cards_removed":["Strike_G"],"damage_healed":0,"gold_gain":0,"player_choice":"Offered Basic","damage_taken":0,"max_hp_gain":0,"max_hp_loss":0,"event_name":"Bonfire Elementals","floor":21,"gold_loss":0}],"is_beta":false,"boss_relics":[{"not_picked":["Ectoplasm","Coffee Dripper"],"picked":"Black Star"}],"items_purged_floors":[5],"is_endless":false,"potions_floor_spawned":[2,4,11,16,24,25],"killed_by":"Centurion and Healer","ascension_level":4}}