{"host":"3pw9u83bdp0tylwm","time":1610928650,"event":{"mods":["AchievementEnabler","BaseMod","Colored Map","Filter the Spire","Minty Spire (QoL Compilation)","Relic Stats","Slay the Relics Exporter","StSLib"],"gold_per_floor":[116,116,86,106,117,117,142,142,194,221,233,257,282,369,381,468,480,504,516,543,480,33,33,62,62,62,162,11,24,42,76,76,155,155,173,173,192,192,192,217,217,230,298,298,332,332,332,364,364,364,364,364,364,30,58,58],"floor_reached":57,"language":"ENG","playtime":4244,"items_purged":["Havoc"],"score":2993,"play_id":"11c9bc25-5745-4dae-90f1-179a52101d6d","local_time":"20210117181050","is_ascension_mode":true,"campfire_choices":[{"data":"Immolate","floor":6,"key":"SMITH"},{"data":"Metallicize","floor":8,"key":"SMITH"},{"floor":15,"key":"REST"},{"data":"True Grit","floor":23,"key":"SMITH"},{"data":"Metallicize","floor":25,"key":"SMITH"},{"data":"Dark Embrace","floor":32,"key":"SMITH"},{"data":"Feel No Pain","floor":41,"key":"SMITH"},{"data":"Disarm","floor":44,"key":"SMITH"},{"data":"Feel No Pain","floor":46,"key":"SMITH"},{"floor":49,"key":"RECALL"},{"floor":53,"key":"REST"}],"circlet_count":0,"master_deck":["AscendersBane","Bash+1","Metallicize+1","Pummel+1","Feed+1","Immolate+1","Exhume","Exhume","Metallicize+1","Cleave","Disarm+1","Pommel Strike","True Grit+1","Dark Embrace+1","Brutality","Feel No Pain+1","Disarm","Juggernaut","Offering","Warcry+1","Feel No Pain+1","Parasite","Offering","True Grit+1"],"relics":["Pandora\u0027s Box","Juzu Bracelet","Whetstone","MawBank","Philosopher\u0027s Stone","Meat on the Bone","Anchor","Paper Frog","Shuriken","Dead Branch","Singing Bowl","Molten Egg 2","Cursed Key","Dream Catcher","Boot","Pantograph","Art of War","Vajra","Lantern","StrikeDummy"],"acts_visited":["Exordium","TheCity","TheBeyond","TheEnding"],"potions_floor_usage":[10,12,24,27,56],"damage_taken":[{"damage":10,"enemies":"Small Slimes","floor":1,"turns":5},{"damage":0,"enemies":"2 Louse","floor":4,"turns":1},{"damage":0,"enemies":"Cultist","floor":5,"turns":3},{"damage":26,"enemies":"Lagavulin","floor":7,"turns":6},{"damage":4,"enemies":"Gremlin Nob","floor":10,"turns":3},{"damage":3,"enemies":"2 Fungi Beasts","floor":12,"turns":4},{"damage":8,"enemies":"Large Slime","floor":13,"turns":7},{"damage":50,"enemies":"The Guardian","floor":16,"turns":15},{"damage":24,"enemies":"3 Byrds","floor":18,"turns":4},{"damage":29,"enemies":"2 Thieves","floor":20,"turns":4},{"damage":22,"enemies":"Gremlin Leader","floor":24,"turns":7},{"damage":7,"enemies":"Colosseum Slavers","floor":27,"turns":5},{"damage":4,"enemies":"Colosseum Nobs","floor":27,"turns":3},{"damage":9,"enemies":"Snecko","floor":29,"turns":5},{"damage":11,"enemies":"Centurion and Healer","floor":30,"turns":6},{"damage":23,"enemies":"Book of Stabbing","floor":31,"turns":6},{"damage":18,"enemies":"Champ","floor":33,"turns":9},{"damage":15,"enemies":"3 Shapes","floor":35,"turns":3},{"damage":6,"enemies":"Orb Walker","floor":37,"turns":3},{"damage":25,"enemies":"Nemesis","floor":40,"turns":7},{"damage":22,"enemies":"Transient","floor":42,"turns":6},{"damage":33,"enemies":"Giant Head","floor":45,"turns":7},{"damage":38,"enemies":"Nemesis","floor":48,"turns":9},{"damage":36,"enemies":"Donu and Deca","floor":50,"turns":8},{"damage":30,"enemies":"Time Eater","floor":51,"turns":10},{"damage":21,"enemies":"Shield and Spear","floor":55,"turns":5},{"damage":32,"enemies":"The Heart","floor":56,"turns":7}],"seed_played":"-762727260194145415","potions_obtained":[{"floor":3,"key":"LiquidBronze"},{"floor":3,"key":"AttackPotion"},{"floor":5,"key":"Block Potion"},{"floor":20,"key":"Regen Potion"},{"floor":24,"key":"DistilledChaos"},{"floor":30,"key":"Explosive Potion"},{"floor":31,"key":"Explosive Potion"},{"floor":35,"key":"Fire Potion"},{"floor":45,"key":"BlessingOfTheForge"}],"is_trial":false,"path_per_floor":["M","?","?","M","M","R","E","R","T","E","?","M","M","?","R","B",null,"M","?","M","?","$","R","E","R","T","?","$","M","M","E","R","B",null,"M","?","M","?","?","E","R","M","T","R","E","R","?","E","R","B","B",null,"R","$","E","B",null],"character_chosen":"IRONCLAD","items_purchased":["Meat on the Bone","Anchor","Thunderclap","Disarm","Vajra","Lantern"],"campfire_rested":2,"item_purchase_floors":[22,22,22,28,54,54],"current_hp_per_floor":[64,64,64,72,76,76,54,54,54,54,54,59,55,44,77,27,92,72,72,47,47,47,47,56,56,56,71,71,80,79,72,72,66,136,133,133,133,133,133,114,114,94,94,94,73,73,73,51,51,56,63,161,195,195,184,177],"gold":58,"neow_bonus":"BOSS_RELIC","is_daily":false,"chose_seed":true,"campfire_upgraded":8,"win_rate":0.0,"timestamp":1610928650,"path_taken":["M","?","?","M","M","R","E","R","T","E","?","M","M","?","R","BOSS","M","?","M","?","$","R","E","R","T","?","$","M","M","E","R","BOSS","M","?","M","?","?","E","R","M","T","R","E","R","?","E","R","BOSS","BOSS","R","$","E","BOSS"],"items_purchased_type":["Relic","Relic","Card","Card","Relic","Relic"],"build_version":"2020-12-22","purchased_purges":1,"victory":true,"max_hp_per_floor":[81,81,81,89,93,93,97,97,97,101,101,109,113,113,113,113,113,117,117,121,121,121,121,125,125,125,139,139,145,155,159,159,159,159,171,171,177,177,177,183,183,185,185,185,185,185,185,189,189,193,193,193,195,195,205,209],"card_choices":[{"not_picked":["Headbutt","Heavy Blade"],"picked":"Cleave","floor":1},{"not_picked":["Flame Barrier","Twin Strike"],"picked":"Disarm","floor":4},{"not_picked":["Hemokinesis","Flex","Rage"],"picked":"SKIP","floor":5},{"not_picked":["Anger","Burning Pact"],"picked":"Pommel Strike","floor":7},{"not_picked":["Anger","Ghostly Armor"],"picked":"True Grit","floor":10},{"not_picked":["Wild Strike","Reaper"],"picked":"Dark Embrace","floor":12},{"not_picked":["Battle Trance","Searing Blow","Sword Boomerang"],"picked":"SKIP","floor":13},{"not_picked":["Bludgeon","Berserk"],"picked":"Brutality","floor":16},{"not_picked":["Cleave","Rupture","Wild Strike"],"picked":"SKIP","floor":18},{"not_picked":["Pommel Strike","Rampage+1","Body Slam"],"picked":"SKIP","floor":20},{"not_picked":["Clash","Headbutt","Twin Strike"],"picked":"SKIP","floor":24},{"not_picked":["Body Slam","Warcry","Armaments"],"picked":"Singing Bowl","floor":27},{"not_picked":["Havoc","Clothesline","Evolve"],"picked":"Singing Bowl","floor":29},{"not_picked":["Headbutt","Barricade","Hemokinesis"],"picked":"Singing Bowl","floor":30},{"not_picked":["Sentinel","Pommel Strike+1"],"picked":"Juggernaut","floor":31},{"not_picked":["Exhume","Berserk"],"picked":"Offering","floor":33},{"not_picked":["Flex","Battle Trance"],"picked":"Warcry+1","floor":35},{"not_picked":["Thunderclap+1","Whirlwind+1","Warcry"],"picked":"Singing Bowl","floor":37},{"not_picked":["Seeing Red","Warcry","Searing Blow+1"],"picked":"Singing Bowl","floor":40},{"not_picked":["Infernal Blade","Pommel Strike+1","Cleave+1"],"picked":"Singing Bowl","floor":42},{"not_picked":["Havoc","True Grit"],"picked":"Offering","floor":45},{"not_picked":["Flex","Power Through+1"],"picked":"True Grit+1","floor":48},{"not_picked":["Headbutt+1","Battle Trance+1","Anger+1"],"picked":"Singing Bowl","floor":53},{"not_picked":["Sever Soul+1","Heavy Blade+1","Armaments"],"picked":"Singing Bowl","floor":55}],"player_experience":721718,"relics_obtained":[{"floor":7,"key":"Juzu Bracelet"},{"floor":9,"key":"Whetstone"},{"floor":10,"key":"MawBank"},{"floor":24,"key":"Paper Frog"},{"floor":26,"key":"Shuriken"},{"floor":27,"key":"Dead Branch"},{"floor":27,"key":"Singing Bowl"},{"floor":31,"key":"Molten Egg 2"},{"floor":40,"key":"Boot"},{"floor":45,"key":"Pantograph"},{"floor":48,"key":"Art of War"},{"floor":55,"key":"StrikeDummy"}],"event_choices":[{"damage_healed":0,"gold_gain":0,"player_choice":"Grow","damage_taken":0,"max_hp_gain":0,"max_hp_loss":0,"event_name":"Living Wall","floor":2,"gold_loss":0,"cards_upgraded":["Feed"]},{"damage_healed":0,"gold_gain":0,"player_choice":"Bought 2 Potions","damage_taken":0,"max_hp_gain":0,"max_hp_loss":0,"event_name":"The Woman in Blue","floor":3,"gold_loss":0},{"damage_healed":0,"gold_gain":0,"player_choice":"Ignored","damage_taken":0,"max_hp_gain":0,"max_hp_loss":0,"event_name":"Liars Game","floor":11,"gold_loss":0},{"damage_healed":0,"gold_gain":75,"player_choice":"Gather Gold","damage_taken":11,"max_hp_gain":0,"max_hp_loss":0,"event_name":"World of Goop","floor":14,"gold_loss":0},{"damage_healed":0,"gold_gain":0,"player_choice":"Read","damage_taken":0,"max_hp_gain":0,"max_hp_loss":0,"event_name":"The Library","floor":19,"gold_loss":0,"cards_obtained":["Feel No Pain"]},{"cards_removed":["Body Slam"],"damage_healed":0,"gold_gain":0,"player_choice":"Gave Gold","damage_taken":0,"max_hp_gain":0,"max_hp_loss":0,"event_name":"Beggar","floor":21,"gold_loss":75},{"damage_healed":0,"gold_gain":0,"player_choice":"Fight","damage_taken":0,"max_hp_gain":0,"max_hp_loss":0,"event_name":"Colosseum","floor":27,"gold_loss":0},{"damage_healed":0,"gold_gain":0,"player_choice":"Fought Nobs","damage_taken":0,"max_hp_gain":0,"max_hp_loss":0,"event_name":"Colosseum","floor":27,"gold_loss":0},{"cards_removed":["Thunderclap"],"damage_healed":0,"gold_gain":0,"player_choice":"Removed Attack","damage_taken":0,"max_hp_gain":0,"max_hp_loss":0,"event_name":"Falling","floor":36,"gold_loss":0},{"damage_healed":0,"gold_gain":0,"player_choice":"Gave Potion","damage_taken":0,"relics_obtained":["Dream Catcher"],"max_hp_gain":0,"max_hp_loss":0,"event_name":"WeMeetAgain","floor":38,"gold_loss":0},{"damage_healed":0,"gold_gain":0,"player_choice":"Copied","damage_taken":0,"max_hp_gain":0,"max_hp_loss":0,"event_name":"Duplicator","floor":39,"gold_loss":0,"cards_obtained":["Feel No Pain"]},{"damage_healed":0,"gold_gain":0,"player_choice":"Ignored","damage_taken":0,"max_hp_gain":0,"max_hp_loss":0,"event_name":"Tomb of Lord Red Mask","floor":47,"gold_loss":0}],"is_beta":false,"boss_relics":[{"not_picked":["Runic Dome","SacredBark"],"picked":"Philosopher\u0027s Stone"},{"not_picked":["Sozu","Velvet Choker"],"picked":"Cursed Key"}],"items_purged_floors":[28],"is_endless":false,"potions_floor_spawned":[4,5,7,20,24,30,31,35,45,48],"ascension_level":20}}