{"host":"farxtl2u8hmkbdo2","time":1610928460,"event":{"mods":["A Magickal Journey","BaseMod","Challenge The Spire","Colored Map","Colored Powertips","Current Relic Mod","Energized Spire","Gremlin Mod","Hubris","Mimic Mod","Minty Spire (QoL Compilation)","Quick Restart","READ ME - Guardian Mod","READ ME - Snecko Mod","StSLib","The Bladedancer","The Bug Knight","The Disciple","The Elementalist","The Factory","The Necromancer","The Runesmith"],"gold_per_floor":[16,29,29,46,46,77,8,8,59,84,101,111,111,138,138,138,138],"floor_reached":16,"language":"SPA","playtime":1306,"items_purged":[],"score":120,"play_id":"c8fa116d-aa84-41c0-8aa9-bfec906c795b","local_time":"20210117210740","is_ascension_mode":false,"campfire_choices":[{"floor":13,"key":"REST"},{"data":"HollowMod:FocusHealStart","floor":15,"key":"SMITH"}],"circlet_count":0,"master_deck":["HollowMod:NailStrikeStart","HollowMod:NailStrikeStart","HollowMod:NailStrikeStart","HollowMod:NailStrikeStart","HollowMod:QuickDashStart","HollowMod:QuickDashStart","HollowMod:QuickDashStart","HollowMod:QuickDashStart","HollowMod:FocusHealStart+1","HollowMod:PogoStrike","HollowMod:DoubleDash","HollowMod:BlackTendrils","HollowMod:HuntersJournal","HollowMod:HuntersJournal","HollowMod:SlysStrikes","HollowMod:Weaversong","HollowMod:FallenFury","Enlightenment","HollowMod:GrimmsGift","HollowMod:HuntersJournal","HollowMod:DesolateDive","HollowMod:NewLittleFool","HollowMod:DungDefenderAura"],"relics":["HollowMod:VesselMask","Girya","Blue Candle","Toy Ornithopter","HollowMod:MantisClawRelic","PreservedInsect"],"acts_visited":["Exordium"],"potions_floor_usage":[11,12,14],"damage_taken":[{"damage":0.0,"enemies":"Small Slimes","floor":1.0,"turns":3.0},{"damage":4.0,"enemies":"2 Louse","floor":2.0,"turns":3.0},{"damage":0.0,"enemies":"Cultist","floor":4.0,"turns":4.0},{"damage":34.0,"enemies":"Gremlin Nob","floor":6.0,"turns":5.0},{"damage":23,"enemies":"Lagavulin","floor":10,"turns":6},{"damage":39,"enemies":"Gremlin Gang","floor":11,"turns":8},{"damage":4,"enemies":"Exordium Thugs","floor":12,"turns":6},{"damage":15,"enemies":"3 Sentries","floor":14,"turns":6},{"damage":47,"enemies":"Hexaghost","floor":16,"turns":9}],"seed_played":"8448108936036640501","potions_obtained":[{"floor":10,"key":"Regen Potion"},{"floor":11,"key":"EssenceOfSteel"},{"floor":12,"key":"Explosive Potion"},{"floor":14,"key":"Explosive Potion"}],"is_trial":false,"path_per_floor":["M","M","?","M","?","E","$","?","T","E","M","M","R","E","R","B"],"character_chosen":"THE_BUGKNIGHT","items_purchased":["HollowMod:SlysStrikes"],"campfire_rested":1,"item_purchase_floors":[7],"current_hp_per_floor":[75,75,75,75,75,47,47,47,47,28,11,14,36,28,28,0,0],"gold":138,"neow_bonus":"ONE_RARE_RELIC","is_daily":false,"chose_seed":false,"campfire_upgraded":1,"win_rate":0.0,"timestamp":1610928460,"path_taken":["M","M","?","M","?","E","$","?","T","E","M","?","R","E","R","BOSS"],"items_purchased_type":["Card"],"build_version":"2020-12-22","purchased_purges":0,"victory":false,"max_hp_per_floor":[75,75,75,75,75,75,75,75,75,75,75,75,75,75,75,75,75],"card_choices":[{"not_picked":["HollowMod:NewLittleFool","HollowMod:HeavyBlow"],"picked":"HollowMod:DoubleDash","floor":1.0},{"not_picked":["HollowMod:NewGlowingWomb","HollowMod:GrimmsGift"],"picked":"HollowMod:BlackTendrils","floor":2.0},{"not_picked":["HollowMod:DoubleDash","HollowMod:InfectedCysts"],"picked":"HollowMod:HuntersJournal","floor":4.0},{"not_picked":["HollowMod:SoulStrike","HollowMod:ShapeofUnn"],"picked":"HollowMod:HuntersJournal","floor":6.0},{"not_picked":["HollowMod:SharpenedNail","HollowMod:DescendingDark"],"picked":"HollowMod:HuntersJournal","floor":10},{"not_picked":["HollowMod:TaintedHusks","HollowMod:SiblingsShadow"],"picked":"HollowMod:DesolateDive","floor":11},{"not_picked":["HollowMod:InfectedAttack","HollowMod:DescendingDark"],"picked":"HollowMod:NewLittleFool","floor":12},{"not_picked":["HollowMod:LifebloodCocoon","HollowMod:SharpenedNail"],"picked":"HollowMod:DungDefenderAura","floor":14}],"player_experience":1867917,"relics_obtained":[{"floor":6.0,"key":"Blue Candle"},{"floor":9,"key":"Toy Ornithopter"},{"floor":10,"key":"HollowMod:MantisClawRelic"},{"floor":14,"key":"PreservedInsect"}],"event_choices":[{"damage_healed":0.0,"max_hp_gain":0.0,"max_hp_loss":0.0,"gold_gain":0.0,"event_name":"Liars Game","player_choice":"Ignored","floor":5.0,"gold_loss":0.0,"damage_taken":0.0},{"damage_healed":0,"gold_gain":0,"player_choice":"4 cards matched","damage_taken":0,"max_hp_gain":0,"max_hp_loss":0,"event_name":"Match and Keep!","floor":8,"gold_loss":0,"cards_obtained":["HollowMod:Weaversong","HollowMod:FallenFury","Enlightenment","HollowMod:GrimmsGift"]}],"is_beta":false,"boss_relics":[],"items_purged_floors":[],"is_endless":false,"potions_floor_spawned":[10,11,12,14],"killed_by":"Hexaghost","ascension_level":0}}