{"host":"7vyuhf36gh5rmcz2","time":1610970876,"event":{"mods":["AchievementEnabler","BaseMod","Highlight Path","Minty Spire (QoL Compilation)","StSLib"],"gold_per_floor":[114,128,128,139,157,157,171,187,187,187,187,187,5,23,23,123,123,134,134,134,59,59,88,88,123,149,149,149,249,149,160,160,262,262,272,111,128,138,158,158,178,209,209,239,239,266,266,42,42,42,42,42,42,73,73],"floor_reached":56,"language":"ENG","playtime":5843,"items_purged":["Defend_P","WindmillStrike","Defend_P+1"],"score":1235,"play_id":"0c9c6bf0-6128-4ac4-be58-684c726124a0","local_time":"20210118115436","is_ascension_mode":true,"campfire_choices":[{"data":"LessonLearned","floor":6,"key":"SMITH"},{"data":"ThirdEye","floor":10,"key":"SMITH"},{"data":"Sanctity","floor":12,"key":"SMITH"},{"data":"DeceiveReality","floor":15,"key":"SMITH"},{"data":"DevaForm","floor":24,"key":"SMITH"},{"floor":27,"key":"REST"},{"floor":32,"key":"REST"},{"floor":40,"key":"REST"},{"floor":45,"key":"REST"},{"floor":47,"key":"REST"},{"floor":49,"key":"RECALL"},{"data":"MasterReality","floor":52,"key":"SMITH"}],"circlet_count":0,"master_deck":["Strike_P+1","Strike_P+1","Strike_P+1","Strike_P+1","Eruption+1","Vigilance+1","LessonLearned+1","Sanctity+1","FearNoEvil+1","DeceiveReality+1","WaveOfTheHand+1","ThirdEye+1","Metamorphosis+1","InnerPeace+1","DevaForm+1","Consecrate+1","CutThroughFate+1","LikeWater+1","ConjureBlade+1","TalkToTheHand+1","LikeWater+1","MasterReality+1"],"relics":["PureWater","GremlinMask","Gremlin Horn","Runic Pyramid","Pantograph","Damaru","Vajra","Bottled Tornado","Lizard Tail","Bottled Flame","Black Star","Ornamental Fan","GoldenEye","Frozen Egg 2","Oddly Smooth Stone","Happy Flower","Whetstone","Lee\u0027s Waffle","War Paint","Orichalcum"],"acts_visited":["Exordium","TheCity","TheBeyond","TheEnding"],"potions_floor_usage":[7,23,29,29,39,39,44,50,55],"damage_taken":[{"damage":0,"enemies":"2 Louse","floor":1,"turns":2},{"damage":0,"enemies":"Cultist","floor":2,"turns":2},{"damage":20,"enemies":"Small Slimes","floor":4,"turns":2},{"damage":5,"enemies":"Red Slaver","floor":5,"turns":6},{"damage":0,"enemies":"Looter","floor":7,"turns":2},{"damage":0,"enemies":"Large Slime","floor":8,"turns":3},{"damage":4,"enemies":"Lots of Slimes","floor":14,"turns":2},{"damage":3,"enemies":"Hexaghost","floor":16,"turns":9},{"damage":14,"enemies":"Spheric Guardian","floor":18,"turns":4},{"damage":17,"enemies":"Book of Stabbing","floor":23,"turns":4},{"damage":13,"enemies":"Gremlin Leader","floor":25,"turns":4},{"damage":16,"enemies":"Colosseum Slavers","floor":29,"turns":5},{"damage":7,"enemies":"Colosseum Nobs","floor":29,"turns":4},{"damage":2,"enemies":"3 Byrds","floor":31,"turns":5},{"damage":5,"enemies":"Collector","floor":33,"turns":7},{"damage":22,"enemies":"3 Shapes","floor":35,"turns":5},{"damage":18,"enemies":"Orb Walker","floor":37,"turns":4},{"damage":1,"enemies":"Maw","floor":38,"turns":5},{"damage":11,"enemies":"4 Shapes","floor":39,"turns":5},{"damage":3,"enemies":"Spire Growth","floor":41,"turns":6},{"damage":22,"enemies":"Reptomancer","floor":42,"turns":6},{"damage":10,"enemies":"Giant Head","floor":44,"turns":4},{"damage":22,"enemies":"Reptomancer","floor":46,"turns":5},{"damage":29,"enemies":"Time Eater","floor":50,"turns":9},{"damage":41,"enemies":"Shield and Spear","floor":54,"turns":5},{"damage":33,"enemies":"The Heart","floor":55,"turns":8}],"seed_played":"8709847554172885714","potions_obtained":[{"floor":1,"key":"EssenceOfSteel"},{"floor":2,"key":"Explosive Potion"},{"floor":16,"key":"Ancient Potion"},{"floor":23,"key":"Weak Potion"},{"floor":33,"key":"Swift Potion"},{"floor":37,"key":"Energy Potion"},{"floor":38,"key":"SneckoOil"},{"floor":44,"key":"Explosive Potion"},{"floor":54,"key":"Energy Potion"}],"is_trial":false,"path_per_floor":["M","M","?","M","M","R","M","M","T","R","?","R","$","M","R","B",null,"M","?","?","$","?","E","R","E","T","R","T","?","$","M","R","B",null,"M","$","M","M","M","R","M","E","T","E","R","E","R","$","R","B",null,"R","$","E","B",null],"character_chosen":"WATCHER","items_purchased":["Metamorphosis","LikeWater","Lee\u0027s Waffle","DistilledChaos"],"campfire_rested":5,"item_purchase_floors":[13,36,48,48],"current_hp_per_floor":[65,65,65,45,40,40,40,40,40,40,40,40,40,36,36,33,65,51,51,51,51,51,34,34,21,21,40,40,17,17,15,34,54,65,43,43,25,24,13,32,29,7,7,32,51,29,48,72,72,43,72,72,72,31,23],"gold":73,"neow_bonus":"THREE_RARE_CARDS","is_daily":false,"chose_seed":false,"campfire_upgraded":6,"win_rate":0.0,"timestamp":1610970876,"path_taken":["M","M","?","M","M","R","?","M","T","R","?","R","$","M","R","BOSS","M","?","?","$","?","E","R","E","T","R","?","?","?","M","R","BOSS","M","$","M","M","?","R","M","E","T","E","R","E","R","$","R","BOSS","R","$","E","BOSS"],"items_purchased_type":["Card","Card","Relic","Potion"],"build_version":"2020-12-22","purchased_purges":3,"victory":true,"max_hp_per_floor":[65,65,65,65,65,65,65,65,65,65,65,65,65,65,65,65,65,65,65,65,65,65,65,65,65,65,65,65,65,65,65,65,65,65,65,65,65,65,65,65,65,65,65,65,65,65,65,72,72,72,72,72,72,72,72],"card_choices":[{"not_picked":["Ragnarok","Scrawl"],"picked":"LessonLearned","floor":0},{"not_picked":["SashWhip","Crescendo"],"picked":"Sanctity","floor":1},{"not_picked":["SashWhip","BowlingBash"],"picked":"FearNoEvil","floor":2},{"not_picked":["EmptyFist","Weave","ThirdEye"],"picked":"SKIP","floor":4},{"not_picked":["Consecrate","SashWhip"],"picked":"DeceiveReality","floor":5},{"not_picked":["Meditate","Weave"],"picked":"WaveOfTheHand","floor":7},{"not_picked":["BowlingBash","Nirvana"],"picked":"ThirdEye","floor":8},{"not_picked":["FollowUp","JustLucky"],"picked":"InnerPeace","floor":14},{"not_picked":["LessonLearned","Establishment"],"picked":"DevaForm","floor":16},{"not_picked":["ClearTheMind","FlurryOfBlows","WindmillStrike+1"],"picked":"SKIP","floor":18},{"not_picked":["ClearTheMind+1","Swivel","Prostrate+1"],"picked":"SKIP","floor":23},{"not_picked":["ClearTheMind+1","Swivel","Prostrate+1"],"picked":"SKIP","floor":23},{"not_picked":["ThirdEye","FollowUp+1","Tantrum+1"],"picked":"SKIP","floor":25},{"not_picked":["ReachHeaven","EmptyBody"],"picked":"LikeWater","floor":29},{"not_picked":["FlyingSleeves","Crescendo","DevaForm"],"picked":"SKIP","floor":31},{"not_picked":["Brilliance","Omniscience"],"picked":"ConjureBlade","floor":33},{"not_picked":["WheelKick+1","Evaluate"],"picked":"TalkToTheHand","floor":35},{"not_picked":["SandsOfTime","Prostrate","Consecrate"],"picked":"SKIP","floor":37},{"not_picked":["CrushJoints","ClearTheMind","MentalFortress"],"picked":"SKIP","floor":38},{"not_picked":["FollowUp+1","Consecrate","Judgement"],"picked":"SKIP","floor":39},{"not_picked":["WheelKick","EmptyFist","Wallop+1"],"picked":"SKIP","floor":41},{"not_picked":["PathToVictory+1","EmptyBody"],"picked":"MasterReality","floor":42},{"not_picked":["BowlingBash","Protect+1","Sanctity"],"picked":"SKIP","floor":44},{"not_picked":["Wallop+1","FlurryOfBlows+1","Halt"],"picked":"SKIP","floor":46},{"not_picked":["Prostrate","PathToVictory+1","WaveOfTheHand+1"],"picked":"SKIP","floor":54}],"player_experience":524400,"relics_obtained":[{"floor":9,"key":"Gremlin Horn"},{"floor":23,"key":"Pantograph"},{"floor":25,"key":"Damaru"},{"floor":26,"key":"Vajra"},{"floor":28,"key":"Bottled Tornado"},{"floor":29,"key":"Lizard Tail"},{"floor":29,"key":"Bottled Flame"},{"floor":42,"key":"Ornamental Fan"},{"floor":42,"key":"GoldenEye"},{"floor":44,"key":"Frozen Egg 2"},{"floor":44,"key":"Oddly Smooth Stone"},{"floor":46,"key":"Happy Flower"},{"floor":46,"key":"Whetstone"},{"floor":54,"key":"War Paint"},{"floor":54,"key":"Orichalcum"}],"event_choices":[{"damage_healed":0,"gold_gain":0,"player_choice":"Trade","damage_taken":0,"relics_obtained":["GremlinMask"],"max_hp_gain":0,"max_hp_loss":0,"event_name":"FaceTrader","floor":3,"gold_loss":0},{"damage_healed":0,"gold_gain":0,"player_choice":"Upgraded","damage_taken":0,"max_hp_gain":0,"max_hp_loss":0,"event_name":"Upgrade Shrine","floor":11,"gold_loss":0,"cards_upgraded":["WaveOfTheHand"]},{"damage_healed":0,"gold_gain":0,"player_choice":"Read","damage_taken":0,"max_hp_gain":0,"max_hp_loss":0,"event_name":"The Library","floor":19,"gold_loss":0,"cards_obtained":["Consecrate"]},{"damage_healed":0,"gold_gain":0,"player_choice":"Ignored","damage_taken":0,"max_hp_gain":0,"max_hp_loss":0,"event_name":"Vampires","floor":20,"gold_loss":0},{"damage_healed":0,"gold_gain":0,"cards_transformed":["Defend_P","Defend_P"],"player_choice":"Became Test Subject","damage_taken":0,"max_hp_gain":0,"max_hp_loss":0,"event_name":"Drug Dealer","floor":22,"gold_loss":0,"cards_obtained":["WindmillStrike","CutThroughFate"]},{"damage_healed":0,"gold_gain":0,"player_choice":"Fight","damage_taken":0,"max_hp_gain":0,"max_hp_loss":0,"event_name":"Colosseum","floor":29,"gold_loss":0},{"damage_healed":0,"gold_gain":0,"player_choice":"Fought Nobs","damage_taken":0,"max_hp_gain":0,"max_hp_loss":0,"event_name":"Colosseum","floor":29,"gold_loss":0}],"is_beta":false,"boss_relics":[{"not_picked":["Runic Dome","Snecko Eye"],"picked":"Runic Pyramid"},{"not_picked":["Cursed Key","Fusion Hammer"],"picked":"Black Star"}],"items_purged_floors":[21,30,36],"is_endless":false,"potions_floor_spawned":[1,2,16,23,33,37,38,44,54],"ascension_level":1}}