{"host":"la6t950uoatqs0xt","time":1610937611,"event":{"mods":["AchievementEnabler","BaseMod","Colored Powertips","Minty Spire (QoL Compilation)","Quick Restart","Rare Cards Sparkle"],"gold_per_floor":[115,290,307,307,84,84,110,110,110,137,152,184,196,215,215,319,319,339,438,454,454,15,15,30,0,78,78,3,29,29,29,29,124,124,144,156,156,156,3,3,3,3,3,35,35,45,45,63,63,63],"floor_reached":51,"language":"ENG","playtime":1606,"items_purged":["Doubt"],"score":866,"play_id":"e297d2f3-64b3-4d36-b42f-780ddd2ff295","local_time":"20210117214011","is_ascension_mode":true,"campfire_choices":[{"data":"Noxious Fumes","floor":6,"key":"SMITH"},{"floor":15,"key":"REST"},{"floor":23,"key":"REST"},{"floor":27,"key":"REST"},{"floor":32,"key":"REST"},{"floor":40,"key":"REST"},{"floor":42,"key":"REST"},{"floor":47,"key":"REST"},{"floor":49,"key":"REST"}],"circlet_count":0,"master_deck":["Strike_G","Strike_G","Strike_G","Strike_G","Defend_G","Defend_G+1","Defend_G+1","Defend_G","Defend_G","Survivor","Neutralize","Noxious Fumes+1","Noxious Fumes+1","Deadly Poison","Caltrops","Poisoned Stab","A Thousand Cuts","Deadly Poison+1","Envenom","Bane","Deadly Poison","CurseOfTheBell","Catalyst+1","Panache+1","Doubt","Bane+1","Catalyst+1"],"relics":["Ring of the Snake","Oddly Smooth Stone","Lantern","Bottled Tornado","Odd Mushroom","Ancient Tea Set","SlaversCollar","The Specimen","White Beast Statue","PreservedInsect","Toy Ornithopter","Calling Bell","Potion Belt","Frozen Egg 2","FossilizedHelix","TwistedFunnel","Ninja Scroll","War Paint"],"acts_visited":["Exordium","TheCity","TheBeyond"],"potions_floor_usage":[7,11,16,16,18,29,33,35,44,50,50,50,50],"damage_taken":[{"damage":0,"enemies":"Cultist","floor":1,"turns":5},{"damage":8,"enemies":"Jaw Worm","floor":3,"turns":7},{"damage":14,"enemies":"Gremlin Nob","floor":7,"turns":5},{"damage":4,"enemies":"The Mushroom Lair","floor":10,"turns":4},{"damage":2,"enemies":"2 Louse","floor":11,"turns":3},{"damage":13,"enemies":"3 Sentries","floor":12,"turns":6},{"damage":9,"enemies":"Exordium Thugs","floor":13,"turns":4},{"damage":0,"enemies":"2 Fungi Beasts","floor":14,"turns":4},{"damage":13,"enemies":"The Guardian","floor":16,"turns":10},{"damage":44,"enemies":"2 Thieves","floor":18,"turns":5},{"damage":21,"enemies":"Spheric Guardian","floor":20,"turns":5},{"damage":11,"enemies":"Chosen and Byrds","floor":24,"turns":5},{"damage":38,"enemies":"Slavers","floor":29,"turns":5},{"damage":44,"enemies":"Champ","floor":33,"turns":9},{"damage":68,"enemies":"3 Darklings","floor":35,"turns":5},{"damage":8,"enemies":"3 Shapes","floor":36,"turns":4},{"damage":51,"enemies":"Nemesis","floor":44,"turns":5},{"damage":71,"enemies":"Spire Growth","floor":46,"turns":5},{"damage":27,"enemies":"Jaw Worm Horde","floor":48,"turns":3},{"damage":39,"enemies":"Donu and Deca","floor":50,"turns":5}],"seed_played":"5016814435846268010","potions_obtained":[{"floor":1,"key":"Weak Potion"},{"floor":11,"key":"EntropicBrew"},{"floor":16,"key":"SkillPotion"},{"floor":18,"key":"BlessingOfTheForge"},{"floor":29,"key":"DistilledChaos"},{"floor":33,"key":"CunningPotion"},{"floor":35,"key":"GamblersBrew"},{"floor":36,"key":"Poison Potion"},{"floor":44,"key":"Swift Potion"},{"floor":46,"key":"Regen Potion"},{"floor":48,"key":"Energy Potion"}],"is_trial":false,"path_per_floor":["M","?","M","?","$","R","E","?","T","?","M","E","M","M","R","B",null,"M","?","M","?","$","R","M","?","T","R","$","E","$","?","R","B",null,"M","M","?","?","$","R","?","R","T","E","?","M","R","M","R","B",null],"character_chosen":"THE_SILENT","items_purchased":["Noxious Fumes","Oddly Smooth Stone","The Specimen","Envenom","TwistedFunnel"],"campfire_rested":8,"item_purchase_floors":[5,5,22,22,39],"current_hp_per_floor":[77,77,69,69,69,69,55,60,60,56,54,41,32,32,56,48,87,43,43,22,22,22,48,37,37,37,63,63,25,25,25,51,12,87,19,11,11,11,11,37,37,63,63,17,87,16,42,15,41,37],"gold":63,"neow_bonus":"TEN_PERCENT_HP_BONUS","is_daily":false,"chose_seed":false,"campfire_upgraded":1,"win_rate":0.0,"timestamp":1610937611,"path_taken":["M","?","M","?","$","R","E","?","T","?","M","E","M","M","R","BOSS","M","?","M","?","$","R","?","?","T","R","$","E","?","?","R","BOSS","M","M","?","?","?","R","?","R","T","E","?","M","R","?","R","BOSS"],"items_purchased_type":["Card","Relic","Relic","Card","Relic"],"build_version":"2020-12-22","purchased_purges":1,"victory":true,"max_hp_per_floor":[77,77,77,77,77,77,77,82,82,82,82,82,82,82,82,87,87,87,87,87,87,87,87,87,87,87,87,87,87,87,87,87,87,87,87,87,87,87,87,87,87,87,87,87,87,87,87,87,87,87],"card_choices":[{"not_picked":["Prepared","Deflect"],"picked":"Noxious Fumes","floor":1},{"not_picked":["Dagger Spray","Dagger Throw","Setup"],"picked":"SKIP","floor":3},{"not_picked":["Cloak And Dagger","Dodge and Roll","Slice"],"picked":"SKIP","floor":7},{"not_picked":["All Out Attack","Dagger Throw","Sucker Punch"],"picked":"SKIP","floor":11},{"not_picked":["Grand Finale","Deflect"],"picked":"Deadly Poison","floor":12},{"not_picked":["Prepared","Slice"],"picked":"Caltrops","floor":13},{"not_picked":["Flying Knee","All Out Attack"],"picked":"Poisoned Stab","floor":14},{"not_picked":["Glass Knife","Doppelganger"],"picked":"A Thousand Cuts","floor":16},{"not_picked":["PiercingWail","Dodge and Roll","Sucker Punch"],"picked":"SKIP","floor":18},{"not_picked":["Underhanded Strike","Dagger Throw"],"picked":"Deadly Poison+1","floor":20},{"not_picked":["Reflex","Concentrate"],"picked":"Bane","floor":24},{"not_picked":["All Out Attack","Prepared"],"picked":"Deadly Poison","floor":29},{"not_picked":["Dodge and Roll+1","Sucker Punch+1"],"picked":"Catalyst+1","floor":35},{"not_picked":["Prepared+1","Backflip","Sucker Punch+1"],"picked":"SKIP","floor":36},{"not_picked":["Purity","Violence"],"picked":"Panache+1","floor":37},{"not_picked":["Acrobatics","Distraction","Slice"],"picked":"SKIP","floor":44},{"not_picked":["Prepared","Setup+1"],"picked":"Bane+1","floor":46},{"not_picked":["Deflect","Poisoned Stab+1"],"picked":"Catalyst+1","floor":48}],"player_experience":253471,"relics_obtained":[{"floor":7,"key":"Lantern"},{"floor":9,"key":"Bottled Tornado"},{"floor":10,"key":"Odd Mushroom"},{"floor":12,"key":"Ancient Tea Set"},{"floor":26,"key":"White Beast Statue"},{"floor":29,"key":"PreservedInsect"},{"floor":34,"key":"Potion Belt"},{"floor":34,"key":"Frozen Egg 2"},{"floor":34,"key":"FossilizedHelix"},{"floor":43,"key":"Ninja Scroll"},{"floor":44,"key":"War Paint"}],"event_choices":[{"damage_healed":0,"gold_gain":175,"player_choice":"AGREE","damage_taken":0,"max_hp_gain":0,"max_hp_loss":0,"event_name":"Liars Game","floor":2,"gold_loss":0,"cards_obtained":["Doubt"]},{"damage_healed":0,"gold_gain":0,"player_choice":"Ignored","damage_taken":0,"max_hp_gain":0,"max_hp_loss":0,"event_name":"Golden Wing","floor":4,"gold_loss":0},{"damage_healed":0,"gold_gain":0,"player_choice":"Donut","damage_taken":0,"max_hp_gain":5,"max_hp_loss":0,"event_name":"Big Fish","floor":8,"gold_loss":0},{"damage_healed":0,"gold_gain":0,"player_choice":"Fought Mushrooms","damage_taken":0,"max_hp_gain":0,"max_hp_loss":0,"event_name":"Mushrooms","floor":10,"gold_loss":0},{"damage_healed":0,"gold_gain":99,"player_choice":"Stole From Cult","damage_taken":0,"max_hp_gain":0,"max_hp_loss":0,"event_name":"Nest","floor":19,"gold_loss":0},{"damage_healed":0,"gold_gain":0,"player_choice":"Upgraded","damage_taken":0,"max_hp_gain":0,"max_hp_loss":0,"event_name":"Upgrade Shrine","floor":21,"gold_loss":0,"cards_upgraded":["Noxious Fumes"]},{"damage_healed":0,"gold_gain":0,"player_choice":"Paid Fearfully","damage_taken":0,"max_hp_gain":0,"max_hp_loss":0,"event_name":"Masked Bandits","floor":25,"gold_loss":30},{"damage_healed":0,"gold_gain":0,"player_choice":"Opened","damage_taken":0,"relics_obtained":["Toy Ornithopter"],"max_hp_gain":0,"max_hp_loss":0,"event_name":"The Mausoleum","floor":31,"gold_loss":0},{"damage_healed":0,"gold_gain":0,"player_choice":"Memory 1","damage_taken":0,"max_hp_gain":0,"max_hp_loss":0,"event_name":"SensoryStone","floor":37,"gold_loss":0},{"damage_healed":0,"gold_gain":0,"player_choice":"Ignored","damage_taken":0,"max_hp_gain":0,"max_hp_loss":0,"event_name":"Mysterious Sphere","floor":38,"gold_loss":0},{"cards_removed":["Strike_G"],"damage_healed":0,"gold_gain":0,"player_choice":"Removed Attack","damage_taken":0,"max_hp_gain":0,"max_hp_loss":0,"event_name":"Falling","floor":41,"gold_loss":0},{"damage_healed":70,"gold_gain":0,"player_choice":"Heal","damage_taken":0,"max_hp_gain":0,"max_hp_loss":0,"event_name":"MindBloom","floor":45,"gold_loss":0,"cards_obtained":["Doubt"]}],"is_beta":false,"boss_relics":[{"not_picked":["Fusion Hammer","Runic Dome"],"picked":"SlaversCollar"},{"not_picked":["WristBlade","Empty Cage"],"picked":"Calling Bell"}],"items_purged_floors":[28],"is_endless":false,"potions_floor_spawned":[1,11,13,16,18,29,33,35,36,44,46,48],"ascension_level":2}}