{"host":"pec1bvkeldr5yzx1","time":1610985138,"event":{"mods":["ATMod(°¢èªMod)","AchievementEnabler","Act Like it!","Aspiration","BaseMod","Better Altar","Better Match","Better Sensory Stone","Better Skull","Better Vampires","BetterRewards","Conspire","Dota2Spire","Energized Spire","Friendly Minions","GifTheSpireLib","Hubris","Minty Spire (QoL Compilation)","Replay The Spire","Spicy Shops","StSLib","Stuff the Spire","SuperFastMode","vexMod","óô»ðÖ¸ÄÏ"],"gold_per_floor":[115,131,131,106,106,135,135,164,164,164,179,179,15,15,15],"floor_reached":14,"language":"ZHS","playtime":406,"items_purged":[],"score":106,"play_id":"c831f2f8-d802-4905-ad13-7d18f6dca2fe","local_time":"20210118235218","is_ascension_mode":true,"campfire_choices":[{"floor":7,"key":"REST"},{"floor":10,"key":"RECALL"}],"circlet_count":0,"master_deck":["Strike_B","Strike_B","Strike_B","Strike_B","Defend_B","Defend_B","Defend_B","Defend_B","Zap","Dualcast","Rebound","Rip and Tear","Auto Shields","StuffTheSpire:Synthwave+1","hubris:PowerSurge","Heatsinks","Storm","Injury","StuffTheSpire:LoadUp"],"relics":["Cracked Core","AT_ATBox","Juzu Bracelet","AT_ArchangelStaff","aspiration:Nostalgia","Ring of the Snake","Blue Doll","WingedGreaves","Bag of Preparation","aspiration:HiddenCompartment","aspiration:EnhancedActuators","Pear","Molten Egg 2","AT_BellDemon"],"acts_visited":["Exordium"],"potions_floor_usage":[8,14,14],"damage_taken":[{"damage":2,"enemies":"Jaw Worm","floor":1,"turns":3},{"damage":2,"enemies":"2 Louse","floor":2,"turns":3},{"damage":24,"enemies":"3 Sentries","floor":6,"turns":6},{"damage":10,"enemies":"Lagavulin","floor":8,"turns":5},{"damage":0,"enemies":"Small Slimes","floor":11,"turns":3},{"damage":0,"enemies":"3 Sentries","floor":14,"turns":2}],"seed_played":"1668090274472509044","potions_obtained":[{"floor":6,"key":"Energy Potion"},{"floor":8,"key":"Swift Potion"},{"floor":11,"key":"Dota2Spire:HealingSalve"}],"is_trial":false,"path_per_floor":["M","M","?","?","?","E","R","E","T","R","M","?","$","E"],"character_chosen":"DEFECT","items_purchased":["Juzu Bracelet","AT_ArchangelStaff","aspiration:Nostalgia","Blue Doll","Rebound","Rip and Tear","AT_BellDemon","StuffTheSpire:LoadUp"],"campfire_rested":1,"item_purchase_floors":[0,0,0,0,0,0,13,13],"current_hp_per_floor":[30,28,31,31,31,7,30,20,30,30,30,30,30,33,33],"gold":15,"neow_bonus":"","is_daily":false,"chose_seed":false,"campfire_upgraded":0,"win_rate":0.0,"timestamp":1610985138,"path_taken":["M","M","?","?","?","E","R","E","T","R","M","?","$","E"],"items_purchased_type":["Relic","Relic","Relic","Relic","Card","Card","Relic","Card"],"build_version":"2020-12-22","purchased_purges":0,"victory":false,"max_hp_per_floor":[75,75,78,78,78,78,78,78,88,88,88,88,88,88,88],"card_choices":[{"not_picked":["Tempest","StuffTheSpire:SnapShoot"],"picked":"Auto Shields","floor":1},{"not_picked":["StuffTheSpire:LoadUp","Cold Snap"],"picked":"StuffTheSpire:Synthwave","floor":2},{"not_picked":["Barrage","Skim"],"picked":"hubris:PowerSurge","floor":6},{"not_picked":["Streamline","Sunder"],"picked":"Heatsinks","floor":8},{"not_picked":["Scrape","Gash"],"picked":"Storm","floor":11}],"player_experience":90605,"relics_obtained":[{"floor":6,"key":"aspiration:HiddenCompartment"},{"floor":8,"key":"aspiration:EnhancedActuators"},{"floor":9,"key":"Pear"}],"event_choices":[{"damage_healed":0,"gold_gain":0,"player_choice":"Upgraded","damage_taken":0,"max_hp_gain":0,"max_hp_loss":0,"event_name":"Upgrade Shrine","floor":5,"gold_loss":0,"cards_upgraded":["StuffTheSpire:Synthwave"]}],"is_beta":false,"boss_relics":[],"items_purged_floors":[],"is_endless":false,"potions_floor_spawned":[6,8,11],"killed_by":"3 Sentries","ascension_level":2}}