{"host":"baymyijz6sxaqj5s","time":1610975886,"event":{"mods":["AchievementEnabler","BaseMod","Colored Map","Colored Powertips","DeckTracker","Highlight Path","KOR Keyword Fix","Keyboard Shortcuts","Minty Spire (QoL Compilation)","StSLib","SuperFastMode","everything is the same but u backflip on backflip"],"gold_per_floor":[116,133,150,169,24,24,38,55,55,55,8,13,77,77,77,174,174,156,167,186,186,205,205,205,205,205,130,149,166,166,98,98,203,203,216,0,10,27,27,27,37,37,37,37,37,37,50,50,50,50],"floor_reached":51,"language":"KOR","playtime":1775,"items_purged":["Strike_G"],"score":725,"play_id":"4806a88d-8b42-4f95-9632-b36d7b58cbfe","local_time":"20210118221806","is_ascension_mode":true,"campfire_choices":[{"data":"Survivor","floor":6,"key":"SMITH"},{"data":"Tactician","floor":10,"key":"SMITH"},{"data":"Backflip","floor":15,"key":"SMITH"},{"data":"Crippling Poison","floor":23,"key":"SMITH"},{"data":"After Image","floor":25,"key":"SMITH"},{"data":"Deflect","floor":30,"key":"SMITH"},{"floor":32,"key":"REST"},{"floor":40,"key":"REST"},{"data":"A Thousand Cuts","floor":42,"key":"SMITH"},{"data":"Blur","floor":44,"key":"SMITH"},{"data":"Deadly Poison","floor":46,"key":"SMITH"},{"floor":49,"key":"REST"}],"circlet_count":0,"master_deck":["Strike_G","Strike_G","Defend_G","Defend_G","Defend_G+1","Defend_G","Defend_G","Survivor+1","Neutralize","Poisoned Stab","Backflip+1","Tactician+1","Deadly Poison+1","Deadly Poison","Backflip+1","Masterful Stab","After Image+1","All Out Attack","Crippling Poison+1","Dodge and Roll+1","Deflect+1","Blur+1","A Thousand Cuts+1","Crippling Poison+1","Outmaneuver+1","Deadly Poison+1","Prepared"],"relics":["Ring of the Snake","Bronze Scales","Matryoshka","War Paint","Philosopher\u0027s Stone","FaceOfCleric","Blood Vial","Bottled Tornado","Runic Pyramid","Red Mask","Boot","Eternal Feather"],"acts_visited":["Exordium","TheCity","TheBeyond"],"potions_floor_usage":[12,13,16,33,33,38,41,41,50,50,50],"damage_taken":[{"damage":0,"enemies":"Cultist","floor":1,"turns":3},{"damage":0,"enemies":"Jaw Worm","floor":2,"turns":6},{"damage":0,"enemies":"2 Louse","floor":3,"turns":3},{"damage":0,"enemies":"Red Slaver","floor":4,"turns":5},{"damage":13,"enemies":"Lots of Slimes","floor":7,"turns":5},{"damage":0,"enemies":"3 Louse","floor":8,"turns":4},{"damage":0,"enemies":"Exordium Thugs","floor":12,"turns":4},{"damage":10,"enemies":"Gremlin Nob","floor":13,"turns":4},{"damage":7,"enemies":"The Guardian","floor":16,"turns":10},{"damage":0,"enemies":"2 Thieves","floor":18,"turns":4},{"damage":1,"enemies":"Spheric Guardian","floor":19,"turns":4},{"damage":6,"enemies":"Snake Plant","floor":20,"turns":4},{"damage":19,"enemies":"3 Cultists","floor":22,"turns":5},{"damage":0,"enemies":"Shelled Parasite and Fungi","floor":28,"turns":5},{"damage":0,"enemies":"Centurion and Healer","floor":29,"turns":7},{"damage":44,"enemies":"Champ","floor":33,"turns":13},{"damage":22,"enemies":"3 Shapes","floor":35,"turns":4},{"damage":0,"enemies":"Orb Walker","floor":37,"turns":4},{"damage":21,"enemies":"Jaw Worm Horde","floor":38,"turns":3},{"damage":17,"enemies":"3 Darklings","floor":41,"turns":5},{"damage":73,"enemies":"Transient","floor":47,"turns":5},{"damage":48,"enemies":"Awakened One","floor":50,"turns":18}],"seed_played":"-5336481066296292189","potions_obtained":[{"floor":2,"key":"LiquidMemories"},{"floor":7,"key":"LiquidMemories"},{"floor":13,"key":"GamblersBrew"},{"floor":18,"key":"Ancient Potion"},{"floor":28,"key":"DistilledChaos"},{"floor":29,"key":"BlessingOfTheForge"},{"floor":37,"key":"AttackPotion"},{"floor":39,"key":"DuplicationPotion"},{"floor":39,"key":"LiquidMemories"},{"floor":39,"key":"PowerPotion"},{"floor":41,"key":"BlessingOfTheForge"},{"floor":47,"key":"CunningPotion"}],"is_trial":false,"path_per_floor":["M","M","M","M","$","R","M","M","T","R","$","M","?","?","R","B",null,"M","M","M","?","M","R","?","R","T","$","M","M","R","$","R","B",null,"M","?","M","M","?","R","M","R","T","R","$","R","M","?","R","B",null],"character_chosen":"THE_SILENT","items_purchased":["Bronze Scales","Deadly Poison","Blur"],"campfire_rested":3,"item_purchase_floors":[5,11,31],"current_hp_per_floor":[77,77,77,77,77,77,64,64,64,64,64,64,54,54,54,47,77,77,76,70,70,51,51,51,51,51,51,54,57,57,57,79,36,80,59,59,62,44,44,68,54,54,54,69,69,84,12,12,52,7],"gold":50,"neow_bonus":"TEN_PERCENT_HP_BONUS","is_daily":false,"chose_seed":false,"campfire_upgraded":9,"win_rate":0.0,"timestamp":1610975886,"path_taken":["M","M","M","M","?","R","M","M","T","R","$","M","?","?","R","BOSS","M","M","M","?","?","R","?","R","T","$","M","M","R","?","R","BOSS","M","?","M","M","?","R","?","R","T","R","$","R","M","?","R","BOSS"],"items_purchased_type":["Relic","Card","Card"],"build_version":"2020-12-22","purchased_purges":1,"victory":true,"max_hp_per_floor":[77,77,77,77,77,77,77,77,77,77,77,77,77,77,77,77,77,77,77,77,77,77,77,77,77,77,77,78,79,79,79,79,80,80,81,81,82,83,83,83,84,84,84,84,84,84,85,85,85,86],"card_choices":[{"not_picked":["Underhanded Strike","Acrobatics"],"picked":"Poisoned Stab","floor":1},{"not_picked":["Calculated Gamble","Endless Agony","Underhanded Strike"],"picked":"SKIP","floor":2},{"not_picked":["Dagger Throw","Flechettes"],"picked":"Backflip","floor":3},{"not_picked":["Blur","Heel Hook"],"picked":"Tactician","floor":4},{"not_picked":["Quick Slash","Reflex"],"picked":"Deadly Poison","floor":7},{"not_picked":["Grand Finale","Skewer","Outmaneuver"],"picked":"SKIP","floor":8},{"not_picked":["Deadly Poison","Riddle With Holes"],"picked":"Backflip","floor":12},{"not_picked":["Night Terror","Die Die Die"],"picked":"After Image","floor":16},{"not_picked":["Dagger Spray+1","Finisher","PiercingWail"],"picked":"SKIP","floor":18},{"not_picked":["Deflect","Backstab"],"picked":"All Out Attack","floor":19},{"not_picked":["Predator+1","Blade Dance","Backflip"],"picked":"SKIP","floor":20},{"not_picked":["PiercingWail","Dodge and Roll","Tactician"],"picked":"SKIP","floor":22},{"not_picked":["Expertise+1","Backflip"],"picked":"Dodge and Roll+1","floor":28},{"not_picked":["Acrobatics","Envenom"],"picked":"Deflect","floor":29},{"not_picked":["Night Terror","Phantasmal Killer"],"picked":"A Thousand Cuts","floor":33},{"not_picked":["Blade Dance+1","Dash"],"picked":"Crippling Poison+1","floor":35},{"not_picked":["Blade Dance","Crippling Poison","Flechettes+1"],"picked":"SKIP","floor":37},{"not_picked":["Acrobatics+1","Deflect"],"picked":"Outmaneuver+1","floor":38},{"not_picked":["Dodge and Roll+1","Finisher","Tactician+1"],"picked":"SKIP","floor":41},{"not_picked":["Backflip+1","Quick Slash+1"],"picked":"Deadly Poison+1","floor":47}],"player_experience":49403,"relics_obtained":[{"floor":9,"key":"Matryoshka"},{"floor":13,"key":"War Paint"},{"floor":26,"key":"Blood Vial"},{"floor":26,"key":"Bottled Tornado"},{"floor":43,"key":"Boot"},{"floor":43,"key":"Eternal Feather"}],"event_choices":[{"damage_healed":0,"gold_gain":30,"player_choice":"Searched \u00272\u0027 times","damage_taken":0,"max_hp_gain":0,"max_hp_loss":0,"event_name":"Dead Adventurer","floor":13,"gold_loss":0},{"damage_healed":0,"gold_gain":0,"cards_transformed":["Strike_G"],"player_choice":"Transformed","damage_taken":0,"max_hp_gain":0,"max_hp_loss":0,"event_name":"Transmorgrifier","floor":14,"gold_loss":0,"cards_obtained":["Masterful Stab"]},{"damage_healed":0,"gold_gain":0,"player_choice":"1 cards matched","damage_taken":0,"max_hp_gain":0,"max_hp_loss":0,"event_name":"Match and Keep!","floor":21,"gold_loss":0,"cards_obtained":["Crippling Poison"]},{"damage_healed":0,"gold_gain":0,"player_choice":"Trade","damage_taken":0,"relics_obtained":["FaceOfCleric"],"max_hp_gain":0,"max_hp_loss":0,"event_name":"FaceTrader","floor":24,"gold_loss":0},{"damage_healed":0,"gold_gain":0,"player_choice":"Paid","damage_taken":0,"relics_obtained":["Red Mask"],"max_hp_gain":0,"max_hp_loss":0,"event_name":"Tomb of Lord Red Mask","floor":36,"gold_loss":216},{"damage_healed":0,"gold_gain":0,"player_choice":"Got Potions","damage_taken":0,"max_hp_gain":0,"max_hp_loss":0,"event_name":"Lab","floor":39,"gold_loss":0},{"damage_healed":0,"gold_gain":0,"cards_transformed":["Strike_G"],"player_choice":"Transformed","damage_taken":0,"max_hp_gain":0,"max_hp_loss":0,"event_name":"Transmorgrifier","floor":48,"gold_loss":0,"cards_obtained":["Prepared"]}],"is_beta":false,"boss_relics":[{"not_picked":["Calling Bell","Black Star"],"picked":"Philosopher\u0027s Stone"},{"not_picked":["SlaversCollar","Fusion Hammer"],"picked":"Runic Pyramid"}],"items_purged_floors":[27],"is_endless":false,"potions_floor_spawned":[2,7,13,18,28,29,37,41,47],"ascension_level":2}}