{"host":"Ringo","time":1610979912,"event":{"mods":["BaseMod","Colored Map","Conspire","Dota2Spire","Minty Spire (QoL Compilation)","StSLib","[IsaacMod]ÒÔÈö¼âËþ","¡¾ÒÅÎï¿¨ÅÆ¡¿REMEMod"],"gold_per_floor":[109,122,197,215,234,267,287,317,343,374,407,465,24,59,59,136,136,148,161,174,194,212,246,272,299,323,350,350,380,330,57,57,163,213,229,229,14,14,14,14,41,65,65,97,153,153,180,207,207,227,268,13,13,70,97,129,162,186,251,251,285,313,313,313,350,350],"floor_reached":52,"language":"ZHS","playtime":2012,"items_purged":["Predator","Cloak And Dagger","Cloak And Dagger"],"score":3957,"play_id":"5d11599f-2c04-458d-bc27-719dc36a0f39","local_time":"20210118222512","daily_mods":["Draft","Vintage","Heirloom","Time Dilation","Flight","DeadlyEvents","Elite Swarm","Lethality","Binary"],"is_ascension_mode":true,"campfire_choices":[{"data":"REME_SpectralBlade","floor":15,"key":"SMITH"},{"data":"Tools of the Trade","floor":28,"key":"SMITH"},{"data":"Eviscerate","floor":32,"key":"SMITH"},{"data":"Dagger Spray","floor":40,"key":"SMITH"},{"floor":46,"key":"DIG"},{"floor":49,"key":"DIG"},{"floor":49,"key":"DIG"}],"circlet_count":0,"master_deck":["AscendersBane","Eviscerate+1","Deflect","Dash","Reflex","Dagger Throw","Acrobatics","Acrobatics","Sucker Punch+1","Underhanded Strike","Quick Slash","Cloak And Dagger","REME_SpectralBlade+1","Infinite Blades","Tools of the Trade+1","Escape Plan","Dagger Spray+1"],"relics":["Ring of the Snake","Busted Crown","HushsDoor","REME_ComplimentaryCards","YumHeart","DeadEye","Pantograph","BelialBook","Dota2Spire:MaskOfMadness","REME_HandOfSuture","conspire:Flyswatter","StrikeDummy","Bag of Preparation","Boot","Bottled Lightning","Blood Vial","HowToJump","Membership Card","Gremlin Horn","Dota2Spire:Vanguard","Dota2Spire:PhaseBoots","Sozu","Nunchaku","Toy Ornithopter","conspire:TopHat","Mercury Hourglass","Dream Catcher","Kunai","Ginger","Tiny Chest","InkBottle","Dota2Spire:HandOfMidas","Paper Crane","Tiny House","Dota2Spire:EchoSabre","Dota2Spire:MonkeyKingBar","HandDrill","FossilizedHelix","Dota2Spire:DrumOfEndurance","PokeGo","Shovel","SalivaCoin","Oddly Smooth Stone","Dota2Spire:OctarineCore","Centennial Puzzle","SharpPlug","Ancient Tea Set","TheBean","BookOfRevelations","Dota2Spire:BladeMail","SteamSale","Shuriken","Happy Flower","Strawberry","REME_PuzzleBoxRelic","PillsDrop","Smiling Mask","Orichalcum","TheBattery","Snake Skull","Anchor","REME_LimitBreaker","Darkstone Periapt","Bottled Flame","Dota2Spire:ArmletOfMordiggian"],"acts_visited":["Exordium","TheCity","TheBeyond"],"potions_floor_usage":[10],"damage_taken":[{"damage":0.0,"enemies":"2 Louse","floor":1.0,"turns":1.0},{"damage":1.0,"enemies":"Jaw Worm","floor":2.0,"turns":2.0},{"damage":0.0,"enemies":"Cultist","floor":4.0,"turns":1.0},{"damage":0.0,"enemies":"Blue Slaver","floor":5.0,"turns":1.0},{"damage":0.0,"enemies":"Lagavulin","floor":6.0,"turns":2.0},{"damage":11.0,"enemies":"3 Louse","floor":7.0,"turns":2.0},{"damage":0,"enemies":"Gremlin Nob","floor":8,"turns":1},{"damage":1,"enemies":"3 Sentries","floor":10,"turns":3},{"damage":0,"enemies":"Gremlin Nob","floor":11,"turns":1},{"damage":0,"enemies":"Lagavulin Event","floor":12,"turns":2},{"damage":13,"enemies":"3 Sentries","floor":14,"turns":3},{"damage":0,"enemies":"Slime Boss","floor":16,"turns":1},{"damage":0,"enemies":"Spheric Guardian","floor":18,"turns":1},{"damage":0,"enemies":"Shell Parasite","floor":19,"turns":1},{"damage":0,"enemies":"Cultist and Chosen","floor":20,"turns":2},{"damage":0,"enemies":"Snake Plant","floor":21,"turns":1},{"damage":0,"enemies":"Shelled Parasite and Fungi","floor":22,"turns":1},{"damage":6,"enemies":"Book of Stabbing","floor":23,"turns":2},{"damage":0,"enemies":"Slavers","floor":24,"turns":2},{"damage":6,"enemies":"Book of Stabbing","floor":25,"turns":2},{"damage":0,"enemies":"Gremlin Leader","floor":27,"turns":1},{"damage":0,"enemies":"Slavers","floor":29,"turns":2},{"damage":0,"enemies":"Champ","floor":33,"turns":3},{"damage":0,"enemies":"Orb Walker","floor":35,"turns":1},{"damage":0,"enemies":"Reptomancer","floor":41,"turns":1},{"damage":0,"enemies":"Nemesis","floor":44,"turns":1},{"damage":0,"enemies":"Giant Head","floor":45,"turns":2},{"damage":0,"enemies":"Reptomancer","floor":47,"turns":1},{"damage":0,"enemies":"Giant Head","floor":48,"turns":2},{"damage":0,"enemies":"3 Shapes","floor":35,"turns":1},{"damage":0,"enemies":"Orb Walker","floor":36,"turns":1},{"damage":0,"enemies":"Hiden Room Battle","floor":39,"turns":1},{"damage":0,"enemies":"Giant Head","floor":40,"turns":1},{"damage":0,"enemies":"Nemesis","floor":41,"turns":1},{"damage":0,"enemies":"Reptomancer","floor":42,"turns":1},{"damage":0,"enemies":"Nemesis","floor":44,"turns":1},{"damage":0,"enemies":"Reptomancer","floor":46,"turns":1},{"damage":0,"enemies":"Giant Head","floor":47,"turns":2},{"damage":0,"enemies":"Time Eater","floor":50,"turns":2},{"damage":0,"enemies":"Donu and Deca","floor":51,"turns":1}],"seed_played":"-1254416033166242396","potions_obtained":[{"floor":2.0,"key":"Strength Potion"},{"floor":4.0,"key":"Dota2Spire:Clarity"},{"floor":5.0,"key":"AttackPotion"},{"floor":10,"key":"SmokeBomb"}],"is_trial":true,"path_per_floor":["M","M","?","M","M","E","M","E","T","E","E","?","$","E","R","B",null,"M","M","M","M","M","E","E","E","T","E","R","E","$","$","R","B",null,"M","?","$","?","$","R","E","T","T","E","E","R","E","E","R","M","M","$","?","?","E","E","E","T","E","$","E","E","T","R","B","B",null],"character_chosen":"THE_SILENT","items_purchased":["Membership Card","Gremlin Horn","Dota2Spire:Vanguard","Infinite Blades","Tools of the Trade","Paper Crane","Escape Plan","Dagger Spray","Dota2Spire:MonkeyKingBar","HandDrill","BookOfRevelations","Dota2Spire:BladeMail","SteamSale","TheBattery","Snake Skull","Anchor"],"campfire_rested":0,"item_purchase_floors":[13,13,13,13,17,31,31,31,37,37,37,37,37,45,45,45],"current_hp_per_floor":[59,65,54,54,54,54,55,66,66,65,65,66,66,53,53,66,62,62,62,62,62,62,56,58,54,54,56,56,58,58,58,58,62,67,67,67,67,63,63,63,65,65,65,67,67,67,67,67,67,67,67,67,67,67,74,74,74,74,74,74,74,74,74,74,74,74],"gold":350,"neow_bonus":"","is_daily":false,"chose_seed":false,"campfire_upgraded":4,"win_rate":0.0,"timestamp":1610979912,"path_taken":["M","M","?","M","M","E","M","E","T","E","E","?","$","E","R","BOSS","M","M","M","?","M","E","E","E","T","E","R","E","$","$","R","BOSS","M","?","$","?","?","R","E","?","T","E","E","R","E","?","R","M","M","$","?","?","E","E","E","T","E","$","E","E","?","R","BOSS","BOSS"],"items_purchased_type":["Relic","Relic","Relic","Card","Card","Relic","Card","Card","Relic","Relic","Relic","Relic","Relic","Relic","Relic","Relic"],"build_version":"2020-12-18","purchased_purges":3,"victory":true,"max_hp_per_floor":[66,66,66,66,66,66,66,66,66,66,66,66,66,66,66,66,62,62,62,62,62,62,62,62,62,62,62,62,62,62,62,62,62,67,67,67,67,67,67,67,67,67,67,67,67,67,67,67,67,67,67,67,67,67,74,74,74,74,74,74,74,74,74,74,74,74],"card_choices":[{"not_picked":["PiercingWail","Outmaneuver"],"picked":"Cloak And Dagger","floor":0.0},{"not_picked":["Quick Slash","Catalyst"],"picked":"Cloak And Dagger","floor":0.0},{"not_picked":["REME_GreenPollution","PiercingWail"],"picked":"Eviscerate","floor":0.0},{"not_picked":["Masterful Stab","Setup"],"picked":"Deflect","floor":0.0},{"not_picked":["Concentrate","PiercingWail"],"picked":"Dash","floor":0.0},{"not_picked":["Bane","REME_ShadowStrike"],"picked":"Well Laid Plans","floor":0.0},{"not_picked":["Outmaneuver","PiercingWail"],"picked":"Predator","floor":0.0},{"not_picked":["Deadly Poison","Catalyst"],"picked":"Reflex","floor":0.0},{"not_picked":["Slice","Bouncing Flask"],"picked":"Dagger Throw","floor":0.0},{"not_picked":["Setup","Eviscerate"],"picked":"Acrobatics","floor":0.0},{"not_picked":["Quick Slash","Bouncing Flask"],"picked":"Acrobatics","floor":0.0},{"not_picked":["PiercingWail","Deadly Poison"],"picked":"Sucker Punch","floor":0.0},{"not_picked":["Dodge and Roll","Quick Slash"],"picked":"Underhanded Strike","floor":0.0},{"not_picked":["conspire:PoisonWeapons","Acrobatics"],"picked":"Quick Slash","floor":0.0},{"not_picked":["Quick Slash","Bane"],"picked":"Cloak And Dagger","floor":0.0}],"player_experience":526607,"relics_obtained":[{"floor":1.0,"key":"Pantograph"},{"floor":2.0,"key":"BelialBook"},{"floor":4.0,"key":"Dota2Spire:MaskOfMadness"},{"floor":5.0,"key":"REME_HandOfSuture"},{"floor":6.0,"key":"conspire:Flyswatter"},{"floor":7,"key":"StrikeDummy"},{"floor":8,"key":"Bag of Preparation"},{"floor":9,"key":"Boot"},{"floor":10,"key":"Bottled Lightning"},{"floor":11,"key":"Blood Vial"},{"floor":12,"key":"HowToJump"},{"floor":14,"key":"Dota2Spire:PhaseBoots"},{"floor":18,"key":"Nunchaku"},{"floor":19,"key":"Toy Ornithopter"},{"floor":20,"key":"conspire:TopHat"},{"floor":21,"key":"Mercury Hourglass"},{"floor":22,"key":"Dream Catcher"},{"floor":23,"key":"Kunai"},{"floor":24,"key":"Ginger"},{"floor":25,"key":"ForgetMeNow"},{"floor":26,"key":"Tiny Chest"},{"floor":27,"key":"InkBottle"},{"floor":29,"key":"Dota2Spire:HandOfMidas"},{"floor":35,"key":"Dota2Spire:EchoSabre"},{"floor":41,"key":"FossilizedHelix"},{"floor":42,"key":"Dota2Spire:DrumOfEndurance"},{"floor":43,"key":"PokeGo"},{"floor":44,"key":"Shovel"},{"floor":45,"key":"SalivaCoin"},{"floor":46,"key":"Oddly Smooth Stone"},{"floor":47,"key":"Dota2Spire:OctarineCore"},{"floor":48,"key":"Centennial Puzzle"},{"floor":49,"key":"SharpPlug"},{"floor":35,"key":"Ancient Tea Set"},{"floor":36,"key":"TheBean"},{"floor":39,"key":"Shuriken"},{"floor":39,"key":"Happy Flower"},{"floor":40,"key":"Strawberry"},{"floor":41,"key":"REME_PuzzleBoxRelic"},{"floor":42,"key":"PillsDrop"},{"floor":43,"key":"Smiling Mask"},{"floor":44,"key":"Orichalcum"},{"floor":46,"key":"REME_LimitBreaker"},{"floor":47,"key":"Darkstone Periapt"},{"floor":48,"key":"Bottled Flame"},{"floor":49,"key":"Dota2Spire:ArmletOfMordiggian"}],"event_choices":[{"damage_healed":0.0,"max_hp_gain":0.0,"max_hp_loss":0.0,"gold_gain":75.0,"event_name":"World of Goop","player_choice":"Gather Gold","floor":3.0,"gold_loss":0.0,"damage_taken":11.0},{"damage_healed":0,"gold_gain":0,"player_choice":"Searched \u00272\u0027 times","damage_taken":0,"max_hp_gain":0,"max_hp_loss":0,"event_name":"Dead Adventurer","floor":12,"gold_loss":0},{"cards_removed":["Well Laid Plans"],"damage_healed":0,"gold_gain":0,"player_choice":"Removed Power","damage_taken":0,"max_hp_gain":0,"max_hp_loss":0,"event_name":"Falling","floor":36,"gold_loss":0},{"damage_healed":0,"gold_gain":0,"player_choice":"Leave","damage_taken":0,"max_hp_gain":0,"max_hp_loss":0,"event_name":"conspire:Investor","floor":38,"gold_loss":0},{"damage_healed":0,"gold_gain":0,"player_choice":"Memory 1","damage_taken":0,"max_hp_gain":0,"max_hp_loss":0,"event_name":"SensoryStone","floor":38,"gold_loss":0},{"damage_healed":0,"gold_gain":0,"player_choice":"Fight","damage_taken":0,"max_hp_gain":0,"max_hp_loss":0,"event_name":"HidenRoomEvent","floor":39,"gold_loss":0}],"is_beta":true,"boss_relics":[{"not_picked":["Fusion Hammer","Ectoplasm"],"picked":"Sozu"},{"not_picked":[]},{"not_picked":["conspire:SeveredTorchhead","REME_DemonsWealth"],"picked":"Tiny House"},{"not_picked":[]}],"items_purged_floors":[13,30,31],"is_endless":false,"potions_floor_spawned":[2,4,5,8,10,18,20,22,25,27,33,41,44,45,39,40,41,47],"ascension_level":20}}