{"host":"9tdk3zzhmpo6o3dg","time":1610966226,"event":{"mods":["AchievementEnabler","BaseMod","Downfall","Hermit","Koishi","Marisa（F雨　魔理沙）","Minty Spire (QoL Compilation)","SOS（斯巴达之子）","Shop Mod","StSLib","The Alterego","The Animator","The Cursed","The Hierophant","The Marked","The Servant 0.9.4","WarShipGirlsR/战舰少女R mod"],"gold_per_floor":[117,131,36,55,71,88,162,44,62,77,96,127,127,127,127,223,223,223,240,48,68,88,88,88],"floor_reached":22,"language":"ZHS","playtime":1795,"items_purged":[],"score":192,"play_id":"e5d8627c-ba09-4e28-bf3d-8aed21bd20c4","local_time":"20210118183706","is_ascension_mode":false,"campfire_choices":[{"floor":13.0,"key":"REST"},{"data":"champ:Shatter","floor":15.0,"key":"SMITH"},{"data":"champ:StanceDance","floor":18.0,"key":"SMITH"}],"circlet_count":0,"master_deck":["champ:Strike","champ:Strike","champ:Strike","champ:Defend","champ:Defend","champ:Defend","champ:Execute","champ:Taunt","champ:ShieldWall","champ:RapidStrikes","champ:CrownThrow","champ:BringItOn","champ:FlashCut","champ:Shatter+1","champ:Backstep","champ:GutPunch","champ:FlashCut","champ:EnGarde","champ:RapidStrikes","champ:CalledShot","champ:StanceDance+1","champ:ShieldSlam","champ:FlashCut","champ:DancingMaster","champ:BringItOn","champ:SetATrap+1","champ:IronFortress","champ:HoldFirm","champ:Backstep"],"relics":["champ:ChampionCrown","Letter Opener","Torii","Black Star"],"acts_visited":["Exordium","TheCity"],"potions_floor_usage":[],"damage_taken":[{"damage":10.0,"enemies":"2 Louse","floor":1.0,"turns":2.0},{"damage":4.0,"enemies":"Cultist","floor":2.0,"turns":4.0},{"damage":15.0,"enemies":"downfall:FleeingMerchant","floor":3.0,"turns":4.0},{"damage":10.0,"enemies":"Small Slimes","floor":4.0,"turns":3.0},{"damage":16.0,"enemies":"Red Slaver","floor":5.0,"turns":4.0},{"damage":22.0,"enemies":"Large Slime","floor":6.0,"turns":6.0},{"damage":0.0,"enemies":"downfall:FleeingMerchant","floor":8.0,"turns":4.0},{"damage":0.0,"enemies":"2 Fungi Beasts","floor":9.0,"turns":2.0},{"damage":17.0,"enemies":"Blue Slaver","floor":10.0,"turns":3.0},{"damage":10.0,"enemies":"3 Louse","floor":11.0,"turns":3.0},{"damage":15.0,"enemies":"Lagavulin","floor":12.0,"turns":6.0},{"damage":37.0,"enemies":"DF_ARCHETYPE_STREAMLINE","floor":16.0,"turns":10.0},{"damage":13.0,"enemies":"Shell Parasite","floor":19.0,"turns":4.0},{"damage":0.0,"enemies":"downfall:FleeingMerchant","floor":20.0,"turns":4.0},{"damage":16.0,"enemies":"Spheric Guardian","floor":21.0,"turns":4.0},{"damage":11,"enemies":"Centurion and Healer","floor":22,"turns":16}],"seed_played":"-2685672180609560424","potions_obtained":[{"floor":1.0,"key":"SpeedPotion"},{"floor":5.0,"key":"Weak Potion"},{"floor":6.0,"key":"Fire Potion"},{"floor":9.0,"key":"champ:CounterPotion"},{"floor":11.0,"key":"Explosive Potion"},{"floor":22,"key":"Block Potion"}],"is_trial":false,"path_per_floor":["M","M","$","M","M","M","T","$","M","M","M","E","R","?","R","B",null,"R","M","$","M","M"],"character_chosen":"THE_CHAMP","items_purchased":["champ:BringItOn","champ:FlashCut","champ:EnGarde","champ:RapidStrikes","champ:IronFortress","champ:HoldFirm"],"campfire_rested":1,"item_purchase_floors":[3,3,8,8,20,20],"current_hp_per_floor":[63,59,54,44,28,26,26,26,26,24,24,19,46,100,100,68,100,100,87,87,81,70,70,70],"gold":88,"neow_bonus":"TRANSFORM_TWO_CARDS","is_daily":false,"chose_seed":false,"campfire_upgraded":2,"win_rate":0.0,"timestamp":1610966226,"path_taken":["M","M","$","M","M","M","T","$","M","M","M","E","R","?","R","BOSS","M","M","$","M","M"],"items_purchased_type":["Card","Card","Card","Card","Card","Card"],"build_version":"2020-12-22","purchased_purges":0,"victory":false,"max_hp_per_floor":[90,90,90,90,90,90,90,90,90,90,90,90,90,100,100,100,100,100,100,100,100,100,100,100],"card_choices":[{"not_picked":["champ:PerfectedStrike","champ:Haymaker"],"picked":"champ:CrownThrow","floor":1.0},{"not_picked":["champ:BerserkersShout","champ:Haymaker","champ:BladeFlurry"],"picked":"SKIP","floor":2.0},{"not_picked":["champ:HeartStrike","champ:GutPunch"],"picked":"champ:Devastate","floor":3.0},{"not_picked":["champ:BladeFlurry","champ:Lariat"],"picked":"champ:Shatter","floor":4.0},{"not_picked":["champ:CrownThrow","champ:PerfectedStrike"],"picked":"champ:Backstep","floor":5.0},{"not_picked":["champ:IronFortress","champ:Backstep"],"picked":"champ:GutPunch","floor":6.0},{"not_picked":["champ:GutPunch","champ:AdrenalArmor"],"picked":"champ:FlashCut","floor":8.0},{"not_picked":["champ:EnGarde","champ:CrownThrow"],"picked":"champ:CalledShot","floor":9.0},{"not_picked":["champ:Haymaker","champ:BerserkersShout"],"picked":"champ:StanceDance","floor":10.0},{"not_picked":["champ:PerfectedStrike","champ:PreciseThrust"],"picked":"champ:ShieldSlam","floor":11.0},{"not_picked":["champ:Backstep","champ:GladiatorForm"],"picked":"champ:FlashCut","floor":12.0},{"not_picked":["champ:CheapShot","champ:MurderStrike"],"picked":"champ:DancingMaster","floor":16.0},{"not_picked":["champ:TornadoPunch","champ:FanOfKnives"],"picked":"champ:BringItOn","floor":19.0},{"not_picked":["champ:Parry","champ:Haymaker"],"picked":"champ:SetATrap+1","floor":20.0},{"not_picked":["champ:Haymaker","champ:CrownThrow","champ:Shatter+1"],"picked":"SKIP","floor":21.0},{"not_picked":["champ:DefensiveShout","champ:EnragedBash"],"picked":"champ:Backstep","floor":22}],"player_experience":186959,"relics_obtained":[{"floor":7.0,"key":"Letter Opener"},{"floor":12.0,"key":"Torii"}],"event_choices":[{"cards_removed":["champ:Devastate"],"damage_healed":44.0,"max_hp_gain":10.0,"max_hp_loss":0.0,"gold_gain":0.0,"event_name":"Bonfire Elementals","player_choice":"Offered Rare","floor":14.0,"gold_loss":0.0,"damage_taken":0.0}],"is_beta":false,"boss_relics":[{"not_picked":["Tiny House","SacredBark"],"picked":"Black Star"}],"items_purged_floors":[],"is_endless":false,"potions_floor_spawned":[1,5,6,9,11,22],"killed_by":"Centurion and Healer","ascension_level":0}}