{"host":"Koishi","time":1610931037,"event":{"mods":["100% Spire Juice","2.2 Compatiblity","AchievementEnabler","Act Like it!","BaseMod","Better Match","Better Note","Better Sensory Stone","Better Third Choice","ChefMod","Chen","Colored Powertips","Conspire","Downfall","Gensokyo","Hermit","Hubris","Koishi","Lobotomy","LobotomyExtend","MarisaÅiñ∂âJÅ@ñÇóùçπÅj","Minty Spire (QoL Compilation)","Quick Restart","Rare Cards Sparkle","ReimuÅiîé??öÎÅj","Relic Stats","Robot Space Explorer","SCP261 Mod","Shedinja","Spicy Shops","StSLib","The Blue Laboratory","The Construct","The Disciple","The Forsaken","The Gatherer","The Problem Sleuth","everything is the same but u backflip on backflip","Åy?ï®?îvÅzREMEMod"],"gold_per_floor":[279,279,298,298,298,328,328,163,163,181,181,206,206,206,206,310,310,730,0,0,0,0,30,30,30,30,30,42,60,70,98,98,202,202,219,219,219,639,639,674,674,701,701,736,736,755,778,814,814,814],"floor_reached":51,"language":"ENG","playtime":4067,"items_purged":[],"score":1041,"play_id":"105f2259-d09d-4dc7-a988-a9db226d311d","local_time":"20210117195037","is_ascension_mode":true,"campfire_choices":[{"data":"Gensokyo:UnlikelyAid","floor":45,"key":"SMITH"},{"floor":49,"key":"RECALL"}],"circlet_count":0,"master_deck":["SpecialBullet","SpecialBullet","SpecialBullet","SpecialBullet","SpecialBullet","SpecialBullet","DisciplinaryCode","ExtractionCode","CentralCode","Penitence+1","ScreamingWedge+1","Harmony+1","WallGazer","Twilight+1","NothingThere","Ecstasy+1","ControlCode","GoldRush+1","RedShoes","Ecstasy+1","Writhe","Diffraction","TT2Protocol","WelfareCode","Twilight","DaCapo","Gensokyo:UnlikelyAid+1","Soda+1","Gensokyo:GreaterSplit","Doubt","CENSORED_ego","BearPaw+1","Variant","ShedSkin","SummonCall","Regret_ego+1","Diffraction+1"],"relics":["CogitoBucket","REME_ComplimentaryCards","Calipers","LetterFromLob","Pear","Gaze_r","Moonlight_r","MagicBullet_r","Gensokyo:OccultBall","Juzu Bracelet","Gensokyo:LunaticRedEyes","conspire:GiftBox","conspire:DeflatedDodgeball","Letter Opener","Sozu","FleshIdol","hubris:Towel","hubris:MysteriousPyramids","Anchor","Meat on the Bone","Runic Pyramid","ChangeAnything","conspire:InfiniteJournal","hubris:PeanutButter","hubris:Reverence","CeramicFish","BehaviorAdjustment","Oddly Smooth Stone"],"acts_visited":["Gensokyo:Gensokyo","Gensokyo:Gensokyoer","Gensokyo:Gensokyoest"],"potions_floor_usage":[23,38],"damage_taken":[{"damage":0.0,"enemies":"Gensokyo:Python","floor":1.0,"turns":4.0},{"damage":9.0,"enemies":"Gensokyo:Gryphon","floor":3.0,"turns":5.0},{"damage":32.0,"enemies":"Gensokyo:2_Kodama","floor":4.0,"turns":6.0},{"damage":0.0,"enemies":"Gensokyo:Cirno","floor":6.0,"turns":9.0},{"damage":0.0,"enemies":"Gensokyo:2_Kodama","floor":10.0,"turns":5.0},{"damage":0.0,"enemies":"Gensokyo:Mamizou","floor":12.0,"turns":3.0},{"damage":36.0,"enemies":"Gensokyo:Reimu","floor":16.0,"turns":11.0},{"damage":55.0,"enemies":"Gensokyo:AngelMirror","floor":18.0,"turns":4.0},{"damage":19,"enemies":"Gensokyo:Koishi","floor":23,"turns":5},{"damage":10,"enemies":"Gensokyo:3_Dogs","floor":28,"turns":3},{"damage":6,"enemies":"Gensokyo:Chomper_and_Gloop","floor":29,"turns":3},{"damage":34,"enemies":"Gensokyo:3_Gloops","floor":30,"turns":6},{"damage":16,"enemies":"Gensokyo:Reisen","floor":31,"turns":7},{"damage":92,"enemies":"Gensokyo:Eiki","floor":33,"turns":13},{"damage":24,"enemies":"Gensokyo:AncientGuardian","floor":35,"turns":6},{"damage":20,"enemies":"Gensokyo:AncientGuardian","floor":37,"turns":6},{"damage":71,"enemies":"Gensokyo:3_Boulders","floor":38,"turns":4},{"damage":2,"enemies":"Gensokyo:Doremy","floor":40,"turns":5},{"damage":6,"enemies":"Gensokyo:Kasen","floor":42,"turns":5},{"damage":0,"enemies":"Gensokyo:Marisa","floor":44,"turns":5},{"damage":8,"enemies":"Gensokyo:SeedOfUnknown","floor":46,"turns":10},{"damage":0,"enemies":"Gensokyo:Doremy","floor":48,"turns":6},{"damage":10,"enemies":"Gensokyo:Yuyuko","floor":50,"turns":8},{"damage":1,"enemies":"Malkuth","floor":51,"turns":9},{"damage":11,"enemies":"Yesod","floor":51,"turns":11}],"seed_played":"-2748932044189719637","potions_obtained":[{"floor":1.0,"key":"Energy Potion"},{"floor":12.0,"key":"Explosive Potion"},{"floor":16.0,"key":"Guardian:BlockOnCardUsePotion"}],"is_trial":false,"path_per_floor":["M","?","M","M","?","E","?","COS","T","M","R","E","R","?","R","B",null,"M","?","?","?","$","E","?","?","T","R","M","M","M","E","R","B",null,"M","?","?","M","?","E","?","E","T","E","R","M","T","E","R","B",null],"character_chosen":"Angela","items_purchased":[],"campfire_rested":0,"item_purchase_floors":[],"current_hp_per_floor":[70,65,56,16,16,16,16,16,16,16,16,26,26,26,26,80,80,44,44,44,44,44,55,55,55,55,55,56,72,57,80,80,61,80,80,80,80,33,33,77,77,75,75,80,80,80,80,80,80,80],"gold":814,"neow_bonus":"ONE_RARE_RELIC","is_daily":false,"chose_seed":false,"campfire_upgraded":1,"win_rate":0.0,"timestamp":1610931037,"path_taken":["M","?","M","M","?","E","?","COS","T","M","R","E","R","?","R","BOSS","M","?","?","?","$","E","?","?","T","R","M","M","M","E","R","BOSS","M","?","?","M","?","E","?","E","T","E","R","M","?","E","R","BOSS"],"items_purchased_type":[],"build_version":"2020-12-18","purchased_purges":0,"victory":true,"max_hp_per_floor":[70,80,80,80,80,80,80,80,80,80,80,80,80,80,80,80,80,80,80,80,80,80,80,80,80,80,80,80,80,80,80,80,80,80,80,80,80,80,80,80,80,80,80,80,80,80,80,80,80,80],"relic_stats":{"Sozu":4,"counters":[29,180],"CeramicFish":18,"Juzu Bracelet":2,"Letter Opener":[531],"obtain_stats":[{"Calipers":0,"CeramicFish":44,"FleshIdol":18,"Juzu Bracelet":6,"hubris:MysteriousPyramids":23,"Gensokyo:LunaticRedEyes":7,"conspire:InfiniteJournal":40,"Sozu":17,"Frozen Eye":23,"CogitoBucket":0,"Gensokyo:OccultBall":5,"Runic Pyramid":34,"Pear":2,"MagicBullet_r":4,"Oddly Smooth Stone":48,"Letter Opener":16,"hubris:Towel":21,"Gaze_r":4,"Moonlight_r":4,"conspire:GiftBox":9,"Anchor":26,"hubris:PeanutButter":42,"BehaviorAdjustment":46,"LetterFromLob":1,"conspire:DeflatedDodgeball":12,"ChangeAnything":35,"REME_ComplimentaryCards":0,"Meat on the Bone":31,"hubris:Reverence":43},{"Calipers":0,"CeramicFish":22,"FleshIdol":9,"Juzu Bracelet":4,"hubris:MysteriousPyramids":10,"Gensokyo:LunaticRedEyes":4,"conspire:InfiniteJournal":20,"Sozu":7,"Frozen Eye":9,"CogitoBucket":0,"Gensokyo:OccultBall":3,"Runic Pyramid":15,"Pear":1,"MagicBullet_r":3,"Oddly Smooth Stone":25,"Letter Opener":7,"hubris:Towel":9,"Gaze_r":3,"Moonlight_r":3,"conspire:GiftBox":4,"Anchor":10,"hubris:PeanutButter":21,"BehaviorAdjustment":24,"LetterFromLob":1,"conspire:DeflatedDodgeball":6,"ChangeAnything":17,"REME_ComplimentaryCards":0,"Meat on the Bone":14,"hubris:Reverence":21},{"Calipers":0,"CeramicFish":117,"FleshIdol":48,"Juzu Bracelet":24,"hubris:MysteriousPyramids":53,"Gensokyo:LunaticRedEyes":24,"conspire:InfiniteJournal":107,"Sozu":43,"Frozen Eye":48,"CogitoBucket":0,"Gensokyo:OccultBall":15,"Runic Pyramid":85,"Pear":4,"MagicBullet_r":15,"Oddly Smooth Stone":134,"Letter Opener":35,"hubris:Towel":48,"Gaze_r":15,"Moonlight_r":15,"conspire:GiftBox":24,"Anchor":53,"hubris:PeanutButter":112,"BehaviorAdjustment":128,"LetterFromLob":4,"conspire:DeflatedDodgeball":32,"ChangeAnything":92,"REME_ComplimentaryCards":0,"Meat on the Bone":72,"hubris:Reverence":112}],"Meat on the Bone":12},"card_choices":[{"not_picked":["Horn"],"picked":"Penitence","floor":1.0},{"not_picked":["RapturousDream"],"picked":"ScreamingWedge","floor":1.0},{"not_picked":["Lamp"],"picked":"Harmony","floor":3.0},{"not_picked":["Wingbeat","BlueScar"],"picked":"SKIP","floor":3.0},{"not_picked":["VoidDream","SpiderBud"],"picked":"WallGazer","floor":6.0},{"not_picked":["Discord","BloodyDesire"],"picked":"SKIP","floor":6.0},{"not_picked":["CherryBlossom","Amita"],"picked":"SKIP","floor":6.0},{"not_picked":["ParadiseLost","TheSmile"],"picked":"Twilight","floor":9.0},{"not_picked":["Murderer","CrumblingArmor"],"picked":"NothingThere","floor":10.0},{"not_picked":["ScreamingWedge","TodaysExpression"],"picked":"SKIP","floor":10.0},{"not_picked":["SomewhereSpear","TodaysExpression"],"picked":"SKIP","floor":10.0},{"not_picked":["Lantern"],"picked":"Ecstasy","floor":12.0},{"not_picked":["FourthMatchFlame"],"picked":"Soda","floor":12.0},{"not_picked":["Justitia"],"picked":"Mimicry","floor":16.0},{"not_picked":["Justitia"],"picked":"GoldRush","floor":16.0},{"not_picked":["CrumblingArmor","PunishingBird"],"picked":"RedShoes","floor":16.0},{"not_picked":["CrimsonScar+1","Tough"],"picked":"SKIP","floor":18.0},{"not_picked":["CherryBlossom+1","CUTE"],"picked":"SKIP","floor":18.0},{"not_picked":["Loneliness"],"picked":"Ecstasy+1","floor":23},{"not_picked":["Harmony","Lamp"],"picked":"SKIP","floor":23},{"not_picked":["Soda","Noise"],"picked":"SKIP","floor":28},{"not_picked":["Penitence","Lantern+1"],"picked":"SKIP","floor":29},{"not_picked":["Regret_ego+1","BearPaw"],"picked":"SKIP","floor":29},{"not_picked":["Regret_ego","Amita+1"],"picked":"SKIP","floor":30},{"not_picked":["Hornet","Ecstasy"],"picked":"SKIP","floor":30},{"not_picked":["InTheNameOfLoveAndHate","Heaven+1"],"picked":"SKIP","floor":31},{"not_picked":["TheSmile"],"picked":"Twilight","floor":33},{"not_picked":["SoundOfStar"],"picked":"DaCapo","floor":33},{"not_picked":["Discord","Amita+1"],"picked":"SKIP","floor":35},{"not_picked":["Gensokyo:UnhurriedMind","Gensokyo:LifeSpringInfinity"],"picked":"Gensokyo:UnlikelyAid","floor":37},{"not_picked":["Galaxy+1","Beak"],"picked":"Soda+1","floor":38},{"not_picked":["Noise","Laetitia_ego"],"picked":"CENSORED_ego","floor":40},{"not_picked":["TodaysExpression+1","Laetitia_ego","Horn+1"],"picked":"SKIP","floor":40},{"not_picked":["GreenStem+1","Hornet+1"],"picked":"BearPaw+1","floor":41},{"not_picked":["Funeral","BlueStar"],"picked":"Variant","floor":42},{"not_picked":["Wingbeat+1","SomewhereSpear"],"picked":"ShedSkin","floor":42},{"not_picked":["Discord+1","GoldRush","Heaven"],"picked":"SKIP","floor":42},{"not_picked":["InTheNameOfLoveAndHate","BearPaw+1","Laetitia_ego+1"],"picked":"SKIP","floor":44},{"not_picked":["Soda+1","Ecstasy","SomewhereSpear+1"],"picked":"SKIP","floor":44},{"not_picked":["Wingbeat","RapturousDream+1"],"picked":"Regret_ego+1","floor":46},{"not_picked":["RedEyes","SoundOfStar","Noise+1"],"picked":"SKIP","floor":46},{"not_picked":["GreenStem+1","FourthMatchFlame+1"],"picked":"Diffraction+1","floor":48},{"not_picked":["RedEyes","CherryBlossom+1","Gaze+1"],"picked":"SKIP","floor":48}],"player_experience":248283,"relics_obtained":[{"floor":1.0,"key":"LetterFromLob"},{"floor":6.0,"key":"Juzu Bracelet"},{"floor":9.0,"key":"conspire:GiftBox"},{"floor":12.0,"key":"conspire:DeflatedDodgeball"},{"floor":16.0,"key":"Gensokyo:OccultBall"},{"floor":23,"key":"hubris:MysteriousPyramids"},{"floor":26,"key":"Anchor"},{"floor":31,"key":"Meat on the Bone"},{"floor":33,"key":"Gensokyo:OccultBall"},{"floor":38,"key":"Gensokyo:OccultBall"},{"floor":40,"key":"conspire:InfiniteJournal"},{"floor":42,"key":"hubris:PeanutButter"},{"floor":43,"key":"hubris:Reverence"},{"floor":44,"key":"CeramicFish"},{"floor":48,"key":"Oddly Smooth Stone"}],"event_choices":[{"damage_healed":0.0,"max_hp_gain":0.0,"max_hp_loss":0.0,"gold_gain":0.0,"event_name":"conspire:Investor","player_choice":"Leave","floor":14.0,"gold_loss":0.0,"damage_taken":0.0},{"damage_healed":0,"gold_gain":0,"player_choice":"2","damage_taken":0,"max_hp_gain":0,"max_hp_loss":0,"event_name":"betterMatch:BetterMatch","floor":41,"gold_loss":0,"cards_obtained":["betterMatch:UncommonCard"]}],"is_beta":true,"boss_relics":[{"not_picked":["hubris:CrackedHourglass","conspire:SpecialSausage"],"picked":"Sozu"},{"not_picked":["Empty Cage","Snecko Eye"],"picked":"Runic Pyramid"}],"items_purged_floors":[],"is_endless":false,"potions_floor_spawned":[1,12,16,29,30,40,44],"ascension_level":1}}