{"host":"fnk117zi8wf5078t","time":1610955991,"event":{"mods":["AchievementEnabler","BaseMod","Colored Map","Minty Spire (QoL Compilation)","Rare Cards Sparkle","SuperFastMode","everything is the same but u backflip on backflip"],"gold_per_floor":[112,112,112,37,49,49,84,98,98,98,2,18,37,56,56,154,154,154,154],"floor_reached":18,"language":"KOR","playtime":551,"items_purged":["Decay"],"score":227,"play_id":"5a5c09f2-5415-4994-8b1f-e25b0cbf7ca3","local_time":"20210118164631","is_ascension_mode":true,"campfire_choices":[{"floor":6.0,"key":"REST"},{"floor":15.0,"key":"REST"}],"circlet_count":0,"master_deck":["Strike_B","Strike_B","Strike_B","Defend_B","Defend_B","Defend_B","Defend_B+1","Zap","Dualcast+1","Defragment","Gash","Steam","Sweeping Beam","Seek","Parasite","Sunder","Conserve Battery","Loop","Doom and Gloom","Self Repair","Machine Learning"],"relics":["Cracked Core","Ginger","Singing Bowl","Bottled Lightning","Inserter"],"acts_visited":["Exordium","TheCity"],"potions_floor_usage":[],"damage_taken":[{"damage":18.0,"enemies":"Jaw Worm","floor":1.0,"turns":4.0},{"damage":8.0,"enemies":"Small Slimes","floor":5.0,"turns":3.0},{"damage":24.0,"enemies":"3 Sentries","floor":7.0,"turns":8.0},{"damage":0.0,"enemies":"Cultist","floor":8.0,"turns":3.0},{"damage":0.0,"enemies":"Exordium Thugs","floor":12.0,"turns":4.0},{"damage":4.0,"enemies":"3 Louse","floor":13.0,"turns":4.0},{"damage":8.0,"enemies":"Gremlin Gang","floor":14.0,"turns":2.0},{"damage":29.0,"enemies":"Slime Boss","floor":16.0,"turns":8.0},{"damage":0,"enemies":"2 Thieves","floor":18,"turns":1}],"seed_played":"-2524334141232110580","potions_obtained":[{"floor":1.0,"key":"Dexterity Potion"},{"floor":8.0,"key":"FearPotion"},{"floor":12.0,"key":"Fire Potion"}],"is_trial":false,"path_per_floor":["M","?","?","$","M","R","E","M","T","?","$","M","M","M","R","B",null,"M"],"character_chosen":"DEFECT","items_purchased":["Sunder","Conserve Battery"],"campfire_rested":2,"item_purchase_floors":[11,11],"current_hp_per_floor":[50,50,35,35,27,49,25,25,25,43,43,43,39,31,53,31,64,64,64],"gold":154,"neow_bonus":"ONE_RARE_RELIC","is_daily":false,"chose_seed":false,"campfire_upgraded":0,"win_rate":0.0,"timestamp":1610955991,"path_taken":["M","?","?","$","M","R","E","M","T","?","?","?","M","M","R","BOSS","M"],"items_purchased_type":["Card","Card"],"build_version":"2020-12-22","purchased_purges":1,"victory":false,"max_hp_per_floor":[75,75,75,75,75,75,75,75,75,75,75,75,75,75,75,75,75,75,75],"card_choices":[{"not_picked":["Stack","Streamline"],"picked":"Defragment","floor":1.0},{"not_picked":["Hologram","Cold Snap"],"picked":"Steam","floor":5.0},{"not_picked":["Gash","Leap"],"picked":"Sweeping Beam","floor":7.0},{"not_picked":["Beam Cell","Redo"],"picked":"Seek","floor":8.0},{"not_picked":["Go for the Eyes","Beam Cell"],"picked":"Loop","floor":12.0},{"not_picked":["Sunder","Turbo"],"picked":"Doom and Gloom","floor":13.0},{"not_picked":["Blizzard","Heatsinks"],"picked":"Self Repair","floor":14.0},{"not_picked":["Hyperbeam","Echo Form"],"picked":"Machine Learning","floor":16.0}],"player_experience":400758,"relics_obtained":[{"floor":7.0,"key":"Singing Bowl"},{"floor":9.0,"key":"Bottled Lightning"}],"event_choices":[{"damage_healed":0.0,"max_hp_gain":0.0,"max_hp_loss":0.0,"gold_gain":0.0,"cards_transformed":["Strike_B"],"event_name":"Living Wall","player_choice":"Change","floor":2.0,"gold_loss":0.0,"damage_taken":0.0,"cards_obtained":["Gash"]},{"damage_healed":0.0,"max_hp_gain":0.0,"max_hp_loss":0.0,"gold_gain":0.0,"event_name":"Shining Light","player_choice":"Entered Light","floor":3.0,"gold_loss":0.0,"damage_taken":15.0,"cards_upgraded":["Dualcast","Defend_B"]},{"damage_healed":18.0,"max_hp_gain":0.0,"max_hp_loss":0.0,"gold_gain":0.0,"event_name":"Mushrooms","player_choice":"Healed and dodged fight","floor":10.0,"gold_loss":0.0,"damage_taken":0.0,"cards_obtained":["Parasite"]}],"is_beta":false,"boss_relics":[{"not_picked":["Velvet Choker","Snecko Eye"],"picked":"Inserter"}],"items_purged_floors":[4],"is_endless":false,"potions_floor_spawned":[1,8,12],"killed_by":"2 Thieves","ascension_level":8}}