{"host":"f9ntswufr8mq3t4y","time":1610969958,"event":{"mods":["AchievementEnabler","BaseMod","Best Route Mod","Block Reminder","Colored Map","Colored Powertips","DeckTracker","Highlight Path","Minty Spire (QoL Compilation)","Permanent Neow","Quick Restart"],"gold_per_floor":[113,63,15,27,41,41,72,147,218,218,232,14,40,40,40,136,136,180,36,27,27,27,27,55,55,55,87,110,169,194,206,206],"floor_reached":31,"language":"ENG","playtime":2987,"items_purged":[],"score":550,"play_id":"cbc36aca-64e1-4a4f-a4f7-3fa152d77ad4","local_time":"20210118143918","is_ascension_mode":true,"campfire_choices":[{"data":"Vault","floor":6.0,"key":"SMITH"},{"floor":10.0,"key":"REST"},{"data":"Chrysalis","floor":15.0,"key":"SMITH"},{"floor":23.0,"key":"REST"},{"data":"Ragnarok","floor":25.0,"key":"SMITH"}],"circlet_count":0,"master_deck":["Strike_P","Strike_P","Strike_P","Defend_P","Defend_P","Defend_P","Eruption","Vigilance","Chrysalis+1","Vault+1","Prostrate","Meditate","Ragnarok+1","Wish+1","CutThroughFate+1","Vengeance","CutThroughFate+1"],"relics":["HolyWater","Omamori","Yang","Art of War","Calipers","Blood Vial","Potion Belt","Eternal Feather","MawBank"],"acts_visited":["TheCity"],"potions_floor_usage":[29,30,30],"damage_taken":[{"damage":2.0,"enemies":"Cultist","floor":1.0,"turns":3.0},{"damage":0.0,"enemies":"Small Slimes","floor":4.0,"turns":2.0},{"damage":5.0,"enemies":"2 Louse","floor":5.0,"turns":4.0},{"damage":22.0,"enemies":"3 Sentries","floor":7.0,"turns":5.0},{"damage":4.0,"enemies":"Blue Slaver","floor":11.0,"turns":6.0},{"damage":0.0,"enemies":"Lagavulin","floor":13.0,"turns":5.0},{"damage":11.0,"enemies":"The Guardian","floor":16.0,"turns":12.0},{"damage":5.0,"enemies":"Spheric Guardian","floor":18.0,"turns":4.0},{"damage":16.0,"enemies":"2 Thieves","floor":20.0,"turns":5.0},{"damage":0.0,"enemies":"Gremlin Leader","floor":24.0,"turns":5.0},{"damage":0.0,"enemies":"Book of Stabbing","floor":27.0,"turns":4.0},{"damage":24,"enemies":"3 Cultists","floor":28,"turns":4},{"damage":0,"enemies":"Snecko","floor":29,"turns":3},{"damage":23,"enemies":"Centurion and Healer","floor":30,"turns":4},{"damage":35,"enemies":"Slavers","floor":31,"turns":4}],"seed_played":"-2897993420967925895","potions_obtained":[{"floor":1.0,"key":"DuplicationPotion"},{"floor":13.0,"key":"SpeedPotion"},{"floor":27.0,"key":"Regen Potion"},{"floor":28,"key":"Swift Potion"},{"floor":29,"key":"AttackPotion"}],"is_trial":false,"path_per_floor":["M","?","$","M","M","R","E","?","T","R","M","$","E","?","R","B",null,"M","$","M","?","?","R","E","R","T","E","M","M","M","E"],"character_chosen":"WATCHER","items_purchased":["PowerPotion","Art of War","Ragnarok","Blood Vial"],"campfire_rested":2,"item_purchase_floors":[3,12,12,19],"current_hp_per_floor":[63,63,63,63,58,58,36,25,25,44,40,40,40,33,33,22,65,60,60,46,35,35,56,58,58,58,60,38,40,31,0,0],"gold":206,"neow_bonus":"RANDOM_COLORLESS_2","is_daily":false,"chose_seed":false,"campfire_upgraded":3,"win_rate":0.0,"timestamp":1610969958,"path_taken":["M","?","$","M","M","R","E","?","T","R","M","$","E","?","R","BOSS","M","$","M","?","?","R","E","R","T","E","M","M","?","E"],"items_purchased_type":["Potion","Relic","Card","Relic"],"build_version":"2020-12-22","purchased_purges":0,"victory":false,"max_hp_per_floor":[65,65,65,65,65,65,65,65,65,65,65,65,65,65,65,65,65,65,65,65,70,70,70,70,70,70,70,70,70,70,70,70],"card_choices":[{"not_picked":["Thinking Ahead","Master of Strategy"],"picked":"Chrysalis","floor":0.0},{"not_picked":["ThirdEye","EmptyBody","Nirvana"],"picked":"SKIP","floor":1.0},{"not_picked":["PathToVictory","SashWhip"],"picked":"Vault","floor":4.0},{"not_picked":["Crescendo","BowlingBash","CrushJoints"],"picked":"SKIP","floor":5.0},{"not_picked":["BowlingBash","ThirdEye"],"picked":"Prostrate","floor":7.0},{"not_picked":["ForeignInfluence","LikeWater"],"picked":"Meditate","floor":11.0},{"not_picked":["FollowUp","EmptyFist","EmptyBody"],"picked":"SKIP","floor":13.0},{"not_picked":["LessonLearned","Omniscience"],"picked":"Wish","floor":16.0},{"not_picked":["DeceiveReality+1","Nirvana"],"picked":"CutThroughFate+1","floor":18.0},{"not_picked":["Study","ClearTheMind","FollowUp+1"],"picked":"SKIP","floor":20.0},{"not_picked":["InnerPeace","Sanctity"],"picked":"Vengeance","floor":24.0},{"not_picked":["JustLucky","ThirdEye+1","FlyingSleeves"],"picked":"SKIP","floor":27.0},{"not_picked":["BowlingBash+1","PathToVictory","FlyingSleeves"],"picked":"SKIP","floor":28},{"not_picked":["Tantrum+1","BowlingBash","Meditate"],"picked":"SKIP","floor":29},{"not_picked":["Protect","WindmillStrike+1"],"picked":"CutThroughFate+1","floor":30}],"player_experience":346026,"relics_obtained":[{"floor":7.0,"key":"Omamori"},{"floor":9.0,"key":"Yang"},{"floor":13.0,"key":"Calipers"},{"floor":24.0,"key":"Potion Belt"},{"floor":26.0,"key":"Eternal Feather"},{"floor":27.0,"key":"MawBank"}],"event_choices":[{"cards_removed":["Defend_P"],"damage_healed":0.0,"max_hp_gain":0.0,"max_hp_loss":0.0,"gold_gain":0.0,"event_name":"The Cleric","player_choice":"Card Removal","floor":2.0,"gold_loss":50.0,"damage_taken":0.0},{"damage_healed":0.0,"max_hp_gain":0.0,"max_hp_loss":0.0,"gold_gain":75.0,"event_name":"World of Goop","player_choice":"Gather Gold","floor":8.0,"gold_loss":0.0,"damage_taken":11.0},{"cards_removed":["Strike_P"],"damage_healed":0.0,"max_hp_gain":0.0,"max_hp_loss":0.0,"gold_gain":0.0,"event_name":"Golden Wing","player_choice":"Card Removal","floor":14.0,"gold_loss":0.0,"damage_taken":7.0},{"damage_healed":0.0,"max_hp_gain":5.0,"max_hp_loss":0.0,"gold_gain":0.0,"event_name":"Forgotten Altar","player_choice":"Shed Blood","floor":21.0,"gold_loss":0.0,"damage_taken":16.0},{"damage_healed":0.0,"max_hp_gain":0.0,"max_hp_loss":0.0,"gold_gain":0.0,"event_name":"Upgrade Shrine","player_choice":"Upgraded","floor":22.0,"gold_loss":0.0,"damage_taken":0.0,"cards_upgraded":["Wish"]}],"is_beta":false,"boss_relics":[{"not_picked":["Pandora\u0027s Box","Black Star"],"picked":"HolyWater"}],"items_purged_floors":[],"is_endless":false,"potions_floor_spawned":[1,13,27,28,29],"killed_by":"Slavers","ascension_level":4}}