{"host":"8rqsnaeml9gxb0kp","time":1610950083,"event":{"mods":["AchievementEnabler","BaseMod","Dark Map","Minty Spire (QoL Compilation)","StSLib"],"gold_per_floor":[11,111,125,140,157,157,168,201,225,115,115,127,150,164,164,261,261,278,294,294,78,177,194,194,194],"floor_reached":24,"language":"ENG","playtime":1475,"items_purged":["Strike_B","Strike_B"],"score":200,"play_id":"7c8ad410-ce6e-4362-b4f3-55424fa629d7","local_time":"20210117220803","is_ascension_mode":false,"campfire_choices":[{"data":"Zap","floor":6,"key":"SMITH"},{"floor":11,"key":"REST"},{"data":"Biased Cognition","floor":15,"key":"SMITH"}],"circlet_count":0,"master_deck":["Strike_B","Strike_B","Defend_B","Defend_B","Defend_B","Defend_B","Zap+1","Dualcast","Rainbow","Ball Lightning","Hologram","Doom and Gloom","Compile Driver","Cold Snap","Biased Cognition+1","Self Repair","Leap","Creative AI","Echo Form","CurseOfTheBell","Defragment","Auto Shields","Doom and Gloom","Force Field","Hologram","Coolheaded"],"relics":["Cracked Core","Bronze Scales","Vajra","MealTicket","Calling Bell","Bag of Preparation","Meat on the Bone","Unceasing Top"],"acts_visited":["Exordium","TheCity"],"potions_floor_usage":[16],"damage_taken":[{"damage":7,"enemies":"Small Slimes","floor":1,"turns":3},{"damage":1,"enemies":"Cultist","floor":3,"turns":3},{"damage":6,"enemies":"Jaw Worm","floor":4,"turns":3},{"damage":16,"enemies":"Large Slime","floor":5,"turns":6},{"damage":11,"enemies":"Blue Slaver","floor":7,"turns":4},{"damage":15,"enemies":"Gremlin Nob","floor":8,"turns":4},{"damage":0,"enemies":"Exordium Thugs","floor":12,"turns":3},{"damage":6,"enemies":"3 Louse","floor":14,"turns":3},{"damage":19,"enemies":"The Guardian","floor":16,"turns":9},{"damage":6,"enemies":"Shell Parasite","floor":18,"turns":3},{"damage":17,"enemies":"2 Thieves","floor":19,"turns":3},{"damage":8,"enemies":"Snecko","floor":23,"turns":3},{"damage":79,"enemies":"Slavers","floor":24,"turns":6}],"seed_played":"672352531334234974","potions_obtained":[{"floor":3,"key":"FairyPotion"},{"floor":4,"key":"Energy Potion"},{"floor":7,"key":"SkillPotion"},{"floor":8,"key":"BlessingOfTheForge"},{"floor":18,"key":"SteroidPotion"},{"floor":23,"key":"Block Potion"}],"is_trial":false,"path_per_floor":["M","?","M","M","M","R","M","E","T","$","R","M","T","M","R","B",null,"M","M","?","$","?","M","E"],"character_chosen":"DEFECT","items_purchased":["Self Repair","Force Field","Hologram"],"campfire_rested":1,"item_purchase_floors":[10,21,21],"current_hp_per_floor":[68,68,67,61,45,45,34,19,19,19,41,48,48,49,49,37,75,69,59,59,74,74,66,0,0],"gold":194,"neow_bonus":"THREE_RARE_CARDS","is_daily":false,"chose_seed":false,"campfire_upgraded":2,"win_rate":0.0,"timestamp":1610950083,"path_taken":["M","?","M","M","M","R","?","E","T","$","R","M","?","M","R","BOSS","M","M","?","?","?","M","E"],"items_purchased_type":["Card","Card","Card"],"build_version":"2020-12-22","purchased_purges":2,"victory":false,"max_hp_per_floor":[75,75,75,75,75,75,75,75,75,75,75,75,75,75,75,75,75,75,75,75,75,75,75,75,75],"card_choices":[{"not_picked":["Buffer","Fission"],"picked":"Rainbow","floor":0},{"not_picked":["Gash","Cold Snap"],"picked":"Ball Lightning","floor":1},{"not_picked":["White Noise","Reinforced Body"],"picked":"Hologram","floor":3},{"not_picked":["Beam Cell","Melter"],"picked":"Doom and Gloom","floor":4},{"not_picked":["Reprogram","Beam Cell"],"picked":"Compile Driver","floor":5},{"not_picked":["Blizzard","Scrape"],"picked":"Cold Snap","floor":7},{"not_picked":["Redo","FTL"],"picked":"Biased Cognition","floor":8},{"not_picked":["Rebound","Hologram"],"picked":"Leap","floor":12},{"not_picked":["Consume","Go for the Eyes"],"picked":"Creative AI","floor":14},{"not_picked":["Rainbow","Creative AI"],"picked":"Echo Form","floor":16},{"not_picked":["Coolheaded","Ball Lightning"],"picked":"Defragment","floor":18},{"not_picked":["Melter","Hello World"],"picked":"Auto Shields","floor":19},{"not_picked":["Barrage","Steam+1"],"picked":"Coolheaded","floor":23}],"player_experience":94084,"relics_obtained":[{"floor":8,"key":"Bronze Scales"},{"floor":9,"key":"Vajra"},{"floor":13,"key":"MealTicket"},{"floor":17,"key":"Bag of Preparation"},{"floor":17,"key":"Meat on the Bone"},{"floor":17,"key":"Unceasing Top"}],"event_choices":[{"damage_healed":0,"gold_gain":100,"player_choice":"Pray","damage_taken":0,"max_hp_gain":0,"max_hp_loss":0,"event_name":"Golden Shrine","floor":2,"gold_loss":0},{"damage_healed":0,"gold_gain":0,"player_choice":"Copied","damage_taken":0,"max_hp_gain":0,"max_hp_loss":0,"event_name":"Duplicator","floor":20,"gold_loss":0,"cards_obtained":["Doom and Gloom"]},{"damage_healed":0,"gold_gain":99,"player_choice":"Stole From Cult","damage_taken":0,"max_hp_gain":0,"max_hp_loss":0,"event_name":"Nest","floor":22,"gold_loss":0}],"is_beta":false,"boss_relics":[{"not_picked":["Nuclear Battery","Busted Crown"],"picked":"Calling Bell"}],"items_purged_floors":[10,21],"is_endless":false,"potions_floor_spawned":[3,4,7,8,18,23],"killed_by":"Slavers","ascension_level":0}}