{"host":"7kj0ynzap1jglrpi","time":1610947965,"event":{"mods":["100% Spire Juice","ATMod(°¢èªMod)","Act Like it!","BaseMod","CapriCore","Friendly Minions","Jedi Mod","Minty Spire (QoL Compilation)","RumiaBox-Â¶Ã×æ«µÄÉñÃØºÐ×Ó","Spicy Shops","StSLib","TestMod","The Blackbeard","[IsaacMod]ÒÔÈö¼âËþ","¡¾¹¦ÄÜMod¡¿»ìãçÖ®»·ÐÞ¸´²¹¶¡","¡¾ÒÅÎï¿¨ÅÆ¡¿REMEMod"],"gold_per_floor":[118,135,150,100,27,13,13],"floor_reached":6,"language":"ZHS","playtime":379,"items_purged":[],"score":36,"play_id":"a06ba2da-0507-42f9-b987-a070a55ffb68","local_time":"20210118133245","is_ascension_mode":false,"campfire_choices":[],"circlet_count":0,"master_deck":["Moonworks:Strike","Moonworks:Strike","Moonworks:Strike","Moonworks:Defend","Moonworks:Defend","Moonworks:Defend","Moonworks:Defend","Moonworks:Ambush","Moonworks:LongDistanceShot","Bomb","AT_TwilightShroud","blackbeard:GoldenCannonball+1","Moonworks:BackdoorTrade","Moonworks:MiracleRedBeanIceCream","Moonworks:LuckyCharm","Moonworks:SakisCookie"],"relics":["Moonworks:BrokenBomb","Moonworks:Homemark","testmod-TestBox","REME_ComplimentaryCards","AT_ATBox","HushsDoor","Damocles","testmod-BloodSacrificeSpiritualization","NeowsBlessing","HowToJump","AT_ChloranthyRing","Baka2","DeathBook"],"acts_visited":["Exordium"],"potions_floor_usage":[],"damage_taken":[{"damage":6,"enemies":"Jaw Worm","floor":1,"turns":1},{"damage":0,"enemies":"Small Slimes","floor":2,"turns":1},{"damage":0,"enemies":"2 Louse","floor":3,"turns":1},{"damage":6,"enemies":"Lagavulin","floor":6,"turns":3}],"seed_played":"3640237568156147630","potions_obtained":[{"floor":1,"key":"GamblersBrew"},{"floor":3,"key":"FearPotion"}],"is_trial":false,"path_per_floor":["M","M","M","?","$","E"],"character_chosen":"THE_STARBREAKER","items_purchased":["Moonworks:SakisCookie"],"campfire_rested":0,"item_purchase_floors":[5],"current_hp_per_floor":[54,54,54,54,54,0,0],"gold":13,"neow_bonus":"THREE_ENEMY_KILL","is_daily":false,"chose_seed":false,"campfire_upgraded":0,"win_rate":0.0,"timestamp":1610947965,"path_taken":["M","M","M","?","$","E"],"items_purchased_type":["Card"],"build_version":"2020-12-22","purchased_purges":0,"victory":false,"max_hp_per_floor":[60,60,60,60,60,60,60],"card_choices":[{"not_picked":[],"picked":"Bomb","floor":0},{"not_picked":["Moonworks:EvilSpyWorkPreparation","Moonworks:RedAndBlue"],"picked":"Moonworks:BackdoorTrade","floor":1},{"not_picked":["Moonworks:NicePresent","Moonworks:Assault"],"picked":"Moonworks:MiracleRedBeanIceCream","floor":2},{"not_picked":["Moonworks:ReproductionOfRecords","Moonworks:SealedMemories"],"picked":"Moonworks:LuckyCharm","floor":3}],"player_experience":87313,"relics_obtained":[{"floor":1,"key":"HowToJump"},{"floor":1,"key":"Baka"},{"floor":2,"key":"AT_ChloranthyRing"},{"floor":2,"key":"Baka2"},{"floor":3,"key":"DeathBook"}],"event_choices":[{"cards_removed":["Moonworks:Strike"],"damage_healed":0,"gold_gain":0,"player_choice":"Card Removal","damage_taken":0,"max_hp_gain":0,"max_hp_loss":0,"event_name":"The Cleric","floor":4,"gold_loss":50}],"is_beta":false,"boss_relics":[],"items_purged_floors":[],"is_endless":false,"potions_floor_spawned":[1,3],"killed_by":"Lagavulin","ascension_level":0}}