{"host":"uv231blk40vjdojr","time":1610994350,"event":{"mods":["AchievementEnabler","BaseMod","Bestiary","Minty Spire (QoL Compilation)","Relic Stats"],"gold_per_floor":[117,12,12,12,26,26,44,73,73,103,103,68,68,38,38,116,116,129,54,54,54,64,96,96,125,148,166,166,176,188,188,188,267,267,280,300,310,310,322,364,364,378,378,378,395,409,450,463,463,463,463],"floor_reached":50,"language":"ENG","playtime":3084,"items_purged":[],"score":1154,"play_id":"a41f7459-d421-4b2e-aec8-3948c291f0af","local_time":"20210118192550","is_ascension_mode":true,"campfire_choices":[{"data":"Noxious Fumes","floor":6.0,"key":"SMITH"},{"data":"Strike_G","floor":11.0,"key":"PURGE"},{"data":"Strike_G","floor":15.0,"key":"PURGE"},{"data":"Slice","floor":24.0,"key":"PURGE"},{"floor":28.0,"key":"REST"},{"data":"Defend_G","floor":32.0,"key":"PURGE"},{"data":"Bane+1","floor":41.0,"key":"PURGE"},{"floor":44.0,"key":"REST"},{"floor":49,"key":"RECALL"}],"circlet_count":0,"master_deck":["AscendersBane","Defend_G","Defend_G","Defend_G","Defend_G","Survivor","Neutralize","Corpse Explosion+1","Backflip","Noxious Fumes+1","Poisoned Stab","Adrenaline","Concentrate","Backflip","Malaise+1","Adrenaline+1","Footwork","Backflip+1","Adrenaline+1","Venomology","Well Laid Plans","Madness","Madness","Catalyst","Wraith Form v2"],"relics":["Ring of the Snake","Ice Cream","Peace Pipe","Bronze Scales","Astrolabe","PreservedInsect","Letter Opener","War Paint","Fusion Hammer","CeramicFish","Bottled Flame","Du-Vu Doll"],"acts_visited":["Exordium","TheCity","TheBeyond"],"potions_floor_usage":[50,50,50],"damage_taken":[{"damage":0.0,"enemies":"Small Slimes","floor":1.0,"turns":3.0},{"damage":2.0,"enemies":"Jaw Worm","floor":5.0,"turns":5.0},{"damage":0.0,"enemies":"2 Louse","floor":7.0,"turns":2.0},{"damage":29.0,"enemies":"3 Sentries","floor":8.0,"turns":7.0},{"damage":10.0,"enemies":"Lagavulin","floor":10.0,"turns":6.0},{"damage":16.0,"enemies":"The Guardian","floor":16.0,"turns":8.0},{"damage":1.0,"enemies":"Spheric Guardian","floor":18.0,"turns":4.0},{"damage":3.0,"enemies":"Shell Parasite","floor":22.0,"turns":5.0},{"damage":3.0,"enemies":"Book of Stabbing","floor":23.0,"turns":6.0},{"damage":21.0,"enemies":"Gremlin Leader","floor":25.0,"turns":6.0},{"damage":15.0,"enemies":"Cultist and Chosen","floor":27.0,"turns":7.0},{"damage":0.0,"enemies":"Snake Plant","floor":29.0,"turns":4.0},{"damage":0.0,"enemies":"Centurion and Healer","floor":30.0,"turns":5.0},{"damage":20.0,"enemies":"Champ","floor":33.0,"turns":12.0},{"damage":0.0,"enemies":"3 Shapes","floor":35.0,"turns":3.0},{"damage":0.0,"enemies":"Orb Walker","floor":36.0,"turns":4.0},{"damage":6.0,"enemies":"Jaw Worm Horde","floor":37.0,"turns":3.0},{"damage":18.0,"enemies":"Writhing Mass","floor":39.0,"turns":6.0},{"damage":9.0,"enemies":"Nemesis","floor":40.0,"turns":7.0},{"damage":0.0,"enemies":"4 Shapes","floor":42.0,"turns":4.0},{"damage":8.0,"enemies":"3 Darklings","floor":45.0,"turns":3.0},{"damage":9.0,"enemies":"Sphere and 2 Shapes","floor":46.0,"turns":4.0},{"damage":1.0,"enemies":"Giant Head","floor":47.0,"turns":8.0},{"damage":2.0,"enemies":"Maw","floor":48.0,"turns":7.0},{"damage":56,"enemies":"Time Eater","floor":50,"turns":5}],"seed_played":"2526096718898435087","potions_obtained":[{"floor":1.0,"key":"Regen Potion"},{"floor":5.0,"key":"LiquidMemories"},{"floor":7.0,"key":"AttackPotion"},{"floor":22.0,"key":"Swift Potion"},{"floor":29.0,"key":"FairyPotion"},{"floor":33.0,"key":"PowerPotion"},{"floor":39.0,"key":"CunningPotion"},{"floor":48.0,"key":"BlessingOfTheForge"}],"is_trial":false,"path_per_floor":["M","$","?","?","M","R","M","E","T","E","R","?","T","$","R","B",null,"M","?","?","$","M","E","R","E","T","M","R","M","M","?","R","B",null,"M","M","M","?","M","E","R","M","T","R","M","M","E","M","R","B"],"character_chosen":"THE_SILENT","items_purchased":["Noxious Fumes","Slice","Backflip"],"campfire_rested":2,"item_purchase_floors":[2,2,14],"current_hp_per_floor":[59,59,59,59,57,57,57,28,28,33,33,48,48,48,48,32,53,52,52,52,52,49,46,46,25,25,10,28,28,28,28,28,8,47,47,47,41,30,27,18,18,18,18,36,37,28,27,25,25,0,0],"gold":463,"neow_bonus":"THREE_RARE_CARDS","is_daily":false,"chose_seed":false,"campfire_upgraded":1,"win_rate":0.0,"timestamp":1610994350,"path_taken":["M","$","?","?","M","R","M","E","T","E","R","?","?","$","R","BOSS","M","?","?","?","M","E","R","E","T","M","R","M","M","?","R","BOSS","M","?","M","?","M","E","R","M","T","R","M","M","E","M","R","BOSS"],"items_purchased_type":["Card","Card","Card"],"build_version":"2020-12-22","purchased_purges":0,"victory":false,"max_hp_per_floor":[60,60,60,60,60,60,60,60,60,60,60,60,60,60,60,60,60,60,60,60,60,60,60,60,60,60,60,60,60,60,60,60,60,60,60,60,60,60,60,60,60,60,60,60,60,60,60,60,60,60,60],"relic_stats":{"Peace Pipe":5,"counters":[25,134],"Bronze Scales":[315],"Astrolabe":["Infinite Blades","Adrenaline","Bane"],"CeramicFish":18,"PreservedInsect":232,"Letter Opener":[480],"War Paint":["Malaise","Backflip"],"obtain_stats":[{"Ice Cream":8,"Peace Pipe":9,"Du-Vu Doll":47,"Bottled Flame":43,"Bronze Scales":10,"Astrolabe":17,"CeramicFish":40,"PreservedInsect":23,"Fusion Hammer":34,"Letter Opener":25,"War Paint":26,"Ring of the Snake":0},{"Ice Cream":4,"Peace Pipe":4,"Du-Vu Doll":23,"Bottled Flame":20,"Bronze Scales":5,"Astrolabe":6,"CeramicFish":19,"PreservedInsect":9,"Fusion Hammer":14,"Letter Opener":10,"War Paint":10,"Ring of the Snake":0},{"Ice Cream":17,"Peace Pipe":17,"Du-Vu Doll":122,"Bottled Flame":107,"Bronze Scales":23,"Astrolabe":31,"CeramicFish":103,"PreservedInsect":46,"Fusion Hammer":80,"Letter Opener":52,"War Paint":52,"Ring of the Snake":0}],"Ring of the Snake":[50]},"card_choices":[{"not_picked":["Adrenaline","Doppelganger"],"picked":"Corpse Explosion","floor":0.0},{"not_picked":["Flechettes","Deflect"],"picked":"Backflip","floor":1.0},{"not_picked":["Deadly Poison","Sucker Punch"],"picked":"Poisoned Stab","floor":5.0},{"not_picked":["Masterful Stab","Deadly Poison"],"picked":"Adrenaline","floor":7.0},{"not_picked":["Quick Slash","Backstab"],"picked":"Concentrate","floor":8.0},{"not_picked":["Distraction","Dagger Spray","Endless Agony"],"picked":"SKIP","floor":10.0},{"not_picked":["After Image","Phantasmal Killer"],"picked":"Malaise","floor":16.0},{"not_picked":["Dagger Spray","Flechettes","Sucker Punch"],"picked":"SKIP","floor":18.0},{"not_picked":["Acrobatics","Leg Sweep"],"picked":"Footwork","floor":22.0},{"not_picked":["Bouncing Flask","Bane"],"picked":"Backflip","floor":23.0},{"not_picked":["Riddle With Holes","Dagger Throw","Quick Slash"],"picked":"SKIP","floor":25.0},{"not_picked":["Dagger Throw","Outmaneuver","Flying Knee"],"picked":"SKIP","floor":27.0},{"not_picked":["Backflip","Sucker Punch","Dodge and Roll"],"picked":"SKIP","floor":29.0},{"not_picked":["Expertise","Riddle With Holes","Endless Agony+1"],"picked":"SKIP","floor":30.0},{"not_picked":["Storm of Steel","Glass Knife"],"picked":"Venomology","floor":33.0},{"not_picked":["Prepared","Bane"],"picked":"Well Laid Plans","floor":35.0},{"not_picked":["Deflect","Backflip","Bane"],"picked":"SKIP","floor":36.0},{"not_picked":["Setup","Underhanded Strike","Accuracy"],"picked":"SKIP","floor":37.0},{"not_picked":["Flying Knee+1","Dagger Throw+1","Concentrate"],"picked":"SKIP","floor":39.0},{"not_picked":["PiercingWail","Die Die Die"],"picked":"Catalyst","floor":40.0},{"not_picked":["PiercingWail","Poisoned Stab+1","Distraction"],"picked":"SKIP","floor":42.0},{"not_picked":["Dagger Spray+1","Underhanded Strike","Caltrops+1"],"picked":"SKIP","floor":45.0},{"not_picked":["Backflip","Eviscerate+1","Cloak And Dagger"],"picked":"SKIP","floor":46.0},{"not_picked":["PiercingWail","Infinite Blades"],"picked":"Wraith Form v2","floor":47.0},{"not_picked":["Deflect+1","Concentrate","Blade Dance"],"picked":"SKIP","floor":48.0}],"player_experience":699952,"relics_obtained":[{"floor":8.0,"key":"Ice Cream"},{"floor":9.0,"key":"Peace Pipe"},{"floor":10.0,"key":"Bronze Scales"},{"floor":23.0,"key":"PreservedInsect"},{"floor":25.0,"key":"Letter Opener"},{"floor":26.0,"key":"War Paint"},{"floor":40.0,"key":"CeramicFish"},{"floor":43.0,"key":"Bottled Flame"},{"floor":47.0,"key":"Du-Vu Doll"}],"event_choices":[{"damage_healed":0.0,"max_hp_gain":0.0,"max_hp_loss":0.0,"gold_gain":0.0,"event_name":"Liars Game","player_choice":"Ignored","floor":3.0,"gold_loss":0.0,"damage_taken":0.0},{"damage_healed":0.0,"max_hp_gain":0.0,"max_hp_loss":0.0,"gold_gain":0.0,"event_name":"Living Wall","player_choice":"Grow","floor":4.0,"gold_loss":0.0,"damage_taken":0.0,"cards_upgraded":["Corpse Explosion"]},{"damage_healed":15.0,"max_hp_gain":0.0,"max_hp_loss":0.0,"gold_gain":0.0,"event_name":"The Cleric","player_choice":"Healed","floor":12.0,"gold_loss":35.0,"damage_taken":0.0},{"cards_removed":["Infinite Blades"],"damage_healed":0.0,"max_hp_gain":0.0,"max_hp_loss":0.0,"gold_gain":0.0,"event_name":"Beggar","player_choice":"Gave Gold","floor":19.0,"gold_loss":75.0,"damage_taken":0.0},{"damage_healed":0.0,"max_hp_gain":0.0,"max_hp_loss":0.0,"gold_gain":0.0,"event_name":"Duplicator","player_choice":"Copied","floor":31.0,"gold_loss":0.0,"damage_taken":0.0,"cards_obtained":["Adrenaline"]},{"damage_healed":0.0,"max_hp_gain":0.0,"max_hp_loss":0.0,"gold_gain":0.0,"event_name":"Winding Halls","player_choice":"Embrace Madness","floor":38.0,"gold_loss":0.0,"damage_taken":11.0,"cards_obtained":["Madness","Madness"]}],"is_beta":false,"boss_relics":[{"not_picked":["Tiny House","Coffee Dripper"],"picked":"Astrolabe"},{"not_picked":["Black Star","Runic Dome"],"picked":"Fusion Hammer"}],"items_purged_floors":[],"is_endless":false,"potions_floor_spawned":[1,5,7,22,29,33,36,37,39,42,48],"killed_by":"Time Eater","ascension_level":20}}