{"host":"blqtz7f1wyqlnbm9","time":1610977397,"event":{"mods":["100% Spire Juice","BaseMod","Minty Spire (QoL Compilation)","StSLib"],"gold_per_floor":[113,124,59,59,59,59,71,71,97,110,145,156,54,54,54,157,157,55,55,55,28,28,28,38,38,65,85,101,101,131,147,147,147,147],"floor_reached":33,"language":"ZHS","playtime":1267,"items_purged":[],"score":266,"play_id":"f68d84c0-93fb-4536-abe8-a05d78573502","local_time":"20210118214317","is_ascension_mode":false,"campfire_choices":[{"data":"Moonworks:FullSpeedAlicianrone","floor":6,"key":"SMITH"},{"data":"Moonworks:NicePresent","floor":8,"key":"SMITH"},{"data":"Moonworks:SealedMemories","floor":15,"key":"SMITH"},{"data":"Moonworks:BackdoorTrade","floor":23,"key":"SMITH"},{"floor":29,"key":"REST"},{"data":"Moonworks:ReflectiveShell","floor":32,"key":"SMITH"}],"circlet_count":0,"master_deck":["Moonworks:Strike","Moonworks:Strike","Moonworks:Strike","Moonworks:Strike","Moonworks:Defend","Moonworks:Defend","Moonworks:Defend","Moonworks:Defend","Moonworks:Ambush+1","Moonworks:LongDistanceShot","Moonworks:FullSpeedAlicianrone+1","Moonworks:StiffCrystal","Moonworks:NicePresent+1","Moonworks:SealedMemories+1","Moonworks:Heat300Percent","Moonworks:CloudOfSeagulls","Moonworks:JonathanRush","Moonworks:GoAway","Moonworks:BackdoorTrade+1","Moonworks:JonathanRush","Moonworks:NicePresent","Moonworks:DeployBits","Moonworks:SakisCookie+1","Moonworks:SakisCookie","Moonworks:ReflectiveShell+1"],"relics":["Moonworks:BrokenBomb","Moonworks:Homemark","NeowsBlessing","Nunchaku","Anchor","Runic Pyramid","Lantern","Spirit Poop","Potion Belt","Bronze Scales"],"acts_visited":["Exordium","TheCity"],"potions_floor_usage":[16,24,30,33,33],"damage_taken":[{"damage":0,"enemies":"Jaw Worm","floor":1,"turns":1},{"damage":0,"enemies":"Small Slimes","floor":2,"turns":1},{"damage":0,"enemies":"Cultist","floor":7,"turns":1},{"damage":3,"enemies":"Red Slaver","floor":10,"turns":3},{"damage":14,"enemies":"Gremlin Nob","floor":11,"turns":3},{"damage":0,"enemies":"Large Slime","floor":12,"turns":3},{"damage":0,"enemies":"Looter","floor":13,"turns":2},{"damage":2,"enemies":"Slime Boss","floor":16,"turns":5},{"damage":11,"enemies":"Shell Parasite","floor":18,"turns":4},{"damage":22,"enemies":"3 Byrds","floor":24,"turns":4},{"damage":0,"enemies":"Cultist and Chosen","floor":27,"turns":4},{"damage":14,"enemies":"Centurion and Healer","floor":28,"turns":4},{"damage":14,"enemies":"Slavers","floor":30,"turns":3},{"damage":0,"enemies":"Sentry and Sphere","floor":31,"turns":3},{"damage":68,"enemies":"Automaton","floor":33,"turns":7}],"seed_played":"-398163189677202035","potions_obtained":[{"floor":1,"key":"LiquidBronze"},{"floor":7,"key":"Explosive Potion"},{"floor":11,"key":"Strength Potion"},{"floor":12,"key":"PowerPotion"},{"floor":24,"key":"Swift Potion"},{"floor":27,"key":"AttackPotion"},{"floor":30,"key":"AttackPotion"}],"is_trial":false,"path_per_floor":["M","M","?","?","?","R","M","R","T","M","E","M","M","$","R","B",null,"M","?","?","$","?","R","M","$","T","M","M","R","E","M","R","B"],"character_chosen":"THE_STARBREAKER","items_purchased":["Moonworks:JonathanRush"],"campfire_rested":1,"item_purchase_floors":[21],"current_hp_per_floor":[60,60,60,53,53,53,53,53,53,50,36,36,36,36,36,34,60,49,49,49,49,49,49,27,27,27,27,13,31,20,23,23,0,0],"gold":147,"neow_bonus":"THREE_ENEMY_KILL","is_daily":false,"chose_seed":false,"campfire_upgraded":5,"win_rate":0.0,"timestamp":1610977397,"path_taken":["M","M","?","?","?","R","M","R","T","?","E","M","M","?","R","BOSS","M","?","?","$","?","R","?","?","T","M","M","R","E","M","R","BOSS"],"items_purchased_type":["Card"],"build_version":"2020-12-22","purchased_purges":0,"victory":false,"max_hp_per_floor":[60,60,60,60,60,60,60,60,60,60,60,60,60,60,60,60,60,60,60,60,60,60,60,60,60,60,60,60,60,60,60,60,60,60],"card_choices":[{"not_picked":["Moonworks:StiffCrystal","Moonworks:IntelligenceOfficer"],"picked":"Moonworks:FullSpeedAlicianrone","floor":1},{"not_picked":["Moonworks:UnluckyCharm","Moonworks:ReproductionOfRecords"],"picked":"Moonworks:StiffCrystal","floor":2},{"not_picked":["Moonworks:Heat300Percent","Moonworks:MixPhenomenon"],"picked":"Moonworks:NicePresent","floor":7},{"not_picked":["Moonworks:BigMagnum","Moonworks:SakisCookie"],"picked":"Moonworks:SealedMemories","floor":10},{"not_picked":["Moonworks:SakisCookie","Moonworks:BeyondHell"],"picked":"Moonworks:Heat300Percent","floor":11},{"not_picked":["Moonworks:ReproductionOfRecords","Moonworks:DeployBits"],"picked":"Moonworks:CloudOfSeagulls","floor":12},{"not_picked":["Moonworks:RagingMadness","Moonworks:RedAndBlue"],"picked":"Moonworks:JonathanRush","floor":13},{"not_picked":["Moonworks:EvilMastermind","Moonworks:AccelHyper"],"picked":"Moonworks:GoAway","floor":16},{"not_picked":["Moonworks:TreasureThief+1","Moonworks:Assault"],"picked":"Moonworks:BackdoorTrade","floor":18},{"not_picked":["Moonworks:LulusLuckyEgg","Moonworks:UnpaidWork"],"picked":"Moonworks:NicePresent","floor":24},{"not_picked":["Moonworks:CloudOfSeagulls","Moonworks:TreasureThief"],"picked":"Moonworks:DeployBits","floor":27},{"not_picked":["Moonworks:NicePresent","Moonworks:Assault"],"picked":"Moonworks:SakisCookie+1","floor":28},{"not_picked":["Moonworks:IndiscriminateFireSupport","Moonworks:BigMagnum"],"picked":"Moonworks:SakisCookie","floor":30},{"not_picked":["Moonworks:JonathanRush+1","Moonworks:IndiscriminateFireSupport+1"],"picked":"Moonworks:ReflectiveShell","floor":31}],"player_experience":229681,"relics_obtained":[{"floor":9,"key":"Nunchaku"},{"floor":11,"key":"Anchor"},{"floor":26,"key":"Potion Belt"},{"floor":30,"key":"Bronze Scales"}],"event_choices":[{"damage_healed":0,"gold_gain":175,"player_choice":"AGREE","damage_taken":0,"max_hp_gain":0,"max_hp_loss":0,"event_name":"Liars Game","floor":3,"gold_loss":0,"cards_obtained":["Doubt"]},{"cards_removed":["Doubt"],"damage_healed":0,"gold_gain":0,"player_choice":"Card Removal","damage_taken":7,"max_hp_gain":0,"max_hp_loss":0,"event_name":"Golden Wing","floor":4,"gold_loss":0},{"damage_healed":0,"gold_gain":0,"player_choice":"Upgraded","damage_taken":0,"max_hp_gain":0,"max_hp_loss":0,"event_name":"Upgrade Shrine","floor":5,"gold_loss":0,"cards_upgraded":["Moonworks:Ambush"]},{"damage_healed":0,"gold_gain":0,"player_choice":"Ignored","damage_taken":0,"max_hp_gain":0,"max_hp_loss":0,"event_name":"Vampires","floor":19,"gold_loss":0},{"damage_healed":0,"gold_gain":0,"player_choice":"Stole Relic","damage_taken":0,"relics_obtained":["Lantern"],"max_hp_gain":0,"max_hp_loss":0,"event_name":"Addict","floor":20,"gold_loss":0,"cards_obtained":["Shame"]},{"cards_removed":["Shame"],"damage_healed":0,"gold_gain":0,"player_choice":"Offered Curse","damage_taken":0,"relics_obtained":["Spirit Poop"],"max_hp_gain":0,"max_hp_loss":0,"event_name":"Bonfire Elementals","floor":22,"gold_loss":0}],"is_beta":false,"boss_relics":[{"not_picked":["Fusion Hammer","Tiny House"],"picked":"Runic Pyramid"}],"items_purged_floors":[],"is_endless":false,"potions_floor_spawned":[1,7,11,12,24,27,30],"killed_by":"Automaton","ascension_level":0}}