{"host":"fkig9nrckec4xsh0","time":1610934484,"event":{"mods":["BaseMod","Colored Map","Minty Spire (QoL Compilation)","Quick Restart","Replay The Spire","StSLib"],"gold_per_floor":[118,118,118,129,129,158,158,186,237,237,250,250,48,68,68,141,141,157,157,174,174,184,210,26,60,60,60,77,88,121,135,135,211,211,223,248,262,262,276,276,69,101,101,127,0,0,32,32,32,32],"floor_reached":51,"language":"ENG","playtime":2765,"items_purged":["Normality","Strike_R"],"score":1477,"play_id":"2bfd09c3-e0ba-412b-bf3e-330090d3741d","local_time":"20210117204804","is_ascension_mode":true,"campfire_choices":[{"data":"Disarm","floor":7,"key":"SMITH"},{"data":"Dark Embrace","floor":10,"key":"SMITH"},{"data":"Body Slam","floor":15,"key":"SMITH"},{"data":"Dark Embrace","floor":27,"key":"SMITH"},{"floor":32,"key":"REST"},{"data":"ReplayTheSpireMod:Uncanny Aura","floor":40,"key":"SMITH"},{"data":"Havoc","floor":49,"key":"SMITH"}],"circlet_count":0,"master_deck":["AscendersBane","Strike_R+1","Strike_R","Strike_R","Defend_R","Defend_R","Defend_R+1","Bash","Sword Boomerang+1","Disarm+1","Headbutt","Dark Embrace+1","Self Repair+1","True Grit","Body Slam+1","ReplayTheSpireMod:Omega Cannon","Reckless Charge+1","Pommel Strike","Havoc+1","Reckless Charge","Dark Embrace+1","Combust","Feel No Pain+1","Shockwave","Evolve+1","Demon Form+1","Demon Form+1","AbeCurse","True Grit","True Grit","ReplayTheSpireMod:Uncanny Aura+1","Dramatic Entrance","Warcry","ReplayTheSpireMod:Brewmster+1","Reckless Charge","Life Link+1","Voices"],"relics":["NeowsBlessing","Bag of Marbles","Pet Ghost","Blood Vial","Iron Core","ReplayTheSpireMod:CursedCoin","Anchor","Mark of Pain","Self Forming Clay","FossilizedHelix","Frozen Egg 2","HornCleat","Abe\u0027s Treasure","TungstenRod","Durian","Replay:Rubber Ducky","Strawberry","Red Mask","Art of War","Ring of Hypnosis"],"acts_visited":["Exordium","TheCity","TheBeyond"],"potions_floor_usage":[8,16,23,25,42,42,42,44,44,44,47,47,50,50],"damage_taken":[{"damage":0,"enemies":"Jaw Worm","floor":1,"turns":1},{"damage":0,"enemies":"2 Louse","floor":4,"turns":1},{"damage":0,"enemies":"Lagavulin","floor":6,"turns":1},{"damage":24,"enemies":"Gremlin Nob","floor":8,"turns":4},{"damage":5,"enemies":"Small Slimes","floor":11,"turns":4},{"damage":5,"enemies":"Looter","floor":14,"turns":3},{"damage":47,"enemies":"Hexaghost","floor":16,"turns":13},{"damage":0,"enemies":"3 Byrds","floor":18,"turns":3},{"damage":25,"enemies":"Spheric Guardian","floor":20,"turns":5},{"damage":31,"enemies":"Snake Plant","floor":22,"turns":4},{"damage":0,"enemies":"Gremlin Leader","floor":23,"turns":6},{"damage":27,"enemies":"Book of Stabbing","floor":25,"turns":4},{"damage":12,"enemies":"Centurion and Healer","floor":28,"turns":5},{"damage":18,"enemies":"Shelled Parasite and Fungi","floor":29,"turns":5},{"damage":33,"enemies":"Gremlin Leader","floor":30,"turns":7},{"damage":17,"enemies":"Chosen and Byrds","floor":31,"turns":5},{"damage":39,"enemies":"Automaton","floor":33,"turns":9},{"damage":21,"enemies":"3 Shapes","floor":35,"turns":5},{"damage":4,"enemies":"Mind Bloom Boss Battle","floor":36,"turns":6},{"damage":16,"enemies":"3 Darklings","floor":37,"turns":3},{"damage":6,"enemies":"Jaw Worm Horde","floor":39,"turns":4},{"damage":0,"enemies":"Giant Head","floor":42,"turns":5},{"damage":0,"enemies":"R_Hoarder","floor":44,"turns":6},{"damage":0,"enemies":"Nemesis","floor":47,"turns":5},{"damage":0,"enemies":"Replay:Hell Engine","floor":50,"turns":7}],"seed_played":"-135803492867344448","potions_obtained":[{"floor":4,"key":"Weak Potion"},{"floor":8,"key":"SpeedPotion"},{"floor":14,"key":"Venom Potion"},{"floor":20,"key":"PowerPotion"},{"floor":23,"key":"SpeedPotion"},{"floor":28,"key":"Dexterity Potion"},{"floor":29,"key":"SpeedPotion"},{"floor":33,"key":"Fire Potion"},{"floor":37,"key":"Strength Potion"},{"floor":39,"key":"Swift Potion"},{"floor":47,"key":"DistilledChaos"}],"is_trial":false,"path_per_floor":["M","?","?","M","?","E","R","E","T","R","M","?","$","M","R","B",null,"M","?","M","?","M","E","$","E","T","R","M","M","E","M","R","B",null,"M","?","M","?","M","R","$","E","T","E","?","$","E","?","R_BF","B",null],"character_chosen":"IRONCLAD","items_purchased":["ReplayTheSpireMod:CursedCoin","True Grit","Combust","Anchor","Dark Embrace","ReplayTheSpireMod:Brewmster+1"],"campfire_rested":1,"item_purchase_floors":[13,13,13,13,24,41],"current_hp_per_floor":[74,74,51,57,50,56,56,38,38,38,41,41,41,48,48,13,60,72,72,59,75,54,66,66,51,51,51,51,45,24,19,41,14,60,51,59,55,51,47,47,47,64,64,83,83,83,87,87,87,87],"gold":32,"neow_bonus":"THREE_ENEMY_KILL","is_daily":false,"chose_seed":false,"campfire_upgraded":6,"win_rate":0.0,"timestamp":1610934484,"path_taken":["M","?","?","M","?","E","R","E","T","R","M","?","$","M","R","BOSS","M","?","?","?","?","E","?","E","T","R","M","M","E","M","R","BOSS","M","?","M","?","M","R","$","E","T","E","?","?","E","?","R_BF","BOSS"],"items_purchased_type":["Relic","Card","Card","Relic","Card","Card"],"build_version":"2020-12-22","purchased_purges":2,"victory":true,"max_hp_per_floor":[75,75,75,75,75,75,75,75,75,75,75,75,75,75,75,75,75,75,75,75,75,75,75,75,75,75,75,75,75,75,75,75,75,75,75,75,75,75,75,75,75,80,80,87,87,87,87,87,87,87],"card_choices":[{"not_picked":["Dropkick","Armaments"],"picked":"Sword Boomerang","floor":1},{"not_picked":["Headbutt","Body Slam"],"picked":"Disarm","floor":4},{"not_picked":["Sword Boomerang","Bloodletting"],"picked":"Headbutt","floor":6},{"not_picked":["Wild Strike","Body Slam"],"picked":"Dark Embrace","floor":8},{"not_picked":["Iron Wave","Thunderclap","Armaments"],"picked":"SKIP","floor":11},{"not_picked":["Eclipse","Anger"],"picked":"Body Slam","floor":14},{"not_picked":["Eclipse","Double Tap"],"picked":"ReplayTheSpireMod:Omega Cannon","floor":16},{"not_picked":["Body Slam","Flex"],"picked":"Reckless Charge+1","floor":18},{"not_picked":["Headbutt","Twin Strike","Heavy Blade+1"],"picked":"SKIP","floor":20},{"not_picked":["Run Through+1","Anger"],"picked":"Havoc","floor":22},{"not_picked":["Havoc","Clothesline"],"picked":"Reckless Charge","floor":23},{"not_picked":["Clash","Iron Wave"],"picked":"Combust","floor":25},{"not_picked":["Twin Strike","Cleave"],"picked":"Feel No Pain+1","floor":28},{"not_picked":["Pommel Strike+1","Flex"],"picked":"Shockwave","floor":29},{"not_picked":["Havoc+1","Power Through"],"picked":"Evolve+1","floor":30},{"not_picked":["Shrug It Off","ReplayTheSpireMod:LeadingStrike"],"picked":"Demon Form+1","floor":31},{"not_picked":["Immolate","Berserk+1"],"picked":"Demon Form+1","floor":33},{"not_picked":["Run Through+1","Perfected Strike"],"picked":"True Grit","floor":35},{"not_picked":["Shrug It Off","Heavy Blade"],"picked":"True Grit","floor":36},{"not_picked":["Defy Death","Clothesline+1","Headbutt"],"picked":"SKIP","floor":37},{"not_picked":["Trip","ReplayTheSpireMod:Necrogeddon"],"picked":"ReplayTheSpireMod:Uncanny Aura","floor":38},{"not_picked":["Madness","Blind"],"picked":"Dramatic Entrance","floor":38},{"not_picked":["Perfected Strike","Cleave+1"],"picked":"Warcry","floor":39},{"not_picked":["Flame Barrier","Blood for Blood+1"],"picked":"Reckless Charge","floor":42},{"not_picked":["Anger","Carnage","Twin Strike+1"],"picked":"SKIP","floor":44},{"not_picked":["Pummel","ReplayReversal"],"picked":"Life Link+1","floor":47}],"player_experience":342910,"relics_obtained":[{"floor":6,"key":"Bag of Marbles"},{"floor":8,"key":"Pet Ghost"},{"floor":9,"key":"Blood Vial"},{"floor":23,"key":"Self Forming Clay"},{"floor":25,"key":"FossilizedHelix"},{"floor":26,"key":"Frozen Egg 2"},{"floor":30,"key":"HornCleat"},{"floor":36,"key":"TungstenRod"},{"floor":42,"key":"Durian"},{"floor":43,"key":"Replay:Rubber Ducky"},{"floor":44,"key":"Strawberry"},{"floor":47,"key":"Art of War"},{"floor":48,"key":"Ring of Hypnosis"}],"event_choices":[{"damage_healed":0,"gold_gain":0,"player_choice":"Grow","damage_taken":0,"max_hp_gain":0,"max_hp_loss":0,"event_name":"Living Wall","floor":2,"gold_loss":0,"cards_upgraded":["Sword Boomerang"]},{"damage_healed":0,"gold_gain":0,"player_choice":"Entered Light","damage_taken":23,"max_hp_gain":0,"max_hp_loss":0,"event_name":"Shining Light","floor":3,"gold_loss":0,"cards_upgraded":["Strike_R","Defend_R"]},{"cards_removed":["Strike_R"],"damage_healed":0,"gold_gain":0,"player_choice":"Card Removal","damage_taken":7,"max_hp_gain":0,"max_hp_loss":0,"event_name":"Golden Wing","floor":5,"gold_loss":0},{"damage_healed":0,"gold_gain":0,"cards_transformed":["Defend_R"],"player_choice":"Transformed","damage_taken":0,"max_hp_gain":0,"max_hp_loss":0,"event_name":"Transmorgrifier","floor":19,"gold_loss":0,"cards_obtained":["Pommel Strike"]},{"cards_removed":["Combust"],"damage_healed":16,"gold_gain":0,"player_choice":"Offered Uncommon","damage_taken":0,"max_hp_gain":0,"max_hp_loss":0,"event_name":"Bonfire Elementals","floor":21,"gold_loss":0},{"damage_healed":0,"gold_gain":0,"player_choice":"Fight","damage_taken":0,"max_hp_gain":0,"max_hp_loss":0,"event_name":"MindBloom","floor":36,"gold_loss":0},{"damage_healed":0,"gold_gain":0,"player_choice":"Memory 2","damage_taken":5,"max_hp_gain":0,"max_hp_loss":0,"event_name":"SensoryStone","floor":38,"gold_loss":0},{"damage_healed":0,"gold_gain":0,"player_choice":"Paid","damage_taken":0,"relics_obtained":["Red Mask"],"max_hp_gain":0,"max_hp_loss":0,"event_name":"Tomb of Lord Red Mask","floor":45,"gold_loss":127}],"is_beta":false,"boss_relics":[{"not_picked":["Pandora\u0027s Box","Philosopher\u0027s Stone"],"picked":"Mark of Pain"},{"not_picked":["Fusion Hammer","Snecko Eye"],"picked":"Abe\u0027s Treasure"}],"items_purged_floors":[13,24],"is_endless":false,"potions_floor_spawned":[4,8,14,20,23,28,29,33,37,39,47],"ascension_level":18}}