{"host":"xp5rvh2jwe2ejyfm","time":1610982758,"event":{"mods":["BaseMod","Hermit","Minty Spire (QoL Compilation)","Replay The Spire","StSLib","The Construct","The Cursed","The Disciple","The Hierophant","The Necromancer","The Runesmith"],"gold_per_floor":[112,112,123,141,154,179,179,205,276,276,308,318,30,30,30,30,30],"floor_reached":16,"language":"ENG","playtime":615,"items_purged":[],"score":110,"play_id":"954054c1-940b-439f-8c2a-1693284f1793","local_time":"20210118101238","is_ascension_mode":false,"campfire_choices":[{"floor":7,"key":"REST"},{"floor":15,"key":"REST"}],"circlet_count":0,"master_deck":["TheCursedMod:Strike_TheCursed","TheCursedMod:Strike_TheCursed","TheCursedMod:Strike_TheCursed","TheCursedMod:Strike_TheCursed+1","TheCursedMod:Defend_TheCursed","TheCursedMod:Defend_TheCursed","TheCursedMod:Defend_TheCursed","TheCursedMod:Defend_TheCursed","TheCursedMod:CursedWand","TheCursedMod:CleanUpWorkshop","TheCursedMod:Dregs","TheCursedMod:Torture","TheCursedMod:Torture","TheCursedMod:CursedWand+1","TheCursedMod:SpreadPlague","TheCursedMod:HellfireBreathing","TheCursedMod:SpitefulPlan","TheCursedMod:Mangle","TheCursedMod:SpitefulStrike","TheCursedMod:CircleOfFlame","TheCursedMod:TroublousMinions","TheCursedMod:RavingStaff+1"],"relics":["TheCursedMod:BlackMagic101","Whetstone","Orichalcum","TheCursedMod:BloodyHarpoon","Replay:Rubber Ducky","Darkstone Periapt"],"acts_visited":["Exordium"],"potions_floor_usage":[5,6,11,16],"damage_taken":[{"damage":14,"enemies":"2 Louse","floor":1,"turns":2},{"damage":1,"enemies":"Cultist","floor":3,"turns":4},{"damage":15,"enemies":"Jaw Worm","floor":4,"turns":4},{"damage":16,"enemies":"Large Slime","floor":5,"turns":5},{"damage":24,"enemies":"Lagavulin","floor":6,"turns":7},{"damage":25,"enemies":"3 Sentries","floor":11,"turns":6},{"damage":0,"enemies":"2 Fungi Beasts","floor":12,"turns":5},{"damage":24,"enemies":"Slime Boss","floor":16,"turns":7}],"seed_played":"-8828745925000636507","potions_obtained":[{"floor":4,"key":"DistilledChaos"},{"floor":5,"key":"Block Potion"},{"floor":6,"key":"DistilledChaos"},{"floor":12,"key":"ColorlessPotion"}],"is_trial":false,"path_per_floor":["M","?","M","M","M","E","R","T","T","?","E","M","$","?","R","B"],"character_chosen":"THE_CURSED","items_purchased":["Darkstone Periapt","TheCursedMod:RavingStaff+1"],"campfire_rested":2,"item_purchase_floors":[13,13],"current_hp_per_floor":[61,61,60,45,29,5,27,27,27,27,2,2,2,2,24,0,0],"gold":30,"neow_bonus":"THREE_CARDS","is_daily":false,"chose_seed":false,"campfire_upgraded":0,"win_rate":0.0,"timestamp":1610982758,"path_taken":["M","?","M","M","?","E","R","?","T","?","E","M","$","?","R","BOSS"],"items_purchased_type":["Relic","Card"],"build_version":"2020-12-22","purchased_purges":0,"victory":false,"max_hp_per_floor":[75,75,75,75,75,75,75,75,75,75,75,75,75,75,75,75,75],"card_choices":[{"not_picked":["TheCursedMod:FleshFromBone","TheCursedMod:SpitefulStrike"],"picked":"TheCursedMod:Torture","floor":0},{"not_picked":["TheCursedMod:SurpriseAttack","TheCursedMod:FleshFromBone"],"picked":"TheCursedMod:Torture","floor":1},{"not_picked":["TheCursedMod:TacticalStrike","TheCursedMod:Hemoplague"],"picked":"TheCursedMod:HellfireBreathing","floor":3},{"not_picked":["TheCursedMod:SmokeScreen","TheCursedMod:PrepareRite"],"picked":"TheCursedMod:SpitefulPlan","floor":4},{"not_picked":["TheCursedMod:CursedAmulet","TheCursedMod:TroublousMinions"],"picked":"TheCursedMod:Mangle","floor":5},{"not_picked":["TheCursedMod:Stretching","TheCursedMod:BlessingInDisguise"],"picked":"TheCursedMod:SpitefulStrike","floor":6},{"not_picked":["TheCursedMod:Neurasthenia","TheCursedMod:StingEye"],"picked":"TheCursedMod:CircleOfFlame","floor":11},{"not_picked":["TheCursedMod:FleshFromBone","TheCursedMod:Wield"],"picked":"TheCursedMod:TroublousMinions","floor":12}],"player_experience":219745,"relics_obtained":[{"floor":6,"key":"Whetstone"},{"floor":8,"key":"Orichalcum"},{"floor":9,"key":"TheCursedMod:BloodyHarpoon"},{"floor":11,"key":"Replay:Rubber Ducky"}],"event_choices":[{"damage_healed":0,"gold_gain":0,"player_choice":"2 cards matched","damage_taken":0,"max_hp_gain":0,"max_hp_loss":0,"event_name":"Match and Keep!","floor":2,"gold_loss":0,"cards_obtained":["TheCursedMod:CursedWand","TheCursedMod:SpreadPlague"]},{"damage_healed":0,"gold_gain":0,"player_choice":"Fled","damage_taken":0,"max_hp_gain":0,"max_hp_loss":0,"event_name":"Scrap Ooze","floor":10,"gold_loss":0},{"damage_healed":0,"gold_gain":0,"player_choice":"Ignored","damage_taken":0,"max_hp_gain":0,"max_hp_loss":0,"event_name":"Shining Light","floor":14,"gold_loss":0}],"is_beta":false,"boss_relics":[],"items_purged_floors":[],"is_endless":false,"potions_floor_spawned":[4,5,6,12],"killed_by":"Slime Boss","ascension_level":0}}