{"host":"ci7cmvrwpmzqnw7e","time":1610954953,"event":{"mods":["BaseMod","BetterRewards","Colored Map","Googly Eyes","Highlight Path","Kratos Character Expansion","Minty Spire (QoL Compilation)","Random Character Button","Rare Cards Sparkle","Shop Mod","StSLib","The Saiyan","The Senshi","The Wild Card","????"],"gold_per_floor":[149,149,149,165,115,115,125,125,148,148,168,185,200,55,55,158,158,175,135,150,75,92,92,108,126,149,149,149,162,67,84,84,183,183,199,199,212,0,47,47,47,47,47,81,81,94,109,127,127,127],"floor_reached":51,"language":"ENG","playtime":1272,"items_purged":["KratosMod:Strike_K"],"score":694,"play_id":"87b81629-0270-4e17-92da-7031bc529a4e","local_time":"20210118002913","is_ascension_mode":false,"campfire_choices":[{"data":"KratosMod:Tempor","floor":6,"key":"SMITH"},{"data":"KratosMod:SmashStone","floor":8,"key":"SMITH"},{"data":"KratosMod:Roll","floor":10,"key":"SMITH"},{"data":"KratosMod:blades","floor":15,"key":"SMITH"},{"data":"KratosMod:Revenge","floor":23,"key":"SMITH"},{"data":"KratosMod:clawsofhades","floor":28,"key":"SMITH"},{"data":"Flash of Steel","floor":32,"key":"SMITH"},{"data":"KratosMod:kBerserk","floor":40,"key":"SMITH"},{"data":"KratosMod:Endure","floor":41,"key":"SMITH"},{"data":"KratosMod:Revenge","floor":49,"key":"SMITH"}],"circlet_count":0,"master_deck":["KratosMod:Strike_K","KratosMod:Strike_K","KratosMod:Defend_K","KratosMod:Defend_K","KratosMod:Defend_K+1","KratosMod:Defend_K","KratosMod:cyclone","KratosMod:AthenaBane","KratosMod:Endure+1","KratosMod:cyclone+1","KratosMod:Roll+1","KratosMod:Tempor+1","KratosMod:SmashStone+1","KratosMod:clawsofhades+1","KratosMod:blades+1","KratosMod:Revenge+1","Flash of Steel+1","CurseOfTheBell","KratosMod:Revenge+1"],"relics":["KratosMod:eagle","NeowsBlessing","Bag of Preparation","Odd Mushroom","Runic Dome","Nunchaku","Art of War","Calling Bell","PreservedInsect","PlaceholderMod:SoulofChaos","Pocketwatch","Red Mask","WingedGreaves","Gremlin Horn","theSenshi:FeatherClipsRelic"],"acts_visited":["Exordium","TheCity","TheBeyond"],"potions_floor_usage":[16,33,50,50,50],"damage_taken":[{"damage":0,"enemies":"Jaw Worm","floor":1,"turns":1},{"damage":0,"enemies":"Cultist","floor":4,"turns":1},{"damage":0,"enemies":"2 Louse","floor":7,"turns":1},{"damage":6,"enemies":"The Mushroom Lair","floor":11,"turns":3},{"damage":0,"enemies":"2 Fungi Beasts","floor":12,"turns":4},{"damage":20,"enemies":"Red Slaver","floor":13,"turns":5},{"damage":22,"enemies":"Slime Boss","floor":16,"turns":6},{"damage":10,"enemies":"Spheric Guardian","floor":18,"turns":4},{"damage":12,"enemies":"Chosen","floor":20,"turns":5},{"damage":0,"enemies":"3 Cultists","floor":22,"turns":2},{"damage":8,"enemies":"Snecko","floor":24,"turns":4},{"damage":11,"enemies":"Snake Plant","floor":25,"turns":4},{"damage":0,"enemies":"Sentry and Sphere","floor":29,"turns":4},{"damage":6,"enemies":"Centurion and Healer","floor":31,"turns":3},{"damage":21,"enemies":"Champ","floor":33,"turns":7},{"damage":19,"enemies":"3 Darklings","floor":35,"turns":3},{"damage":0,"enemies":"Orb Walker","floor":37,"turns":2},{"damage":41,"enemies":"2 Orb Walkers","floor":39,"turns":4},{"damage":9,"enemies":"Giant Head","floor":44,"turns":4},{"damage":22,"enemies":"Sphere and 2 Shapes","floor":46,"turns":2},{"damage":32,"enemies":"Maw","floor":47,"turns":4},{"damage":0,"enemies":"3 Darklings","floor":48,"turns":2},{"damage":30,"enemies":"Awakened One","floor":50,"turns":4}],"seed_played":"-7240093438396981954","potions_obtained":[{"floor":1,"key":"Dexterity Potion"},{"floor":11,"key":"SteroidPotion"},{"floor":13,"key":"Regen Potion"},{"floor":24,"key":"Energy Potion"},{"floor":25,"key":"EssenceOfSteel"},{"floor":29,"key":"Swift Potion"},{"floor":39,"key":"FearPotion"},{"floor":46,"key":"PowerPotion"},{"floor":48,"key":"PlaceholderMod:PlaceholderPotion"}],"is_trial":false,"path_per_floor":["M","$","?","M","?","R","M","R","T","R","?","M","M","$","R","B",null,"M","?","M","$","M","R","M","M","T","?","R","M","$","M","R","B",null,"M","?","M","?","?","R","R","?","T","E","$","M","M","M","R","B",null],"character_chosen":"KRATOS","items_purchased":["KratosMod:blades","Flash of Steel"],"campfire_rested":0,"item_purchase_floors":[14,30],"current_hp_per_floor":[60,60,60,60,60,60,60,60,60,60,60,60,40,40,40,46,60,58,58,48,48,60,60,60,60,60,60,60,60,60,54,54,60,60,60,60,60,63,59,59,59,62,62,69,69,53,68,72,72,72],"gold":127,"neow_bonus":"THREE_ENEMY_KILL","is_daily":false,"chose_seed":false,"campfire_upgraded":10,"win_rate":0.0,"timestamp":1610954953,"path_taken":["M","$","?","?","?","R","M","R","T","R","?","M","M","$","R","BOSS","M","?","M","$","M","R","M","?","T","?","R","?","$","M","R","BOSS","M","?","M","?","?","R","R","?","T","E","$","M","?","M","R","BOSS"],"items_purchased_type":["Card","Card"],"build_version":"2020-12-22","purchased_purges":1,"victory":true,"max_hp_per_floor":[60,60,60,60,60,60,60,60,60,60,60,60,60,60,60,60,60,60,60,60,60,60,60,60,60,60,60,60,60,60,60,60,60,60,60,60,60,63,66,66,66,69,69,69,69,69,72,72,72,72],"card_choices":[{"not_picked":["KratosMod:conjuresoul","KratosMod:settle"],"picked":"KratosMod:Endure","floor":1},{"not_picked":["KratosMod:ShieldBash","KratosMod:conjuresoul"],"picked":"KratosMod:Tempor","floor":4},{"not_picked":["KratosMod:conjuresoul","KratosMod:Roll"],"picked":"KratosMod:SmashStone","floor":7},{"not_picked":["KratosMod:Tempor","KratosMod:ShieldBash","KratosMod:rattle"],"picked":"SKIP","floor":12},{"not_picked":["KratosMod:rattle","KratosMod:conjuresoul"],"picked":"KratosMod:clawsofhades","floor":13},{"not_picked":["KratosMod:ablockalypse","KratosMod:tartarusrage"],"picked":"KratosMod:Revenge","floor":16},{"not_picked":["KratosMod:Endure","KratosMod:ShieldBash","KratosMod:Roll"],"picked":"SKIP","floor":18},{"not_picked":["KratosMod:Tempor","KratosMod:ShieldBash","KratosMod:Endure"],"picked":"SKIP","floor":20},{"not_picked":["KratosMod:Endure+1","KratosMod:rattle","KratosMod:conjuresoul"],"picked":"SKIP","floor":22},{"not_picked":["KratosMod:ShieldBash","KratosMod:conjuresoul+1","KratosMod:rattle+1"],"picked":"SKIP","floor":24},{"not_picked":["KratosMod:clawsofhades","KratosMod:Tempor","KratosMod:Roll"],"picked":"SKIP","floor":25},{"not_picked":["KratosMod:Roll","KratosMod:Endure+1","KratosMod:conjuresoul"],"picked":"SKIP","floor":29},{"not_picked":["KratosMod:Roll","KratosMod:conjuresoul","KratosMod:clawsofhades"],"picked":"SKIP","floor":31},{"not_picked":["KratosMod:tartarusrage","KratosMod:styx"],"picked":"KratosMod:kBerserk","floor":33},{"not_picked":["KratosMod:Roll","KratosMod:conjuresoul","KratosMod:rattle+1"],"picked":"SKIP","floor":35},{"not_picked":["KratosMod:conjuresoul","KratosMod:settle+1","KratosMod:rattle+1"],"picked":"SKIP","floor":37},{"not_picked":["KratosMod:rattle","KratosMod:clawsofhades+1","KratosMod:settle"],"picked":"SKIP","floor":44},{"not_picked":["KratosMod:Endure+1","KratosMod:conjuresoul"],"picked":"KratosMod:Revenge","floor":46},{"not_picked":["KratosMod:BladeWhip","KratosMod:Roll","KratosMod:settle+1"],"picked":"SKIP","floor":47},{"not_picked":["KratosMod:rattle","KratosMod:SmashStone+1","KratosMod:Roll+1"],"picked":"SKIP","floor":48}],"player_experience":46265,"relics_obtained":[{"floor":9,"key":"Bag of Preparation"},{"floor":11,"key":"Odd Mushroom"},{"floor":26,"key":"Nunchaku"},{"floor":34,"key":"PreservedInsect"},{"floor":34,"key":"PlaceholderMod:SoulofChaos"},{"floor":34,"key":"Pocketwatch"},{"floor":39,"key":"WingedGreaves"},{"floor":43,"key":"Gremlin Horn"},{"floor":44,"key":"theSenshi:FeatherClipsRelic"}],"event_choices":[{"damage_healed":0,"gold_gain":0,"player_choice":"2 cards matched","damage_taken":0,"max_hp_gain":0,"max_hp_loss":0,"event_name":"Match and Keep!","floor":3,"gold_loss":0,"cards_obtained":["KratosMod:cyclone","KratosMod:Roll"]},{"cards_removed":["KratosMod:Strike_K"],"damage_healed":0,"gold_gain":0,"player_choice":"Card Removal","damage_taken":0,"max_hp_gain":0,"max_hp_loss":0,"event_name":"The Cleric","floor":5,"gold_loss":50},{"damage_healed":0,"gold_gain":0,"player_choice":"Fought Mushrooms","damage_taken":0,"max_hp_gain":0,"max_hp_loss":0,"event_name":"Mushrooms","floor":11,"gold_loss":0},{"damage_healed":0,"gold_gain":0,"player_choice":"Upgraded Two","damage_taken":0,"max_hp_gain":0,"max_hp_loss":0,"event_name":"Designer","floor":19,"gold_loss":40,"cards_upgraded":["KratosMod:Defend_K","KratosMod:cyclone"]},{"damage_healed":0,"gold_gain":0,"player_choice":"Gave Potion","damage_taken":0,"relics_obtained":["Art of War"],"max_hp_gain":0,"max_hp_loss":0,"event_name":"WeMeetAgain","floor":27,"gold_loss":0},{"damage_healed":0,"gold_gain":0,"player_choice":"Max HP","damage_taken":0,"max_hp_gain":0,"max_hp_loss":3,"event_name":"Winding Halls","floor":36,"gold_loss":0},{"damage_healed":0,"gold_gain":0,"player_choice":"Paid","damage_taken":0,"relics_obtained":["Red Mask"],"max_hp_gain":0,"max_hp_loss":0,"event_name":"Tomb of Lord Red Mask","floor":38,"gold_loss":212},{"damage_healed":0,"gold_gain":0,"player_choice":"Fight","damage_taken":0,"max_hp_gain":0,"max_hp_loss":0,"event_name":"Mysterious Sphere","floor":39,"gold_loss":0},{"cards_removed":["KratosMod:kBerserk"],"damage_healed":0,"gold_gain":0,"player_choice":"Removed Power","damage_taken":0,"max_hp_gain":0,"max_hp_loss":0,"event_name":"Falling","floor":42,"gold_loss":0}],"is_beta":false,"boss_relics":[{"not_picked":["Coffee Dripper","Fusion Hammer"],"picked":"Runic Dome"},{"not_picked":["Busted Crown","SacredBark"],"picked":"Calling Bell"}],"items_purged_floors":[21],"is_endless":false,"potions_floor_spawned":[1,11,13,24,25,29,31,39,46,48],"ascension_level":0}}