{"host":"w05x4i13f2m9joq1","time":1610943912,"event":{"mods":["Act Like it!","Bard","BaseMod","Better Altar","Better Match","Better Note","Better Sensory Stone","Better Skull","Better Third Choice","BetterRewards","Colored Map","Colored Powertips","Duelist Mod","GifTheSpireLib","Googly Eyes","Ironclad Rager","Lobotomy","LobotomyExtend","Marisa????????","Minty Spire (QoL Compilation)","Replay The Spire","Spire Birthday Party","StSLib","The Bug Knight","The Construct","The Hierophant","The IronCluck","The Mystic","TheBandit","everything is the same but u backflip on backflip","slay the spire mod where everything is the same but ironclad has a cowboy hat"],"gold_per_floor":[119,44,44,7,22,56,69,264,264,264,279,304,336,6,6,104,104,104,119,119,219,152,152,187,187,187,207,232,232,249,278,278,379,379,395,40,59,59,71,71,71,71],"floor_reached":41,"language":"ENG","playtime":2049,"items_purged":["theDuelist:GravekeeperCurse"],"score":485,"play_id":"6b3d6f40-fa92-420a-a35d-6ae52d047210","local_time":"20210117232512","is_ascension_mode":false,"campfire_choices":[{"floor":15,"key":"REST"},{"data":"construct:GuardCore","floor":23,"key":"SMITH"},{"data":"construct:AttackMode","floor":29,"key":"SMITH"},{"data":"construct:FlakBarrage","floor":32,"key":"SMITH"},{"data":"construct:Autoturret","floor":40,"key":"SMITH"}],"circlet_count":0,"master_deck":["construct:Strike_Gold","construct:Strike_Gold","construct:Strike_Gold+1","construct:Strike_Gold","construct:Strike_Gold","construct:Defend_Gold","construct:Defend_Gold","construct:Defend_Gold","construct:Defend_Gold","construct:Defend_Gold","construct:AttackMode+1","construct:DefenseMode","construct:CripplingShot","construct:Autoturret+1","construct:SuppressiveFire","construct:SweepLaser+1","construct:ShiftStrike+1","construct:ModeShift","construct:Analyze","construct:ScopeCore+1","construct:HammerDown","construct:Tumble","construct:GuardCore+1","construct:PointDefense","construct:SweepLaser+1","construct:FlakBarrage+1","construct:Autoturret+1","construct:HyperBeam","construct:SuppressiveFire+1","construct:HammerDown","construct:HammerDown"],"relics":["construct:Cogwheel","NeowsBlessing","LetterFromLob","Chameleon Ring","Question Card","Bag of Preparation","Vajra","Meat on the Bone","Coffee Dripper","Moonlight_r","ReplayTheSpireMod:CursedCoin","MealTicket","Mango","Oddly Smooth Stone","Replay:Bottled Eggs","Sozu","Singing Bowl"],"acts_visited":["Exordium","TheCity","TheBeyond"],"potions_floor_usage":[16,31,31,33,33],"damage_taken":[{"damage":0,"enemies":"Cultist","floor":1,"turns":1},{"damage":0,"enemies":"Jaw Worm","floor":5,"turns":1},{"damage":0,"enemies":"Lagavulin","floor":6,"turns":1},{"damage":6,"enemies":"2 Louse","floor":7,"turns":2},{"damage":13,"enemies":"Blue Slaver","floor":11,"turns":5},{"damage":26,"enemies":"3 Sentries","floor":13,"turns":5},{"damage":16,"enemies":"The Guardian","floor":16,"turns":6},{"damage":12,"enemies":"Shell Parasite","floor":19,"turns":3},{"damage":43,"enemies":"Slavers","floor":24,"turns":4},{"damage":0,"enemies":"3 Byrds","floor":27,"turns":3},{"damage":25,"enemies":"Centurion and Healer","floor":30,"turns":6},{"damage":31,"enemies":"Book of Stabbing","floor":31,"turns":5},{"damage":18,"enemies":"Collector","floor":33,"turns":4},{"damage":40,"enemies":"3 Darklings","floor":35,"turns":5},{"damage":1,"enemies":"Orb Walker","floor":37,"turns":3},{"damage":24,"enemies":"Sphere and 2 Shapes","floor":39,"turns":5},{"damage":57,"enemies":"Giant Head","floor":41,"turns":6}],"seed_played":"-4841737388589647426","potions_obtained":[{"floor":1,"key":"SteroidPotion"},{"floor":6,"key":"Venom Potion"},{"floor":11,"key":"Adrenaline Potion"},{"floor":13,"key":"Block Potion"},{"floor":27,"key":"Toxic Potion"},{"floor":31,"key":"SteroidPotion"},{"floor":33,"key":"Doom Potion"}],"is_trial":false,"path_per_floor":["M","?","?","$","M","E","M","?","T","?","M","T","E","$","R_BF","B",null,"M","M","?","?","$","R","E","?","T","M","T","R","M","E","R","B",null,"M","$","M","?","M","R","E"],"character_chosen":"THE_CONSTRUCT_MOD","items_purchased":["construct:Autoturret+1","Meat on the Bone","construct:ScopeCore","ReplayTheSpireMod:CursedCoin","construct:GuardCore","construct:PointDefense","Singing Bowl","construct:HammerDown"],"campfire_rested":1,"item_purchase_floors":[4,14,14,22,22,22,36,36],"current_hp_per_floor":[85,85,85,85,85,85,79,58,58,58,45,45,19,19,44,40,85,52,52,57,57,57,57,26,26,40,52,52,52,39,20,20,14,99,59,74,75,75,53,53,0,0],"gold":71,"neow_bonus":"THREE_ENEMY_KILL","is_daily":false,"chose_seed":false,"campfire_upgraded":4,"win_rate":0.0,"timestamp":1610943912,"path_taken":["M","?","?","$","M","E","?","?","T","?","M","?","E","?","R_BF","BOSS","M","M","?","?","$","R","E","?","T","M","?","R","?","E","R","BOSS","M","$","M","?","M","R","E"],"items_purchased_type":["Card","Relic","Card","Relic","Card","Card","Relic","Card"],"build_version":"2020-12-22","purchased_purges":1,"victory":false,"max_hp_per_floor":[85,85,85,85,85,85,85,85,85,85,85,85,85,85,85,85,85,85,85,85,85,85,85,85,85,99,99,99,99,99,99,99,99,99,99,99,101,101,103,103,103,103],"card_choices":[{"not_picked":["construct:PointDefense","construct:VentSteam"],"picked":"construct:Analyze","floor":1},{"not_picked":["construct:ScrapCannon","construct:Forcefield"],"picked":"construct:SuppressiveFire","floor":5},{"not_picked":["construct:Tumble","construct:Antimatter"],"picked":"construct:SweepLaser","floor":6},{"not_picked":["construct:Electrocute","construct:Overcharge"],"picked":"construct:ClusterMines","floor":7},{"not_picked":["construct:VentSteam","construct:Accumulate"],"picked":"construct:ShiftStrike","floor":8},{"not_picked":["construct:PointDefense","construct:HeavyBolt","construct:SyphonStrike"],"picked":"construct:ModeShift","floor":11},{"not_picked":["construct:Enhance","construct:Forcefield","construct:ModeShift"],"picked":"construct:Analyze","floor":13},{"not_picked":["construct:ShieldGenerator","construct:Multistage","construct:GatlingGun"],"picked":"construct:HammerDown","floor":16},{"not_picked":["construct:HeavyBolt","construct:ModeShift","construct:ShiftGuard"],"picked":"construct:Tumble","floor":19},{"not_picked":["construct:Disrupt","construct:ClusterMines","construct:Anticipate+1"],"picked":"construct:SweepLaser+1","floor":24},{"not_picked":["construct:Versatility","construct:Hazardproof","construct:Reinforce","construct:Accumulate"],"picked":"SKIP","floor":27},{"not_picked":["construct:Accumulate","construct:SyphonStrike","construct:Forcefield"],"picked":"construct:FlakBarrage","floor":30},{"not_picked":["construct:SaveState","construct:ScrapCannon","construct:LongRangeLance"],"picked":"construct:Autoturret","floor":31},{"not_picked":["construct:GatlingGun","construct:LongRangeLance","construct:SiegeForm"],"picked":"construct:HyperBeam","floor":33},{"not_picked":["construct:HeavyBolt+1","construct:Analyze","construct:Accumulate"],"picked":"construct:SuppressiveFire+1","floor":35},{"not_picked":["construct:SaveState","construct:Isolate+1","construct:Backfire","construct:ScrapCannon+1"],"picked":"Singing Bowl","floor":37},{"not_picked":["construct:ShiftStrike","construct:Analyze","construct:SyphonStrike+1","construct:Autoturret"],"picked":"Singing Bowl","floor":39}],"player_experience":85136,"relics_obtained":[{"floor":1,"key":"LetterFromLob"},{"floor":6,"key":"Chameleon Ring"},{"floor":9,"key":"Question Card"},{"floor":12,"key":"Bag of Preparation"},{"floor":13,"key":"Vajra"},{"floor":24,"key":"MealTicket"},{"floor":26,"key":"Mango"},{"floor":28,"key":"Oddly Smooth Stone"},{"floor":31,"key":"Replay:Bottled Eggs"}],"event_choices":[{"damage_healed":0,"gold_gain":0,"player_choice":"3","damage_taken":0,"max_hp_gain":0,"max_hp_loss":0,"event_name":"betterMatch:BetterMatch","floor":2,"gold_loss":0,"cards_obtained":[]},{"damage_healed":0,"gold_gain":0,"cards_transformed":["construct:Analyze"],"player_choice":"Transformed","damage_taken":0,"max_hp_gain":0,"max_hp_loss":0,"event_name":"Transmorgrifier","floor":3,"gold_loss":0,"cards_obtained":["construct:CripplingShot"]},{"cards_removed":["construct:ClusterMines"],"damage_healed":5,"gold_gain":0,"player_choice":"Offered Common","damage_taken":0,"max_hp_gain":0,"max_hp_loss":0,"event_name":"Bonfire Elementals","floor":20,"gold_loss":0},{"cards_removed":["construct:ClusterMines"],"damage_healed":5,"gold_gain":0,"player_choice":"Offered Special","damage_taken":0,"max_hp_gain":0,"max_hp_loss":0,"event_name":"Bonfire Elementals","floor":20,"gold_loss":0},{"damage_healed":0,"gold_gain":100,"player_choice":"Pray","damage_taken":0,"max_hp_gain":0,"max_hp_loss":0,"event_name":"Golden Shrine","floor":21,"gold_loss":0},{"damage_healed":0,"gold_gain":0,"player_choice":"Forge","damage_taken":0,"max_hp_gain":0,"max_hp_loss":0,"event_name":"Accursed Blacksmith","floor":25,"gold_loss":0,"cards_upgraded":["construct:SweepLaser"]}],"is_beta":false,"boss_relics":[{"not_picked":["Kintsugi","Velvet Choker"],"picked":"Coffee Dripper"},{"not_picked":["Cursed Key","Abe\u0027s Treasure"],"picked":"Sozu"}],"items_purged_floors":[22],"is_endless":false,"potions_floor_spawned":[1,6,11,13,27,31,33,39],"killed_by":"Giant Head","ascension_level":0}}