{"host":"h4qgcirtxz6qax9j","time":1610981730,"event":{"mods":["AchievementEnabler","BaseMod","Colored Powertips","Hermit","Minty Spire (QoL Compilation)","StSLib","SuperFastMode","The Servant 0.9.4"],"gold_per_floor":[116,90,90,90,115,115,133,148,148,148,166,166,186,186,186,186,186],"floor_reached":16,"language":"KOR","playtime":462,"items_purged":[],"score":101,"play_id":"d0c89275-549e-4f99-ac3e-812d60aaffd3","local_time":"20210118235530","is_ascension_mode":true,"campfire_choices":[{"floor":6,"key":"REST"},{"data":"KidneyShot","floor":10,"key":"SMITH"},{"floor":12,"key":"REST"},{"data":"InstantArmor","floor":15,"key":"SMITH"}],"circlet_count":0,"master_deck":["Strike_S","Strike_S","Strike_S","Strike_S","Defend_S","Defend_S","Defend_S","Defend_S","KidneyShot+1","Exchange","KillingDoll","BottledTime","BottledTime","Starlight","Starlight","InstantArmor+1","Moonlight","Ricochet"],"relics":["Uniform","Golden Idol","Letter Opener","CultistMask"],"acts_visited":["Exordium"],"potions_floor_usage":[16,16,16],"damage_taken":[{"damage":5,"enemies":"Jaw Worm","floor":1,"turns":5},{"damage":5,"enemies":"2 Louse","floor":5,"turns":3},{"damage":0,"enemies":"Cultist","floor":7,"turns":4},{"damage":15,"enemies":"2 Fungi Beasts","floor":8,"turns":5},{"damage":0,"enemies":"Red Slaver","floor":11,"turns":2},{"damage":0,"enemies":"Blue Slaver","floor":13,"turns":3},{"damage":104,"enemies":"The Guardian","floor":16,"turns":12}],"seed_played":"-6393691043093261766","potions_obtained":[{"floor":5,"key":"Regen Potion"},{"floor":7,"key":"EssenceOfSteel"},{"floor":13,"key":"LiquidMemories"}],"is_trial":false,"path_per_floor":["M","$","?","?","M","R","M","M","T","R","M","R","M","?","R","B"],"character_chosen":"THE_SERVANT","items_purchased":["BottledTime"],"campfire_rested":2,"item_purchase_floors":[2],"current_hp_per_floor":[60,60,60,44,39,58,58,43,43,43,43,62,62,62,62,0,0],"gold":186,"neow_bonus":"ONE_RANDOM_RARE_CARD","is_daily":false,"chose_seed":false,"campfire_upgraded":2,"win_rate":0.0,"timestamp":1610981730,"path_taken":["M","$","?","?","M","R","M","M","T","R","M","R","M","?","R","BOSS"],"items_purchased_type":["Card"],"build_version":"2020-12-22","purchased_purges":0,"victory":false,"max_hp_per_floor":[65,65,65,65,65,65,65,65,65,65,65,65,65,65,65,65,65],"card_choices":[{"not_picked":["Defy","Hightail"],"picked":"BottledTime","floor":1},{"not_picked":["Unruled","DoubleEdge"],"picked":"Starlight","floor":5},{"not_picked":["Revamp","BottledTime"],"picked":"Starlight","floor":7},{"not_picked":["Reset","Ricochet"],"picked":"InstantArmor","floor":8},{"not_picked":["Unruled","BottledTime"],"picked":"Moonlight","floor":11},{"not_picked":["Starlight","FastForward"],"picked":"Ricochet","floor":13}],"player_experience":64464,"relics_obtained":[{"floor":9,"key":"Letter Opener"}],"event_choices":[{"damage_healed":0,"gold_gain":0,"player_choice":"Ignored","damage_taken":0,"max_hp_gain":0,"max_hp_loss":0,"event_name":"Liars Game","floor":3,"gold_loss":0},{"damage_healed":0,"gold_gain":0,"player_choice":"Take Damage","damage_taken":16,"relics_obtained":["Golden Idol"],"max_hp_gain":0,"max_hp_loss":0,"event_name":"Golden Idol","floor":4,"gold_loss":0},{"damage_healed":0,"gold_gain":0,"player_choice":"Trade","damage_taken":0,"relics_obtained":["CultistMask"],"max_hp_gain":0,"max_hp_loss":0,"event_name":"FaceTrader","floor":14,"gold_loss":0}],"is_beta":false,"boss_relics":[],"items_purged_floors":[],"is_endless":false,"potions_floor_spawned":[5,7,13],"killed_by":"The Guardian","ascension_level":2}}