{"host":"zxd2l8an9de7z7b9","time":1610984174,"event":{"mods":["100% Spire Juice","2.2 Compatiblity","BaseMod","CapriCore","Colored Map","Colored Powertips","GungeonMod","Minty Spire (QoL Compilation)","Rare Cards Sparkle","Replay The Spire","StSLib","SuperFastMode"],"gold_per_floor":[111,286,304,323,373,373,373,373,401,430,453,99,124,124,148,172,172,296,296,333,432,382,382],"floor_reached":22,"language":"KOR","playtime":955,"items_purged":["Looming Evil","Parasite"],"score":178,"play_id":"1347879e-b6c0-466b-a130-f716365d7d23","local_time":"20210119003614","is_ascension_mode":false,"campfire_choices":[{"data":"DemoMod:RustySidearm","floor":6.0,"key":"SMITH"},{"data":"DemoMod:Purify","floor":14.0,"key":"SMITH"},{"data":"DemoMod:SkilledReload","floor":17.0,"key":"SMITH"}],"circlet_count":0,"master_deck":["DemoMod:Strike_Huntress","DemoMod:Defend_Huntress","DemoMod:Defend_Huntress","DemoMod:Defend_Huntress","DemoMod:Roll","DemoMod:ManualReload","DemoMod:RustySidearm+1","DemoMod:CrossBow","DemoMod:SAA","DemoMod:GunShield","DemoMod:GunstockTap","DemoMod:StickyCrossBow","DemoMod:FinishedGun","Delirium","DemoMod:FortunesFavor","DemoMod:JK47","DemoMod:ShadowBullets","DemoMod:DoubleSwitch","DemoMod:SkilledReload+1","Sickly","Spreading Infection","DemoMod:FightSabre","DemoMod:BlankBullets+1","DemoMod:ShadowBullets+1","DemoMod:SkilledReload+1"],"relics":["DemoMod:Dog","NeowsBlessing","Ring of Greed","ReplayTheSpireMod:Ring of Addiction","Smiling Mask","Replay:Bandana","White Beast Statue","Toy Ornithopter","Dream Catcher","DemoMod:MeatBun","Astrolabe"],"acts_visited":["Exordium","TheCity"],"potions_floor_usage":[20],"damage_taken":[{"damage":0.0,"enemies":"Small Slimes","floor":1.0,"turns":1.0},{"damage":0.0,"enemies":"Jaw Worm","floor":3.0,"turns":2.0},{"damage":0.0,"enemies":"2 Louse","floor":4.0,"turns":1.0},{"damage":9.0,"enemies":"Blue Slaver","floor":9.0,"turns":5.0},{"damage":24.0,"enemies":"2 Fungi Beasts","floor":10.0,"turns":4.0},{"damage":0.0,"enemies":"Exordium Thugs","floor":13.0,"turns":2.0},{"damage":2.0,"enemies":"3 Louse","floor":15.0,"turns":4.0},{"damage":0.0,"enemies":"2 Fungi Beasts","floor":16.0,"turns":2.0},{"damage":32,"enemies":"Slime Boss","floor":18,"turns":10},{"damage":31,"enemies":"Spheric Guardian","floor":20,"turns":5}],"seed_played":"863526943687195770","potions_obtained":[{"floor":4.0,"key":"Elixir"},{"floor":5.0,"key":"Swift Potion"},{"floor":5.0,"key":"Weak Potion"},{"floor":9.0,"key":"SpeedPotion"},{"floor":10.0,"key":"Explosive Potion"},{"floor":15.0,"key":"SmokeBomb"},{"floor":20,"key":"ColorlessPotion"}],"is_trial":false,"path_per_floor":["M","?","M","M","?","R","PTL","PTL","M","M","T","$","M","R","M","M","R","B",null,"M","?","$"],"character_chosen":"HUNTRESS","items_purchased":["DemoMod:MeatBun","DemoMod:FinishedGun"],"campfire_rested":0,"item_purchase_floors":[12,12],"current_hp_per_floor":[70,70,70,70,70,70,70,70,64,40,40,54,54,54,57,57,57,25,66,38,38,38,38],"gold":382,"neow_bonus":"THREE_ENEMY_KILL","is_daily":false,"chose_seed":false,"campfire_upgraded":3,"win_rate":0.0,"timestamp":1610984174,"path_taken":["M","?","M","M","?","R","PTL","PTL","M","M","T","$","M","R","M","M","R","BOSS","M","?","$"],"items_purchased_type":["Relic","Card"],"build_version":"2020-12-22","purchased_purges":2,"victory":false,"max_hp_per_floor":[70,70,70,70,70,70,70,70,68,68,68,68,66,66,66,66,66,66,66,64,64,61,61],"card_choices":[{"not_picked":["DemoMod:ConditionalReflex","DemoMod:FastSwitch"],"picked":"DemoMod:SAA","floor":1.0},{"not_picked":["DemoMod:ConditionalReflex","DemoMod:SAA"],"picked":"DemoMod:GunShield","floor":3.0},{"not_picked":["DemoMod:CursedBullets","DemoMod:Ejector"],"picked":"DemoMod:GunstockTap","floor":4.0},{"not_picked":["DemoMod:ConditionalReflex","DemoMod:TableSutra"],"picked":"DemoMod:StickyCrossBow","floor":9.0},{"not_picked":["DemoMod:CombinedRifle","DemoMod:StickyCrossBow"],"picked":"DemoMod:Purify","floor":10.0},{"not_picked":["DemoMod:SAA","DemoMod:AWP"],"picked":"DemoMod:FortunesFavor","floor":13.0},{"not_picked":["DemoMod:Unmoved","DemoMod:SAA"],"picked":"DemoMod:JK47","floor":13.0},{"not_picked":["DemoMod:MachoBrace","DemoMod:BattleInHaste"],"picked":"DemoMod:ShadowBullets","floor":15.0},{"not_picked":["DemoMod:HardPowerCard","DemoMod:HuntsMan"],"picked":"DemoMod:DoubleSwitch","floor":16.0},{"not_picked":["DemoMod:JK47","DemoMod:BoxingGlove","DemoMod:SkilledReload"],"picked":"SKIP","floor":16.0},{"not_picked":["DemoMod:JK47","DemoMod:BoxingGlove"],"picked":"DemoMod:SkilledReload","floor":16.0},{"not_picked":["DemoMod:Desperate","DemoMod:DarkMarker"],"picked":"DemoMod:FightSabre","floor":18},{"not_picked":["DemoMod:AC15+1","DemoMod:Ejector","DemoMod:FortunesFavor"],"picked":"SKIP","floor":20}],"player_experience":324340,"relics_obtained":[{"floor":5.0,"key":"Ring of Greed"},{"floor":5.0,"key":"ReplayTheSpireMod:Ring of Addiction"},{"floor":5.0,"key":"Smiling Mask"},{"floor":5.0,"key":"Replay:Bandana"},{"floor":5.0,"key":"White Beast Statue"},{"floor":5.0,"key":"Toy Ornithopter"},{"floor":11.0,"key":"Dream Catcher"}],"event_choices":[{"damage_healed":0.0,"max_hp_gain":0.0,"max_hp_loss":0.0,"gold_gain":175.0,"event_name":"Liars Game","player_choice":"AGREE","floor":2.0,"gold_loss":0.0,"damage_taken":0.0,"cards_obtained":["Doubt"]},{"damage_healed":0,"gold_gain":99,"player_choice":"Stole From Cult","damage_taken":0,"max_hp_gain":0,"max_hp_loss":0,"event_name":"Nest","floor":21,"gold_loss":0}],"is_beta":false,"boss_relics":[{"not_picked":["Busted Crown","SlaversCollar"],"picked":"Astrolabe"}],"items_purged_floors":[12,22],"is_endless":false,"potions_floor_spawned":[4,9,10,13,15,16,18,20],"ascension_level":0}}