{"host":"1a3cjta80tad0aqj","time":1610964589,"event":{"mods":["2.2 Compatiblity","AchievementEnabler","BaseMod","Colored Map","DeckTracker","KOR Keyword Fix","Keyboard Shortcuts","Minty Spire (QoL Compilation)","Permanent Neow","Quick Restart","Random Character Button","StSLib","SuperFastMode","everything is the same but u backflip on backflip"],"gold_per_floor":[115,40,40,115,115,156,174,174,174,174,188,223,52,68,68,166,229,243,80,93,8,22,63,63,78,148,148,167,167,190,211,211,305,305,320,234,257,281,56,56,94,94,94,137,160,160,179,22,22,22,22],"floor_reached":50,"language":"KOR","playtime":1776,"items_purged":["Injury","Defend_P"],"score":1118,"play_id":"c1efd2aa-996f-4d41-b7c5-ac63f0791127","local_time":"20210118190949","is_ascension_mode":true,"campfire_choices":[{"data":"Eruption","floor":8.0,"key":"SMITH"},{"data":"SashWhip","floor":10.0,"key":"SMITH"},{"data":"ClearTheMind","floor":15.0,"key":"SMITH"},{"floor":24.0,"key":"REST"},{"data":"Blasphemy","floor":27.0,"key":"SMITH"},{"floor":29.0,"key":"REST"},{"data":"BowlingBash","floor":32.0,"key":"SMITH"},{"data":"Scrawl","floor":40.0,"key":"SMITH"},{"data":"Ragnarok","floor":42.0,"key":"SMITH"},{"floor":49.0,"key":"REST"}],"circlet_count":0,"master_deck":["AscendersBane","Strike_P","Strike_P","Strike_P","Defend_P","Defend_P","Eruption+1","Vigilance","SashWhip+1","ClearTheMind+1","Conclude","Ragnarok+1","Wallop+1","DeusExMachina","Halt+1","MentalFortress","BowlingBash+1","Blasphemy+1","Scrawl+1","EmptyBody+1","FearNoEvil","Adaptation"],"relics":["PureWater","NeowsBlessing","Golden Idol","PreservedInsect","Ornamental Fan","Pen Nib","Bag of Marbles","Tiny House","Omamori","MealTicket","Singing Bowl","Philosopher\u0027s Stone","Potion Belt","StrikeDummy","Regal Pillow","Centennial Puzzle"],"acts_visited":["Exordium","TheCity","TheBeyond"],"potions_floor_usage":[50,50,50,50],"damage_taken":[{"damage":0.0,"enemies":"2 Louse","floor":1.0,"turns":1.0},{"damage":0.0,"enemies":"3 Sentries","floor":6.0,"turns":2.0},{"damage":0.0,"enemies":"Small Slimes","floor":7.0,"turns":1.0},{"damage":0.0,"enemies":"Jaw Worm","floor":11.0,"turns":2.0},{"damage":0.0,"enemies":"Gremlin Nob","floor":12.0,"turns":2.0},{"damage":0.0,"enemies":"3 Louse","floor":14.0,"turns":3.0},{"damage":21.0,"enemies":"The Guardian","floor":16.0,"turns":6.0},{"damage":0.0,"enemies":"2 Thieves","floor":18.0,"turns":2.0},{"damage":8.0,"enemies":"Chosen","floor":20.0,"turns":3.0},{"damage":8.0,"enemies":"Snecko","floor":22.0,"turns":4.0},{"damage":24.0,"enemies":"Book of Stabbing","floor":23.0,"turns":4.0},{"damage":0.0,"enemies":"Sentry and Sphere","floor":25.0,"turns":1.0},{"damage":10.0,"enemies":"Centurion and Healer","floor":28.0,"turns":3.0},{"damage":0.0,"enemies":"3 Cultists","floor":30.0,"turns":3.0},{"damage":9.0,"enemies":"Chosen and Byrds","floor":31.0,"turns":4.0},{"damage":42.0,"enemies":"Collector","floor":33.0,"turns":5.0},{"damage":5.0,"enemies":"3 Darklings","floor":35.0,"turns":2.0},{"damage":12.0,"enemies":"3 Shapes","floor":37.0,"turns":4.0},{"damage":20.0,"enemies":"Spire Growth","floor":38.0,"turns":3.0},{"damage":0.0,"enemies":"Reptomancer","floor":41.0,"turns":3.0},{"damage":15.0,"enemies":"Giant Head","floor":44.0,"turns":6.0},{"damage":5.0,"enemies":"Maw","floor":45.0,"turns":5.0},{"damage":8.0,"enemies":"4 Shapes","floor":47.0,"turns":5.0},{"damage":100056,"enemies":"Time Eater","floor":50,"turns":5}],"seed_played":"-7652340418396370858","potions_obtained":[{"floor":1.0,"key":"Dexterity Potion"},{"floor":11.0,"key":"PowerPotion"},{"floor":12.0,"key":"EssenceOfSteel"},{"floor":14.0,"key":"AttackPotion"},{"floor":16.0,"key":"Explosive Potion"},{"floor":17.0,"key":"LiquidMemories"},{"floor":23.0,"key":"FearPotion"},{"floor":33.0,"key":"Dexterity Potion"},{"floor":35.0,"key":"DuplicationPotion"},{"floor":41.0,"key":"AttackPotion"},{"floor":44.0,"key":"SkillPotion"}],"is_trial":false,"path_per_floor":["M","?","?","?","?","E","M","R","T","R","M","E","$","M","R","B",null,"M","$","M","?","M","E","R","M","T","R","M","R","M","M","R","B",null,"M","$","M","M","$","R","E","R","T","E","M","?","M","$","R","B"],"character_chosen":"WATCHER","items_purchased":["Bag of Marbles","MentalFortress","FearNoEvil","Potion Belt","AttackPotion","FearPotion"],"campfire_rested":3,"item_purchase_floors":[13,19,36,39,39,48],"current_hp_per_floor":[61,61,61,50,43,43,43,43,43,43,43,43,43,43,43,22,62,62,62,54,54,46,22,43,43,43,43,35,57,59,52,52,10,62,57,72,62,44,59,59,59,59,59,46,43,45,39,54,91,0,0],"gold":22,"neow_bonus":"THREE_ENEMY_KILL","is_daily":false,"chose_seed":false,"campfire_upgraded":7,"win_rate":0.0,"timestamp":1610964589,"path_taken":["M","?","?","?","?","E","M","R","T","R","M","E","$","M","R","BOSS","M","$","M","?","M","E","R","M","T","R","M","R","M","M","R","BOSS","M","$","M","M","$","R","E","R","T","E","M","?","M","$","R","BOSS"],"items_purchased_type":["Relic","Card","Card","Relic","Potion","Potion"],"build_version":"2020-12-22","purchased_purges":2,"victory":false,"max_hp_per_floor":[68,68,68,68,68,68,68,68,68,68,68,68,68,68,68,68,73,73,73,73,73,73,73,73,73,73,73,75,75,77,79,79,79,79,79,79,81,83,83,83,83,83,83,85,87,89,91,91,91,91,91],"card_choices":[{"not_picked":["SignatureMove","FlyingSleeves"],"picked":"SashWhip","floor":1.0},{"not_picked":["Protect","Evaluate"],"picked":"ClearTheMind","floor":6.0},{"not_picked":["Worship","PathToVictory"],"picked":"Conclude","floor":7.0},{"not_picked":["PathToVictory","Perseverance","Vengeance"],"picked":"SKIP","floor":11.0},{"not_picked":["Evaluate","Swivel"],"picked":"Ragnarok","floor":12.0},{"not_picked":["Consecrate","ClearTheMind"],"picked":"Wallop","floor":14.0},{"not_picked":["Alpha","ConjureBlade"],"picked":"DeusExMachina","floor":16.0},{"not_picked":["ThirdEye+1","Crescendo"],"picked":"Halt+1","floor":18.0},{"not_picked":["Conclude","JustLucky","FlyingSleeves"],"picked":"SKIP","floor":20.0},{"not_picked":["Halt","Swivel"],"picked":"BowlingBash","floor":22.0},{"not_picked":["WheelKick","Prostrate"],"picked":"Blasphemy","floor":23.0},{"not_picked":["CrushJoints","Collect","Protect+1"],"picked":"SKIP","floor":25.0},{"not_picked":["Pray","WheelKick","SignatureMove"],"picked":"Singing Bowl","floor":28.0},{"not_picked":["Worship","PathToVictory","ClearTheMind"],"picked":"Singing Bowl","floor":30.0},{"not_picked":["CrushJoints","JustLucky","ThirdEye+1"],"picked":"Singing Bowl","floor":31.0},{"not_picked":["Brilliance","Omniscience"],"picked":"Scrawl","floor":33.0},{"not_picked":["Worship","ClearTheMind"],"picked":"EmptyBody+1","floor":35.0},{"not_picked":["Prostrate+1","Protect","Pray"],"picked":"Singing Bowl","floor":37.0},{"not_picked":["Perseverance","EmptyFist+1","Blasphemy"],"picked":"Singing Bowl","floor":38.0},{"not_picked":["Halt+1","Swivel+1"],"picked":"Adaptation","floor":41.0},{"not_picked":["Evaluate","CarveReality","Fasting2"],"picked":"Singing Bowl","floor":44.0},{"not_picked":["Evaluate","Prostrate+1","CutThroughFate"],"picked":"Singing Bowl","floor":45.0},{"not_picked":["Jack Of All Trades","Deep Breath","Metamorphosis"],"picked":"Singing Bowl","floor":46.0},{"not_picked":["BowlingBash","Weave","Wireheading"],"picked":"Singing Bowl","floor":47.0}],"player_experience":744251,"relics_obtained":[{"floor":6.0,"key":"PreservedInsect"},{"floor":9.0,"key":"Ornamental Fan"},{"floor":12.0,"key":"Pen Nib"},{"floor":23.0,"key":"MealTicket"},{"floor":26.0,"key":"Singing Bowl"},{"floor":41.0,"key":"StrikeDummy"},{"floor":43.0,"key":"Regal Pillow"},{"floor":44.0,"key":"Centennial Puzzle"}],"event_choices":[{"cards_removed":["Defend_P"],"damage_healed":0.0,"max_hp_gain":0.0,"max_hp_loss":0.0,"gold_gain":0.0,"event_name":"The Cleric","player_choice":"Card Removal","floor":2.0,"gold_loss":75.0,"damage_taken":0.0},{"damage_healed":0.0,"max_hp_gain":0.0,"max_hp_loss":0.0,"gold_gain":0.0,"event_name":"Golden Idol","player_choice":"Take Wound","floor":3.0,"gold_loss":0.0,"damage_taken":0.0,"relics_obtained":["Golden Idol"],"cards_obtained":["Injury"]},{"damage_healed":0.0,"max_hp_gain":0.0,"max_hp_loss":0.0,"gold_gain":75.0,"event_name":"World of Goop","player_choice":"Gather Gold","floor":4.0,"gold_loss":0.0,"damage_taken":11.0},{"cards_removed":["Strike_P"],"damage_healed":0.0,"max_hp_gain":0.0,"max_hp_loss":0.0,"gold_gain":0.0,"event_name":"Golden Wing","player_choice":"Card Removal","floor":5.0,"gold_loss":0.0,"damage_taken":7.0},{"damage_healed":0.0,"max_hp_gain":0.0,"max_hp_loss":0.0,"gold_gain":0.0,"event_name":"Addict","player_choice":"Obtained Relic","floor":21.0,"gold_loss":85.0,"damage_taken":0.0,"relics_obtained":["Omamori"]},{"damage_healed":0.0,"max_hp_gain":0.0,"max_hp_loss":0.0,"gold_gain":0.0,"event_name":"SensoryStone","player_choice":"Memory 1","floor":46.0,"gold_loss":0.0,"damage_taken":0.0}],"is_beta":false,"boss_relics":[{"not_picked":["Velvet Choker","Busted Crown"],"picked":"Tiny House"},{"not_picked":["Runic Pyramid","Astrolabe"],"picked":"Philosopher\u0027s Stone"}],"items_purged_floors":[19,48],"is_endless":false,"potions_floor_spawned":[1,11,12,14,16,18,23,25,33,35,41,44,45],"killed_by":"Time Eater","ascension_level":16}}