{"host":"y193d0agu1dp5x1y","time":1610948027,"event":{"mods":["AchievementEnabler","BaseMod","Googly Eyes","Minty Spire (QoL Compilation)"],"gold_per_floor":[114,114,114,89,100,100,120,70,70,70,87,117,135,12,12,109,109,121,220,240,88,107,107,107,107,107],"floor_reached":25,"language":"ENG","playtime":922,"items_purged":["Strike_B","Defend_B"],"score":226,"play_id":"e7746f1f-458c-4eb5-8454-3517437f081a","local_time":"20210117233347","is_ascension_mode":false,"campfire_choices":[{"data":"White Noise","floor":6.0,"key":"SMITH"},{"data":"Conserve Battery","floor":10.0,"key":"SMITH"},{"floor":15.0,"key":"REST"},{"data":"Creative AI","floor":24,"key":"SMITH"}],"circlet_count":0,"master_deck":["Strike_B+1","Strike_B","Defend_B","Defend_B","Zap+1","Streamline","White Noise+1","Ball Lightning","Conserve Battery+1","Gash","Creative AI+1","Leap","Capacitor"],"relics":["Empty Cage","White Beast Statue","Orichalcum","Coffee Dripper"],"acts_visited":["Exordium","TheCity"],"potions_floor_usage":[18,20,22,22,25],"damage_taken":[{"damage":2.0,"enemies":"2 Louse","floor":1.0,"turns":4.0},{"damage":2.0,"enemies":"Small Slimes","floor":5.0,"turns":3.0},{"damage":3.0,"enemies":"Jaw Worm","floor":7.0,"turns":3.0},{"damage":10.0,"enemies":"Exordium Thugs","floor":11.0,"turns":3.0},{"damage":0.0,"enemies":"Lagavulin","floor":12.0,"turns":5.0},{"damage":14.0,"enemies":"Exordium Wildlife","floor":13.0,"turns":4.0},{"damage":20.0,"enemies":"Slime Boss","floor":16.0,"turns":7.0},{"damage":11,"enemies":"Chosen","floor":18,"turns":5},{"damage":15,"enemies":"Spheric Guardian","floor":20,"turns":4},{"damage":12,"enemies":"Centurion and Healer","floor":22,"turns":4},{"damage":73,"enemies":"Gremlin Leader","floor":25,"turns":4}],"seed_played":"6543218667228754678","potions_obtained":[{"floor":5.0,"key":"EssenceOfDarkness"},{"floor":7.0,"key":"Weak Potion"},{"floor":11.0,"key":"Block Potion"},{"floor":12.0,"key":"EssenceOfSteel"},{"floor":13.0,"key":"SteroidPotion"},{"floor":16.0,"key":"EssenceOfSteel"},{"floor":18,"key":"LiquidBronze"},{"floor":20,"key":"DistilledChaos"},{"floor":22,"key":"Swift Potion"}],"is_trial":false,"path_per_floor":["M","?","?","$","M","R","M","$","T","R","M","E","M","$","R","B",null,"M","?","M","$","M","?","R","E"],"character_chosen":"DEFECT","items_purchased":["Streamline","Conserve Battery","Fire Potion","ColorlessPotion"],"campfire_rested":1,"item_purchase_floors":[4,8,14,21],"current_hp_per_floor":[73,58,58,58,56,56,53,53,53,53,43,43,29,29,51,31,75,64,64,49,49,37,62,62,0,0],"gold":107,"neow_bonus":"BOSS_RELIC","is_daily":false,"chose_seed":false,"campfire_upgraded":3,"win_rate":0.0,"timestamp":1610948027,"path_taken":["M","?","?","$","?","R","M","?","T","R","M","E","M","$","R","BOSS","M","?","M","$","M","?","R","E"],"items_purchased_type":["Card","Card","Potion","Potion"],"build_version":"2020-12-22","purchased_purges":2,"victory":false,"max_hp_per_floor":[75,75,75,75,75,75,75,75,75,75,75,75,75,75,75,75,75,75,75,75,75,75,75,75,75,75],"card_choices":[{"not_picked":["Rebound","Chill","Stack"],"picked":"SKIP","floor":1.0},{"not_picked":["Barrage","Lockon"],"picked":"White Noise","floor":5.0},{"not_picked":["Compile Driver","Chaos"],"picked":"Ball Lightning","floor":7.0},{"not_picked":["Sunder","Melter","Turbo"],"picked":"SKIP","floor":11.0},{"not_picked":["Rip and Tear","Consume","Cold Snap"],"picked":"SKIP","floor":12.0},{"not_picked":["Conserve Battery","Hologram"],"picked":"Gash","floor":13.0},{"not_picked":["Multi-Cast","Rainbow"],"picked":"Creative AI","floor":16.0},{"not_picked":["Compile Driver+1","Barrage","Cold Snap"],"picked":"SKIP","floor":18},{"not_picked":["Coolheaded","Stack"],"picked":"Leap","floor":20},{"not_picked":["Leap","Stack"],"picked":"Capacitor","floor":22}],"player_experience":120373,"relics_obtained":[{"floor":9.0,"key":"White Beast Statue"},{"floor":12.0,"key":"Orichalcum"}],"event_choices":[{"damage_healed":0.0,"max_hp_gain":0.0,"max_hp_loss":0.0,"gold_gain":0.0,"event_name":"Shining Light","player_choice":"Entered Light","floor":2.0,"gold_loss":0.0,"damage_taken":15.0,"cards_upgraded":["Strike_B","Zap"]},{"cards_removed":["Defend_B"],"damage_healed":0.0,"max_hp_gain":0.0,"max_hp_loss":0.0,"gold_gain":0.0,"event_name":"Living Wall","player_choice":"Forget","floor":3.0,"gold_loss":0.0,"damage_taken":0.0},{"damage_healed":0,"gold_gain":99,"player_choice":"Stole From Cult","damage_taken":0,"max_hp_gain":0,"max_hp_loss":0,"event_name":"Nest","floor":19,"gold_loss":0},{"damage_healed":25,"gold_gain":0,"player_choice":"Heal","damage_taken":0,"max_hp_gain":0,"max_hp_loss":0,"event_name":"The Library","floor":23,"gold_loss":0}],"is_beta":false,"boss_relics":[{"not_picked":["Runic Dome","Nuclear Battery"],"picked":"Coffee Dripper"}],"items_purged_floors":[14,21],"is_endless":false,"potions_floor_spawned":[5,7,11,12,13,16,18,20,22],"killed_by":"Gremlin Leader","ascension_level":0}}