{"host":"mgwrmgf4x3air4cr","time":1610983566,"event":{"mods":["ATMod(阿瑾Mod)","Act Like it!","BaseMod","Downfall","HololiveMod","KinomotoSakuraMod(木之本樱)","Minty Spire (QoL Compilation)","RumiaBox-露米娅的神秘盒子","Shop Mod","StSLib","TestMod","Waifu the Spire","WarShipGirlsR/战舰少女R mod","noobMod","【功能Mod】混沌之环修复补丁","篝火指南"],"gold_per_floor":[66,87,87,87,100,100,169,206,227,58,92,104,4,18,35,139,139,39,54,2,32,12,12,12,26,38,52,52,92,92,132,149,252,252,252,288,316,316,18,65,89,118,170,201,36,101,101,146,200,221],"floor_reached":51,"language":"ZHS","playtime":6215,"items_purged":["Hololive_Defend","Hololive_Breathe"],"score":1380,"play_id":"e670c72c-5401-461a-98c4-1965cf5d54b5","local_time":"20210118232606","is_ascension_mode":true,"campfire_choices":[{"data":"AT_FamilyPortrait","floor":1,"key":"SMITH"},{"data":"Hololive_CallHimemoriLuna","floor":6,"key":"SMITH"},{"floor":13,"key":"RECALL"},{"data":"Hololive_CallSpadeEcho","floor":18,"key":"SMITH"},{"data":"Hololive_CallShiroganeNoel","floor":23,"key":"SMITH"},{"data":"Hololive_OvertimeWork","floor":28,"key":"SMITH"},{"data":"Hololive_Teleport","floor":30,"key":"SMITH"},{"data":"Hololive_CallMoonaHoshinova","floor":35,"key":"SMITH"},{"data":"Hololive_DDD","floor":47,"key":"SMITH"}],"circlet_count":0,"master_deck":["Hololive_CallMinatoAqua","Hololive_CallUsadaPekora","Hololive_CallMurasakiShion","Hololive_CallShiranuiFlare","Hololive_CallSpadeEcho+1","Hololive_Defend","AT_FamilyPortrait+1","Hololive_Breathe","Hololive_CallHimemoriLuna+1","Hololive_CallRoboco","Hololive_Drill","Hololive_CallAkiRosenthal","Hololive_CallNekomataOkayu","Hololive_CallYukihanaLamy","Hololive_FlyingPonyTail","Hololive_CallShiroganeNoel+1","Hololive_CallNatsuiroMatsuri","Hololive_CallShishiroBotan","Hololive_DurableLive","Hololive_Rebound+1","Hololive_CallMoonaHoshinova+1","Hololive_FlyingPonyTail","Hololive_CallCivia","Hololive_Teleport+1","Hololive_Rebound","Hololive_CallHoshimachiSuisei","Hololive_OvertimeWork+1","Hololive_CallInugamiKorone","Hololive_DDD+1","Hololive_Teleport","Hololive_IdolExercise","Hololive_CallNakiriAyame+1","Hololive_CallRosalyn","Hololive_CallTokoyamiTowa","Hololive_Drill","Hololive_CallTokinoSora+1","Hololive_CallHoushouMarine","Hololive_Thief","Hololive_StrengthChampion","Hololive_CallYozoraMel+1"],"relics":["Hololive_TheStar","testmod-TestBox","AT_ATBox","ice","testmod-IndustrialRevolution","GodSword6","AT_SunfireAegis","MerchantsRug","bronze:BronzeIdol","downfall:HeartBlessingGreen","AddBug","downfall:HeartBlessingRed","ice","Membership Card","Red Mask","AT_BellowingDragoncrestRing","Gambling Chip","Question Card","Red Mask","AT_ForceNature","Art of War","testmod-DeterminationOfClimber","downfall:TeleportStone","testmod-BlackFramedGlasses","MoreBug","testmod-Alchemist","Smiling Mask","AT_BellDemon","Orichalcum","Hololive_FriedShrimpLion","champ:DuelingGlove","Oddly Smooth Stone","Orichalcum","AT_ChloranthyRing","InkBottle"],"acts_visited":["Exordium","TheCity","TheBeyond"],"potions_floor_usage":[],"damage_taken":[{"damage":0,"enemies":"Cultist","floor":2,"turns":3},{"damage":0,"enemies":"Small Slimes","floor":5,"turns":3},{"damage":0,"enemies":"Lagavulin","floor":8,"turns":5},{"damage":0,"enemies":"Jaw Worm","floor":9,"turns":2},{"damage":0,"enemies":"downfall:FleeingMerchant","floor":10,"turns":4},{"damage":0,"enemies":"Gremlin Nob","floor":11,"turns":3},{"damage":4,"enemies":"Lots of Slimes","floor":12,"turns":3},{"damage":0,"enemies":"Exordium Wildlife","floor":14,"turns":4},{"damage":0,"enemies":"Large Slime","floor":15,"turns":3},{"damage":0,"enemies":"WA_ARCHETYPE_RETAIN","floor":16,"turns":4},{"damage":0,"enemies":"Spheric Guardian","floor":19,"turns":3},{"damage":0,"enemies":"downfall:FleeingMerchant","floor":20,"turns":4},{"damage":23,"enemies":"Masked Bandits","floor":21,"turns":5},{"damage":0,"enemies":"downfall:FleeingMerchant","floor":22,"turns":1},{"damage":0,"enemies":"3 Byrds","floor":25,"turns":2},{"damage":0,"enemies":"Centurion and Healer","floor":26,"turns":5},{"damage":0,"enemies":"Snecko","floor":27,"turns":3},{"damage":0,"enemies":"Gremlin Leader","floor":29,"turns":4},{"damage":0,"enemies":"Slavers","floor":31,"turns":3},{"damage":0,"enemies":"3 Cultists","floor":32,"turns":4},{"damage":0,"enemies":"IC_MUSHROOM_ARCHETYPE","floor":33,"turns":5},{"damage":0,"enemies":"3 Darklings","floor":36,"turns":1},{"damage":0,"enemies":"3 Shapes","floor":37,"turns":1},{"damage":0,"enemies":"Giant Head","floor":40,"turns":4},{"damage":0,"enemies":"Spire Growth","floor":42,"turns":2},{"damage":0,"enemies":"Nemesis","floor":43,"turns":3},{"damage":0,"enemies":"Writhing Mass","floor":44,"turns":2},{"damage":0,"enemies":"Reptomancer","floor":46,"turns":2},{"damage":0,"enemies":"Jaw Worm Horde","floor":48,"turns":1},{"damage":0,"enemies":"Transient","floor":49,"turns":4},{"damage":0,"enemies":"DF_ARCHETYPE_ORBS","floor":50,"turns":1}],"seed_played":"-1212133989345639864","potions_obtained":[{"floor":8,"key":"FearPotion"},{"floor":9,"key":"FairyPotion"},{"floor":12,"key":"LiquidBronze"},{"floor":15,"key":"SteroidPotion"},{"floor":16,"key":"champ:CounterPotion"},{"floor":19,"key":"champ:CounterPotion"},{"floor":21,"key":"Dexterity Potion"},{"floor":29,"key":"Fire Potion"},{"floor":32,"key":"SteroidPotion"},{"floor":33,"key":"SkillPotion"},{"floor":40,"key":"PowerPotion"},{"floor":42,"key":"AttackPotion"},{"floor":43,"key":"AttackPotion"},{"floor":48,"key":"Regen Potion"}],"is_trial":false,"path_per_floor":["R","M","T","?","M","R","T","E","M","$","E","M","R","M","M","B",null,"R","M","$","?","$","R","T","M","M","M","R","E","R","E","M","B",null,"R","M","M","?","$","E","T","M","E","M","$","E","R","M","M","B",null],"character_chosen":"Hololive_HololiveCharacter","items_purchased":["MerchantsRug","Hololive_CallYukihanaLamy","Membership Card","AT_BellowingDragoncrestRing","Gambling Chip","Hololive_Teleport","Hololive_CallRosalyn","testmod-BlackFramedGlasses","MoreBug","Hololive_CallHoushouMarine","AT_BellDemon","Orichalcum","Hololive_Thief"],"campfire_rested":0,"item_purchase_floors":[10,10,20,22,22,22,39,39,39,45,45,45,45],"current_hp_per_floor":[26,26,26,31,31,31,31,35,35,35,35,31,31,31,31,31,35,35,35,35,12,12,12,12,12,12,12,12,12,12,12,12,12,35,35,35,35,35,35,35,35,35,35,35,35,35,35,35,35,35],"gold":221,"neow_bonus":"TRANSFORM_TWO_CARDS","is_daily":false,"chose_seed":false,"campfire_upgraded":8,"win_rate":0.0,"timestamp":1610983566,"path_taken":["R","M","?","?","M","R","T","E","M","$","E","?","R","?","M","BOSS","R","M","$","?","$","R","T","M","M","M","R","E","R","E","M","BOSS","R","M","M","?","$","E","T","M","E","?","$","E","R","M","M","BOSS"],"items_purchased_type":["Relic","Card","Relic","Relic","Relic","Card","Card","Relic","Relic","Card","Relic","Relic","Card"],"build_version":"2020-12-22","purchased_purges":2,"victory":true,"max_hp_per_floor":[35,35,35,35,35,35,35,35,35,35,35,35,35,35,35,35,35,35,35,35,35,35,35,35,35,35,35,35,35,35,35,35,35,35,35,35,35,35,35,35,35,35,35,35,35,35,35,35,35,35],"card_choices":[{"not_picked":["Hololive_CallYozoraMel","Hololive_Drill","Hololive_CallKiryuuCoco"],"picked":"Hololive_CallHimemoriLuna","floor":2},{"not_picked":["Hololive_Drill","Hololive_Rebound","Hololive_Trident"],"picked":"Hololive_CallRoboco","floor":5},{"not_picked":["Hololive_WolfAndLamb","Hololive_FlyingPonyTail","Hololive_CocoNews"],"picked":"Hololive_Drill","floor":8},{"not_picked":["Hololive_RevenueBasedLive","Hololive_FlyingPonyTail","Hololive_HuntDinosaur"],"picked":"Hololive_CallAkiRosenthal","floor":9},{"not_picked":["Hololive_Breathe","Hololive_Thief","Hololive_CallAkiRosenthal"],"picked":"Hololive_CallNekomataOkayu","floor":10},{"not_picked":["Hololive_RevenueBasedLive","Hololive_CallAZKi","Hololive_Breathe"],"picked":"Hololive_FlyingPonyTail","floor":11},{"not_picked":["Hololive_Trident","Hololive_SoulCatcher","Hololive_CallOzoraSubaru"],"picked":"Hololive_CallShiroganeNoel","floor":12},{"not_picked":["Hololive_Drill","Hololive_CocoNews","Hololive_Rebound"],"picked":"Hololive_CallNatsuiroMatsuri","floor":14},{"not_picked":["Hololive_CallManoAloe","Hololive_StrengthChampion","Hololive_Psychosis"],"picked":"Hololive_CallShishiroBotan","floor":15},{"not_picked":["Hololive_DDD","Hololive_ASMR","Hololive_Rebirth"],"picked":"Hololive_DurableLive","floor":16},{"not_picked":["Hololive_HuntDinosaur","Hololive_RevenueBasedLive","Hololive_Trident"],"picked":"Hololive_Rebound+1","floor":19},{"not_picked":["Hololive_CallUsadaPekora+1","Hololive_CallShiroganeNoel","Hololive_FlyingPonyTail"],"picked":"Hololive_CallMoonaHoshinova","floor":20},{"not_picked":["Hololive_Trident","Hololive_StrengthChampion","Hololive_CocoNews"],"picked":"Hololive_FlyingPonyTail","floor":21},{"not_picked":["Hololive_CallMurasakiShion+1","Hololive_CocoNews","Hololive_Drill"],"picked":"Hololive_CallCivia","floor":22},{"not_picked":["Hololive_CallRoboco+1","Hololive_Psychosis","Hololive_CallMoonaHoshinova","Hololive_Breathe"],"picked":"Hololive_Rebound","floor":25},{"not_picked":["Hololive_FlyingPonyTail+1","Hololive_LuckPotion+1","Hololive_CallArtia","Hololive_StarCraft"],"picked":"Hololive_CallHoshimachiSuisei","floor":26},{"not_picked":["Hololive_RevenueBasedLive","Hololive_HuntDinosaur","Hololive_Psychosis+1","Hololive_Sequa"],"picked":"Hololive_OvertimeWork","floor":27},{"not_picked":["Hololive_LuckPotion","Hololive_CallKiryuuCoco","Hololive_CallAyundaRisu","Hololive_Psychosis"],"picked":"Hololive_CallInugamiKorone","floor":29},{"not_picked":["Hololive_RevenueBasedLive+1","Hololive_OvertimeWork","Hololive_StrengthChampion","Hololive_CallMinatoAqua"],"picked":"Hololive_DDD","floor":31},{"not_picked":["Hololive_Rebound","Hololive_Sequa","Hololive_LuckPotion","Hololive_Breathe+1"],"picked":"Hololive_Teleport","floor":32},{"not_picked":["Hololive_StarCraft","Hololive_BeCareful","Hololive_ASMR","Hololive_OpenUp"],"picked":"Hololive_IdolExercise","floor":33},{"not_picked":["Hololive_StrengthChampion","Hololive_OvertimeWork","Hololive_LuckPotion","Hololive_Drill","Hololive_Sequa"],"picked":"SKIP","floor":36},{"not_picked":["Hololive_FlyingPonyTail","Hololive_CallUsadaPekora","Hololive_CallAkiRosenthal","Hololive_CocoNews+1"],"picked":"Hololive_CallNakiriAyame+1","floor":37},{"not_picked":["Hololive_LuckPotion+1","Hololive_Rebound+1","Hololive_CallSpadeEcho+1","Hololive_Recruit"],"picked":"Hololive_CallTokoyamiTowa","floor":40},{"not_picked":["Hololive_Trident+1","Hololive_Sequa+1","Hololive_CallShishiroBotan","Hololive_CallTokoyamiTowa","Hololive_RevenueBasedLive"],"picked":"SKIP","floor":42},{"not_picked":["Hololive_Trident+1","Hololive_BringToTrial","Hololive_CocoNews","Hololive_StrengthChampion+1"],"picked":"Hololive_Drill","floor":43},{"not_picked":["Hololive_Sequa","Hololive_CallMomosuzuNene","Hololive_Breathe+1","Hololive_Psychosis+1"],"picked":"Hololive_CallTokinoSora+1","floor":44},{"not_picked":["Hololive_Trident+1","Hololive_CallShiroganeNoel+1","Hololive_StarCraft","Hololive_OvertimeWork+1","Hololive_Sequa+1"],"picked":"SKIP","floor":46},{"not_picked":["Hololive_OvertimeWork+1","Hololive_Breathe+1","Hololive_Psychosis","Hololive_Rebound"],"picked":"Hololive_StrengthChampion","floor":48},{"not_picked":["Hololive_Spy+1","Hololive_StarCraft","Hololive_OvertimeWork","Hololive_CallTokinoSora+1"],"picked":"Hololive_CallYozoraMel+1","floor":49}],"player_experience":67842,"relics_obtained":[{"floor":3,"key":"GodSword6"},{"floor":7,"key":"AT_GuinsooRageblade"},{"floor":8,"key":"AT_SunfireAegis"},{"floor":11,"key":"bronze:BronzeIdol"},{"floor":19,"key":"ice"},{"floor":21,"key":"Red Mask"},{"floor":24,"key":"Question Card"},{"floor":29,"key":"Red Mask"},{"floor":29,"key":"AT_ForceNature"},{"floor":31,"key":"Art of War"},{"floor":40,"key":"Gambling Chip"},{"floor":40,"key":"testmod-Alchemist"},{"floor":41,"key":"Smiling Mask"},{"floor":43,"key":"Lantern"},{"floor":46,"key":"Hololive_FriedShrimpLion"},{"floor":46,"key":"champ:DuelingGlove"},{"floor":48,"key":"Oddly Smooth Stone"},{"floor":48,"key":"Orichalcum"},{"floor":49,"key":"AT_ChloranthyRing"},{"floor":49,"key":"InkBottle"}],"event_choices":[{"cards_removed":["Hololive_HuntDinosaur"],"damage_healed":5,"gold_gain":0,"player_choice":"Offered Common","damage_taken":0,"max_hp_gain":0,"max_hp_loss":0,"event_name":"Bonfire Elementals","floor":4,"gold_loss":0},{"cards_removed":["Hololive_HuntDinosaur"],"damage_healed":5,"gold_gain":0,"player_choice":"Offered Special","damage_taken":0,"max_hp_gain":0,"max_hp_loss":0,"event_name":"Bonfire Elementals","floor":4,"gold_loss":0},{"damage_healed":0,"gold_gain":0,"player_choice":"Fought Bandits","damage_taken":0,"max_hp_gain":0,"max_hp_loss":0,"event_name":"Masked Bandits","floor":21,"gold_loss":0}],"is_beta":false,"boss_relics":[{"not_picked":["Empty Cage","Velvet Choker"],"picked":"AddBug"},{"not_picked":["testmod-KeyOfTheVoid","sneckomod:SneckoTalon"],"picked":"testmod-DeterminationOfClimber"}],"items_purged_floors":[22,45],"is_endless":false,"potions_floor_spawned":[8,9,12,15,16,19,21,29,32,33,40,42,43,48],"ascension_level":2}}