{"host":"z4nt7tdd4gjrinn7","time":1610994270,"event":{"mods":["100% Spire Juice","BaseMod","Minty Spire (QoL Compilation)","StSLib"],"gold_per_floor":[119,194,194,214,228,253,108,433,478,478,498,498,516,221,101,201,251,269,269,281,125,139,139,174,174,174,205,205,305,305,322,322,322,322],"floor_reached":33,"language":"ENG","playtime":1352,"items_purged":[],"score":334,"play_id":"9e7ca689-64aa-4688-b507-2c19f68090ea","local_time":"20210118132430","is_ascension_mode":true,"campfire_choices":[{"floor":12,"key":"REST"},{"floor":15,"key":"REST"},{"floor":23,"key":"REST"},{"data":"Moonworks:LeapThroughSpace","floor":25,"key":"SMITH"},{"floor":30,"key":"REST"},{"data":"Moonworks:GoAway","floor":32,"key":"SMITH"}],"circlet_count":0,"master_deck":["Moonworks:Strike","Moonworks:Strike","Moonworks:Strike","Moonworks:Strike","Moonworks:Defend","Moonworks:Defend","Moonworks:Defend","Moonworks:Defend","Moonworks:Ambush","Moonworks:LongDistanceShot+1","Moonworks:JonathanRush+1","Moonworks:IndiscriminateFireSupport+1","Moonworks:IndiscriminateFireSupport+1","Moonworks:ReflectiveShell","Moonworks:EvilSpyWorkPreparation","Moonworks:DeployBits","Moonworks:GoAway+1","Moonworks:JonathanRush+1","Moonworks:CloudOfSeagulls+1","Moonworks:IndiscriminateFireSupport+1","Moonworks:AngelHand","Moonworks:LeapThroughSpace+1","Moonworks:LulusLuckyEgg","Moonworks:IntelligenceOfficer"],"relics":["Moonworks:BrokenBomb","Moonworks:Homemark","NeowsBlessing","Molten Egg 2","Bag of Marbles","Old Coin","Omamori","FossilizedHelix","Tiny House","Nloth\u0027s Gift","PreservedInsect","Regal Pillow","Sundial","InkBottle"],"acts_visited":["Exordium","TheCity"],"potions_floor_usage":[27,33,33,33,33,33,33],"damage_taken":[{"damage":0,"enemies":"Small Slimes","floor":1,"turns":1},{"damage":0,"enemies":"2 Louse","floor":4,"turns":1},{"damage":0,"enemies":"Cultist","floor":5,"turns":1},{"damage":14,"enemies":"Gremlin Nob","floor":6,"turns":3},{"damage":21,"enemies":"Lagavulin","floor":8,"turns":4},{"damage":0,"enemies":"Large Slime","floor":11,"turns":1},{"damage":0,"enemies":"Exordium Thugs","floor":13,"turns":1},{"damage":65,"enemies":"Hexaghost","floor":16,"turns":10},{"damage":0,"enemies":"3 Byrds","floor":18,"turns":2},{"damage":0,"enemies":"Shell Parasite","floor":20,"turns":2},{"damage":14,"enemies":"Snake Plant","floor":22,"turns":2},{"damage":0,"enemies":"Slavers","floor":24,"turns":1},{"damage":27,"enemies":"Book of Stabbing","floor":27,"turns":4},{"damage":2,"enemies":"Snecko","floor":31,"turns":5},{"damage":133,"enemies":"Champ","floor":33,"turns":12}],"seed_played":"-5236581658012975151","potions_obtained":[{"floor":8,"key":"Dexterity Potion"},{"floor":10,"key":"LiquidMemories"},{"floor":10,"key":"FairyPotion"},{"floor":10,"key":"Explosive Potion"},{"floor":17,"key":"EssenceOfSteel"},{"floor":24,"key":"Regen Potion"},{"floor":27,"key":"CultistPotion"}],"is_trial":false,"path_per_floor":["M","?","?","M","M","E","$","E","T","?","M","R","M","$","R","B",null,"M","?","M","$","M","R","E","R","T","E","?","?","R","M","R","B"],"character_chosen":"THE_STARBREAKER","items_purchased":["Bag of Marbles","FossilizedHelix","PreservedInsect"],"campfire_rested":4,"item_purchase_floors":[7,14,21],"current_hp_per_floor":[60,49,49,49,49,35,35,14,14,14,14,32,32,32,50,6,65,65,65,65,65,51,65,65,65,65,38,38,38,65,63,63,0,0],"gold":322,"neow_bonus":"THREE_ENEMY_KILL","is_daily":false,"chose_seed":false,"campfire_upgraded":2,"win_rate":0.0,"timestamp":1610994270,"path_taken":["M","?","?","M","?","E","$","E","T","?","M","R","M","?","R","BOSS","M","?","?","$","?","R","E","R","T","E","?","?","R","?","R","BOSS"],"items_purchased_type":["Relic","Relic","Relic"],"build_version":"2020-12-22","purchased_purges":0,"victory":false,"max_hp_per_floor":[60,60,60,60,60,60,60,60,60,60,60,60,60,60,60,60,65,65,65,65,65,65,65,65,65,65,65,65,65,65,65,65,61,61],"card_choices":[{"not_picked":["Moonworks:CloudOfSeagulls","Moonworks:TacticalRetreat"],"picked":"Moonworks:DeployBits","floor":1},{"not_picked":["Moonworks:LulusLuckyEgg","Moonworks:Assault+1"],"picked":"Moonworks:JonathanRush+1","floor":4},{"not_picked":["Moonworks:DeployBits","Moonworks:DevilHand+1"],"picked":"Moonworks:IndiscriminateFireSupport+1","floor":5},{"not_picked":["Moonworks:RagingMadness","Moonworks:AwakeningOfTalent+1"],"picked":"Moonworks:IndiscriminateFireSupport+1","floor":6},{"not_picked":["Moonworks:Poppoformation","Moonworks:TacticalRetreat"],"picked":"Moonworks:ReflectiveShell","floor":8},{"not_picked":["Moonworks:WindyEnchantment","Moonworks:ImmovableObject"],"picked":"Moonworks:EvilSpyWorkPreparation","floor":11},{"not_picked":["Moonworks:Assault+1","Moonworks:CookingTime+1"],"picked":"Moonworks:DeployBits","floor":13},{"not_picked":["Moonworks:ReflectiveShell","Moonworks:ShieldCounter"],"picked":"Moonworks:GoAway","floor":16},{"not_picked":["Moonworks:Flamethrower","Moonworks:BackdoorTrade"],"picked":"Moonworks:JonathanRush+1","floor":17},{"not_picked":["Moonworks:Assault+1","Moonworks:StiffCrystal"],"picked":"Moonworks:CloudOfSeagulls+1","floor":18},{"not_picked":["Moonworks:LulusLuckyEgg","Moonworks:BigMagnum+1"],"picked":"Moonworks:IndiscriminateFireSupport+1","floor":20},{"not_picked":["Moonworks:ImOnFire","Moonworks:MixPhenomenon"],"picked":"Moonworks:AngelHand","floor":22},{"not_picked":["Moonworks:EvilMastermind","Moonworks:ImmovableObject"],"picked":"Moonworks:LeapThroughSpace","floor":24},{"not_picked":["Moonworks:BigMagnum","Moonworks:ReflectiveShell"],"picked":"Moonworks:LulusLuckyEgg","floor":27},{"not_picked":["Moonworks:Dinner+1","Moonworks:ImmovableObject"],"picked":"Moonworks:IntelligenceOfficer","floor":31}],"player_experience":92761,"relics_obtained":[{"floor":6,"key":"Nunchaku"},{"floor":8,"key":"Old Coin"},{"floor":9,"key":"Omamori"},{"floor":24,"key":"Regal Pillow"},{"floor":26,"key":"Sundial"},{"floor":27,"key":"InkBottle"}],"event_choices":[{"damage_healed":0,"gold_gain":75,"player_choice":"Gather Gold","damage_taken":11,"max_hp_gain":0,"max_hp_loss":0,"event_name":"World of Goop","floor":2,"gold_loss":0},{"cards_removed":["Moonworks:DeployBits"],"damage_healed":0,"gold_gain":0,"player_choice":"Gave Card","damage_taken":0,"relics_obtained":["Molten Egg 2"],"max_hp_gain":0,"max_hp_loss":0,"event_name":"WeMeetAgain","floor":3,"gold_loss":0},{"damage_healed":0,"gold_gain":0,"player_choice":"Got Potions","damage_taken":0,"max_hp_gain":0,"max_hp_loss":0,"event_name":"Lab","floor":10,"gold_loss":0},{"damage_healed":0,"gold_gain":0,"player_choice":"Traded Relic","damage_taken":0,"relics_obtained":["Nloth\u0027s Gift"],"max_hp_gain":0,"max_hp_loss":0,"event_name":"N\u0027loth","floor":19,"relics_lost":["Nunchaku"],"gold_loss":0},{"damage_healed":0,"gold_gain":0,"player_choice":"Ignored","damage_taken":0,"max_hp_gain":0,"max_hp_loss":0,"event_name":"Beggar","floor":28,"gold_loss":0},{"damage_healed":0,"gold_gain":100,"player_choice":"Pray","damage_taken":0,"max_hp_gain":0,"max_hp_loss":0,"event_name":"Golden Shrine","floor":29,"gold_loss":0}],"is_beta":false,"boss_relics":[{"not_picked":["Astrolabe","SacredBark"],"picked":"Tiny House"}],"items_purged_floors":[],"is_endless":false,"potions_floor_spawned":[8,11,18,24,27],"killed_by":"Champ","ascension_level":1}}