{"host":"9kesdg97wkrx2bva","time":1610958077,"event":{"mods":["AchievementEnabler","BaseMod","Colored Map","GifTheSpireLib","Infinite Spire","Minty Spire (QoL Compilation)","Replay The Spire","StSLib"],"gold_per_floor":[118,2,2,15,90,119,119,147,170,170,202,222,222,222,222,295,295,306,322,158,158,72,107,124,141,167,167,167],"floor_reached":27,"language":"ENG","playtime":709,"items_purged":["Strike_B"],"score":507,"play_id":"64c02e40-1684-4cd8-b150-774c70e894f5","local_time":"20210118022117","is_ascension_mode":true,"campfire_choices":[{"data":"Zap","floor":7,"key":"SMITH"},{"data":"White Noise","floor":10,"key":"SMITH"},{"data":"Strike_B","floor":15,"key":"PURGE"}],"circlet_count":0,"master_deck":["AscendersBane","Defend_B","Defend_B","Defend_B","Zap+1","Dualcast","Gash+1","Beam Cell","White Noise+1","Defragment","Scrape","Biased Cognition","Gash","Panic Button","Gash","Go for the Eyes+1","Crystallizer","Leap","ReplayTheSpireMod:Calculation Training","Scrape","Storm","Machine Learning"],"relics":["Cracked Core","NeowsBlessing","Akabeko","Geode","Oddly Smooth Stone","Pet Ghost","infinitespire:WardingShard","Replay:Drink Me","Orrery","Nloth\u0027s Gift","Vajra","PreservedInsect"],"acts_visited":["Exordium","TheCity"],"potions_floor_usage":[8,11,18,25],"damage_taken":[{"damage":0,"enemies":"Cultist","floor":1,"turns":1},{"damage":0,"enemies":"Small Slimes","floor":4,"turns":1},{"damage":0,"enemies":"3 Sentries","floor":6,"turns":1},{"damage":8,"enemies":"Lagavulin","floor":8,"turns":8},{"damage":16,"enemies":"Gremlin Nob","floor":11,"turns":3},{"damage":2,"enemies":"2 Louse","floor":12,"turns":2},{"damage":8,"enemies":"Hexaghost","floor":16,"turns":8},{"damage":12,"enemies":"3 Byrds","floor":18,"turns":3},{"damage":0,"enemies":"Chosen","floor":19,"turns":3},{"damage":2,"enemies":"Book of Stabbing","floor":23,"turns":5},{"damage":0,"enemies":"Snecko","floor":24,"turns":3},{"damage":24,"enemies":"Snake Plant","floor":25,"turns":2},{"damage":11,"enemies":"Chosen and Byrds","floor":27,"turns":4}],"seed_played":"1145338909477187168","potions_obtained":[{"floor":4,"key":"SpeedPotion"},{"floor":8,"key":"PowerPotion"},{"floor":11,"key":"Fire Potion"},{"floor":23,"key":"AttackPotion"}],"is_trial":false,"path_per_floor":["M","$","?","M","?","E","R","E","T","R","E","M","?","T","R_BF","B",null,"M","M","$","?","$","E","M","M","T","M"],"character_chosen":"DEFECT","items_purchased":["Gash+1","Orrery","ReplayTheSpireMod:Calculation Training"],"campfire_rested":0,"item_purchase_floors":[2,20,22],"current_hp_per_floor":[64,64,64,64,53,53,53,45,45,45,29,27,27,27,27,19,45,33,33,33,33,33,31,31,7,7,0,0],"gold":167,"neow_bonus":"THREE_ENEMY_KILL","is_daily":false,"chose_seed":false,"campfire_upgraded":2,"win_rate":0.0,"timestamp":1610958077,"path_taken":["M","$","?","M","?","E","R","E","T","R","E","M","?","?","R_BF","BOSS","M","?","$","?","$","E","M","?","T","M"],"items_purchased_type":["Card","Relic","Card"],"build_version":"2020-12-22","purchased_purges":1,"victory":false,"max_hp_per_floor":[71,71,71,71,71,71,71,71,71,71,71,71,71,71,71,71,54,54,54,54,54,54,54,54,54,54,54,54],"card_choices":[{"not_picked":["ReplaySolidLightProjector","Hologram"],"picked":"Barrage","floor":1},{"not_picked":["ReplayTheSpireMod:Repulse","Stack"],"picked":"Beam Cell","floor":4},{"not_picked":["Steam","Leap"],"picked":"White Noise","floor":6},{"not_picked":["Blizzard","Crystallizer"],"picked":"Defragment","floor":8},{"not_picked":["Compile Driver","ReplayRNGCard","Cold Snap"],"picked":"SKIP","floor":11},{"not_picked":["Streamline","Barrage"],"picked":"Scrape","floor":12},{"not_picked":["Multi-Cast","ReplayTheSpireMod:Fabricate Wheel"],"picked":"Biased Cognition","floor":16},{"not_picked":["Ball Lightning","Steam","BasicCrystalCard"],"picked":"SKIP","floor":18},{"not_picked":["Stack","All For One"],"picked":"Gash","floor":19},{"not_picked":["Compile Driver","Melter+1"],"picked":"Panic Button","floor":20},{"not_picked":["Leap","Genetic Algorithm"],"picked":"Gash","floor":20},{"not_picked":["Steam+1","Gash"],"picked":"Go for the Eyes+1","floor":20},{"not_picked":["Fusion","Loop"],"picked":"Crystallizer","floor":20},{"not_picked":["Hello World+1","Steam"],"picked":"Leap","floor":20},{"not_picked":["Undo","Beam Cell"],"picked":"Scrape","floor":23},{"not_picked":["FIFO Queue","Hologram"],"picked":"Storm","floor":24},{"not_picked":["Sweeping Beam","Glacier"],"picked":"Machine Learning","floor":25}],"player_experience":941677,"relics_obtained":[{"floor":6,"key":"Akabeko"},{"floor":8,"key":"Geode"},{"floor":9,"key":"Oddly Smooth Stone"},{"floor":11,"key":"Pet Ghost"},{"floor":13,"key":"ReplayTheSpireMod:Ring of Exchange"},{"floor":14,"key":"infinitespire:WardingShard"},{"floor":23,"key":"Vajra"},{"floor":26,"key":"PreservedInsect"}],"event_choices":[{"damage_healed":0,"gold_gain":75,"player_choice":"Gather Gold","damage_taken":11,"max_hp_gain":0,"max_hp_loss":0,"event_name":"World of Goop","floor":5,"gold_loss":0},{"damage_healed":0,"gold_gain":0,"player_choice":"Traded Relic","damage_taken":0,"relics_obtained":["Nloth\u0027s Gift"],"max_hp_gain":0,"max_hp_loss":0,"event_name":"N\u0027loth","floor":21,"relics_lost":["ReplayTheSpireMod:Ring of Exchange"],"gold_loss":0}],"is_beta":false,"boss_relics":[{"not_picked":["Cursed Key","Ectoplasm"],"picked":"Replay:Drink Me"}],"items_purged_floors":[2],"is_endless":false,"potions_floor_spawned":[4,8,11,23],"killed_by":"Chosen and Byrds","ascension_level":17}}