{"host":"yvb207ks1sg3cxef","time":1610975624,"event":{"mods":["2.2 Compatiblity","BaseMod","Bestiary","Colored Powertips","Minty Spire (QoL Compilation)","Permanent Neow","Quick Restart","Relic Stats","StSLib"],"gold_per_floor":[116,116,129,129,47,47,47],"floor_reached":6,"language":"ENG","playtime":197,"items_purged":[],"score":54,"play_id":"c2f0d442-5487-45bf-a417-61a9b8418206","local_time":"20210118184344","is_ascension_mode":true,"campfire_choices":[],"circlet_count":0,"master_deck":["AscendersBane","Strike_P","Strike_P","Strike_P","Strike_P","Defend_P","Defend_P","Defend_P","Eruption","Vigilance","Blasphemy","Sanctity","FlyingSleeves"],"relics":["PureWater","GoldenEye","Turnip"],"acts_visited":["Exordium"],"potions_floor_usage":[],"damage_taken":[{"damage":2,"enemies":"2 Louse","floor":1,"turns":2},{"damage":0,"enemies":"Jaw Worm","floor":3,"turns":1},{"damage":33,"enemies":"3 Sentries","floor":6,"turns":4}],"seed_played":"2833194626184110154","potions_obtained":[{"floor":1,"key":"LiquidMemories"}],"is_trial":false,"path_per_floor":["M","?","M","?","?","E"],"character_chosen":"WATCHER","items_purchased":[],"campfire_rested":0,"item_purchase_floors":[],"current_hp_per_floor":[45,38,38,31,31,0,0],"gold":47,"neow_bonus":"THREE_RARE_CARDS","is_daily":false,"chose_seed":false,"campfire_upgraded":0,"win_rate":0.0,"timestamp":1610975624,"path_taken":["M","?","M","?","?","E"],"items_purchased_type":[],"build_version":"2020-12-22","purchased_purges":0,"victory":false,"max_hp_per_floor":[72,72,72,72,72,72,72],"relic_stats":{"counters":[3,7],"Turnip":[0],"GoldenEye":[0],"obtain_stats":[{"Turnip":5,"PureWater":0,"GoldenEye":4},{"Turnip":2,"PureWater":0,"GoldenEye":2},{"Turnip":3,"PureWater":0,"GoldenEye":3}]},"card_choices":[{"not_picked":["DeusExMachina","DevaForm"],"picked":"Blasphemy","floor":0.0},{"not_picked":["FearNoEvil","SashWhip"],"picked":"Sanctity","floor":1},{"not_picked":["ReachHeaven","Indignation"],"picked":"FlyingSleeves","floor":3}],"player_experience":374849,"relics_obtained":[],"event_choices":[{"cards_removed":["Defend_P"],"damage_healed":0,"gold_gain":0,"player_choice":"Card Removal","damage_taken":7,"max_hp_gain":0,"max_hp_loss":0,"event_name":"Golden Wing","floor":2,"gold_loss":0},{"damage_healed":0,"gold_gain":0,"player_choice":"Success","damage_taken":7,"relics_obtained":["GoldenEye"],"max_hp_gain":0,"max_hp_loss":0,"event_name":"Scrap Ooze","floor":4,"gold_loss":0},{"damage_healed":0,"gold_gain":0,"player_choice":"Paid Gold","damage_taken":0,"relics_obtained":["Turnip"],"max_hp_gain":0,"max_hp_loss":0,"event_name":"WeMeetAgain","floor":5,"gold_loss":82}],"is_beta":false,"boss_relics":[],"items_purged_floors":[],"is_endless":false,"potions_floor_spawned":[1],"killed_by":"3 Sentries","ascension_level":12}}