{"host":"tm3ghj8mno6gwywm","time":1610995173,"event":{"mods":["2.2 Compatiblity","AchievementEnabler","Bard","BaseMod","Beaked The Cultist","Better Third Choice","Colored Map","Colored Powertips","Conspire","Downfall","Glutton Mod","GungeonMod","Halation","Hermit","Hubris","Infinite Spire","Jorbs\u0027s Wanderer Trilogy","Mad Scientist","Marisa????????","Marked Mod","Mimic Mod","Minty Spire (QoL Compilation)","Potionbrewer","Quick Restart","Shade Mod","Shop Mod","Somnambulant","Spicy Shops","StSLib","SuperFastMode","The Bug Knight","The Construct","The Cursed","The Disciple","The Factory","The Hierophant","The IronCluck","The Judge","The Jungle","The Necromancer","The Runesmith","The Servant 0.9.4","egg"],"gold_per_floor":[99,115,115,115,17,32,32,49,49,84,114,64,64,14,26,122,172,72,89,409,422,422,436,436,436,450,467,267,282,59,59,75,173,173,173,187,30,42,42,42,42,42,60,60,60,60,80,96,215,215,215,248,21,21,21,21],"floor_reached":55,"language":"ENG","playtime":2156,"items_purged":[],"score":804,"play_id":"2bd1f7b2-9d85-4cdb-8e33-67219653347b","local_time":"20210118133933","is_ascension_mode":false,"campfire_choices":[{"floor":1,"key":"RECALL"},{"data":"bronze:Defend","floor":9,"key":"SMITH"},{"floor":13,"key":"REST"},{"data":"bronze:Defend","floor":18,"key":"SMITH"},{"floor":28,"key":"REST"},{"data":"bronze:Defend","floor":35,"key":"SMITH"},{"floor":40,"key":"REST"},{"data":"bronze:Defend","floor":42,"key":"SMITH"},{"floor":44,"key":"REST"},{"floor":54,"key":"REST"}],"circlet_count":0,"master_deck":["bronze:Strike+1","bronze:Strike","bronze:Strike","bronze:Strike","bronze:Defend+1","bronze:Defend+1","bronze:Defend+1","bronze:Defend+1","bronze:Replicate+1","bronze:Goto+1","bronze:DelayedSlice+1","infinitespire:FutureSight+1","bronze:Separator+1","bronze:ItsAFeature+1","bronze:Turbo+1","bronze:Shell+1","bronze:Iterate+1","bronze:DarkDash+1","bronze:WhirlingStrike+1","bronze:BugBarrage+1","bronze:MaxOutput+1","bronze:ChildClass+1","bronze:WildBeam+1","bronze:DelayedGuard+1","bronze:BurnOut+1","bronze:GetLatest+1","bronze:OilSpill+1","bronze:WildBeam+1","bronze:Break+1","Pain","bronze:BurnOut+1","bronze:Overheat+1","bronze:Overheat+1","bronze:ItsAFeature+1","bronze:Terminator+1","bronze:Verify+1","bronze:Repulsor+1","bronze:Philosophize+1","bronze:BugBarrage+1","bronze:BugBarrage+1","bronze:OilSpill+1","bronze:Mutator+1","bronze:BronzeArmor+1"],"relics":["bronze:BronzeCore","Membership Card","Frozen Egg 2","Toxic Egg 2","Molten Egg 2","Black Star","Mummified Hand","Lizard Tail","WingedGreaves","Guardian:PocketSentry","Bottled Lightning","construct:FoamFinger","DemoMod:JetPack","Tiny House","downfall:HeartBlessingRed","HornCleat","infinitespire:Eraser","downfall:HeartBlessingGreen","downfall:HeartBlessingBlue","bronze:SilverBullet","Pantograph","DemoMod:MemoryAlloy","infinitespire:Joker Card","hubris:Icosahedron","Bag of Preparation","Art of War","DemoMod:Antibody","Strawberry"],"acts_visited":["Exordium","TheCity","TheBeyond","TheEnding"],"potions_floor_usage":[10,10,16,33,33,50,52,55],"damage_taken":[{"damage":0,"enemies":"2 Louse","floor":2,"turns":4},{"damage":0,"enemies":"downfall:FleeingMerchant","floor":5,"turns":4},{"damage":0,"enemies":"Cultist","floor":6,"turns":3},{"damage":1,"enemies":"Jaw Worm","floor":8,"turns":3},{"damage":0,"enemies":"Lagavulin","floor":10,"turns":5},{"damage":0,"enemies":"Gremlin Nob","floor":11,"turns":4},{"damage":1,"enemies":"downfall:FleeingMerchant","floor":12,"turns":4},{"damage":10,"enemies":"downfall:FleeingMerchant","floor":14,"turns":4},{"damage":0,"enemies":"Red Slaver","floor":15,"turns":2},{"damage":28,"enemies":"SI_SHIV_ARCHETYPE","floor":16,"turns":4},{"damage":0,"enemies":"Spheric Guardian","floor":19,"turns":2},{"damage":0,"enemies":"downfall:FleeingMerchant","floor":20,"turns":1},{"damage":1,"enemies":"Shell Parasite","floor":21,"turns":2},{"damage":5,"enemies":"3 Cultists","floor":23,"turns":3},{"damage":5,"enemies":"Shelled Parasite and Fungi","floor":26,"turns":1},{"damage":4,"enemies":"Centurion and Healer","floor":27,"turns":4},{"damage":5,"enemies":"Snake Plant","floor":29,"turns":2},{"damage":6,"enemies":"Chosen and Byrds","floor":32,"turns":3},{"damage":2,"enemies":"IC_MUSHROOM_ARCHETYPE","floor":33,"turns":5},{"damage":24,"enemies":"3 Shapes","floor":36,"turns":2},{"damage":9,"enemies":"Orb Walker","floor":38,"turns":2},{"damage":16,"enemies":"Spire Growth","floor":43,"turns":3},{"damage":6,"enemies":"3 Darklings","floor":47,"turns":4},{"damage":0,"enemies":"Sphere and 2 Shapes","floor":48,"turns":3},{"damage":26,"enemies":"4 Shapes","floor":49,"turns":3},{"damage":71,"enemies":"DF_ARCHETYPE_ORBS","floor":50,"turns":6},{"damage":159,"enemies":"downfall:CharBossMerchant","floor":52,"turns":8},{"damage":126,"enemies":"downfall:NeowBoss","floor":55,"turns":12}],"seed_played":"3355973851642167721","potions_obtained":[{"floor":6,"key":"Swift Potion"},{"floor":8,"key":"DuplicationPotion"},{"floor":10,"key":"AttackPotion"},{"floor":15,"key":"potionbrewer:NoxiousPotion"},{"floor":16,"key":"SteroidPotion"},{"floor":17,"key":"potionbrewer:NoxiousPotion"},{"floor":23,"key":"DemoMod:LeadSkinPotion"},{"floor":33,"key":"Guardian:BlockOnCardUsePotion"},{"floor":36,"key":"AttackPotion"},{"floor":47,"key":"potionbrewer:FreezingPotion"},{"floor":52,"key":"SkillPotion"}],"is_trial":false,"path_per_floor":["R","M","?","?","$","M","T","M","R","E","E","$","R","$","M","B",null,"R","M","$","M","?","M","T","?","M","M","R","M","$","$","M","B",null,"R","M","$","M","?","R","T","R","M","R","?","$","M","M","M","B",null,"E","$","R","B"],"character_chosen":"THE_AUTOMATON","items_purchased":["bronze:ItsAFeature+1","bronze:Turbo+1","bronze:MaxOutput+1","bronze:WildBeam+1","bronze:WildBeam+1","bronze:SilverBullet","bronze:ItsAFeature+1","Pantograph","DemoMod:MemoryAlloy","bronze:Repulsor+1","DemoMod:Antibody","Strawberry"],"campfire_rested":5,"item_purchase_floors":[5,5,12,14,20,30,30,30,37,37,53,53],"current_hp_per_floor":[70,70,54,54,54,54,54,53,53,53,53,52,70,60,60,32,75,75,75,75,74,74,69,69,69,64,60,85,80,80,80,74,83,85,85,61,61,52,52,77,77,77,61,85,85,85,79,79,53,7,85,63,70,92,0,0],"gold":21,"neow_bonus":"UPGRADE_CARD","is_daily":false,"chose_seed":false,"campfire_upgraded":4,"win_rate":0.0,"timestamp":1610995173,"path_taken":["R","M","?","?","$","M","T","?","R","E","E","$","R","$","M","BOSS","R","M","?","?","?","?","T","?","M","?","R","M","?","$","M","BOSS","R","M","$","M","?","R","T","R","M","R","?","$","M","M","M","BOSS","E","$","R","BOSS"],"items_purchased_type":["Card","Card","Card","Card","Card","Relic","Card","Relic","Relic","Card","Relic","Relic"],"build_version":"2020-12-22","purchased_purges":0,"victory":false,"max_hp_per_floor":[70,70,70,70,70,70,70,70,70,70,70,70,70,70,70,70,75,75,75,75,75,75,75,75,75,75,75,85,85,85,85,85,85,85,85,85,85,85,85,85,85,85,85,85,85,85,85,85,85,85,85,85,92,92,92,92],"card_choices":[{"not_picked":["bronze:Constructor+1","bronze:Branch+1"],"picked":"bronze:DelayedSlice+1","floor":2},{"not_picked":["infinitespire:SevenWalls","infinitespire:Execution"],"picked":"infinitespire:FutureSight","floor":3},{"not_picked":["bronze:Deprecate+1","bronze:ForceShield+1"],"picked":"bronze:Separator+1","floor":5},{"not_picked":["bronze:Backtrace+1","bronze:ChildClass+1"],"picked":"bronze:Shell+1","floor":6},{"not_picked":["bronze:OilSpill+1","bronze:BronzeArmor+1"],"picked":"bronze:Iterate+1","floor":8},{"not_picked":["bronze:Shell+1","bronze:BuggyMess+1"],"picked":"bronze:DarkDash+1","floor":10},{"not_picked":["bronze:BitShift+1","bronze:FineTuning+1"],"picked":"bronze:WhirlingStrike+1","floor":11},{"not_picked":["bronze:Optimize+1","bronze:HyperBeam+1"],"picked":"bronze:BugBarrage+1","floor":12},{"not_picked":["bronze:WhirlingStrike+1","bronze:ForceShield+1"],"picked":"bronze:ChildClass+1","floor":14},{"not_picked":["bronze:Constructor+1","bronze:Safeguard+1"],"picked":"bronze:DelayedGuard+1","floor":15},{"not_picked":["bronze:HardenedForm+1","bronze:ShipIt+1"],"picked":"bronze:BurnOut+1","floor":16},{"not_picked":["bronze:WhirlingStrike+1","bronze:Turbo+1"],"picked":"bronze:GetLatest+1","floor":17},{"not_picked":["bronze:GetLatest+1","bronze:DigitalCarnage+1","bronze:FineTuning+1"],"picked":"SKIP","floor":19},{"not_picked":["bronze:Constructor+1","bronze:Branch+1"],"picked":"bronze:OilSpill+1","floor":20},{"not_picked":["bronze:Shield+1","bronze:Backtrace+1"],"picked":"bronze:Break+1","floor":21},{"not_picked":["bronze:GetLatest+1","bronze:DelayedGuard+1","bronze:ChosenStrike+1"],"picked":"SKIP","floor":23},{"not_picked":["bronze:BronzeOrb+1","bronze:Deprecate+1"],"picked":"bronze:Overheat+1","floor":26},{"not_picked":["bronze:DelayedSlice+1","bronze:BugBarrage+1"],"picked":"bronze:Overheat+1","floor":27},{"not_picked":["bronze:Overheat+1","bronze:ForLoop+1","bronze:NullPointer+1"],"picked":"SKIP","floor":29},{"not_picked":["bronze:NullPointer+1","bronze:GetLatest+1"],"picked":"bronze:Terminator+1","floor":32},{"not_picked":["bronze:FindAndReplace+1","bronze:HyperBeam+1"],"picked":"bronze:Verify+1","floor":33},{"not_picked":["bronze:Fortify+1","bronze:Deprecate+1","bronze:WhirlingStrike+1"],"picked":"SKIP","floor":36},{"not_picked":["bronze:Invalidate+1","bronze:DigitalCarnage+1"],"picked":"bronze:Philosophize+1","floor":38},{"not_picked":["bronze:Safeguard+1","bronze:Constructor+1"],"picked":"bronze:BugBarrage+1","floor":43},{"not_picked":["bronze:Invalidate+1","bronze:Turbo+1"],"picked":"bronze:BugBarrage+1","floor":47},{"not_picked":["bronze:DelayedSlice+1","bronze:CutThrough+1"],"picked":"bronze:OilSpill+1","floor":48},{"not_picked":["bronze:DelayedSlice+1","bronze:FineTuning+1"],"picked":"bronze:Mutator+1","floor":49},{"not_picked":["bronze:WhirlingStrike+1","bronze:Turbo+1"],"picked":"bronze:BronzeArmor+1","floor":52}],"player_experience":815407,"relics_obtained":[{"floor":10,"key":"Guardian:PocketSentry"},{"floor":10,"key":"Bottled Lightning"},{"floor":11,"key":"construct:FoamFinger"},{"floor":11,"key":"DemoMod:JetPack"},{"floor":24,"key":"infinitespire:Eraser"},{"floor":41,"key":"infinitespire:Joker Card"},{"floor":52,"key":"Bag of Preparation"},{"floor":52,"key":"Art of War"}],"event_choices":[],"is_beta":false,"boss_relics":[{"not_picked":["halation:SmartPhone","conspire:RunicOctahedron"],"picked":"Tiny House"},{"not_picked":["hubris:VirtuousBlindfold","conspire:SeveredTorchhead","Runic Pyramid"]}],"items_purged_floors":[],"is_endless":false,"potions_floor_spawned":[6,8,10,15,16,19,23,26,33,36,43,47,52],"killed_by":"downfall:NeowBoss","ascension_level":0}}