{"host":"fzku1ofsxv8lro8o","time":1610992271,"event":{"mods":["BaseMod","Colored Map","Downfall","Minty Spire (QoL Compilation)","Relic Stats","StSLib","everything is the same but u backflip on backflip"],"gold_per_floor":[99,116,128,138,238,76,100,0,11,25,25,38,38,52,65,65,65],"floor_reached":16,"language":"ENG","playtime":831,"items_purged":["bronze:Strike"],"score":96,"play_id":"4d3379b2-7773-41c4-be2e-23206d13bbd6","local_time":"20210118205111","is_ascension_mode":false,"campfire_choices":[{"data":"Apotheosis","floor":1,"key":"SMITH"},{"floor":8,"key":"RECALL"},{"data":"bronze:Fortify","floor":11,"key":"SMITH"},{"data":"bronze:Fortify","floor":13,"key":"SMITH"}],"circlet_count":0,"master_deck":["bronze:Strike","bronze:Strike","bronze:Strike","bronze:Defend","bronze:Defend","bronze:Defend","bronze:Defend","bronze:Replicate","bronze:Goto","Apotheosis+1","bronze:DelayedGuard","bronze:Fortify+1","bronze:Iterate","bronze:ChildClass","bronze:Shell","bronze:WhirlingStrike","bronze:Iterate","bronze:Fortify+1","bronze:FineTuning"],"relics":["bronze:BronzeCore","downfall:HeartBlessingBlue"],"acts_visited":["Exordium"],"potions_floor_usage":[15,16],"damage_taken":[{"damage":1,"enemies":"Jaw Worm","floor":2,"turns":4},{"damage":0,"enemies":"Cultist","floor":3,"turns":4},{"damage":2,"enemies":"Small Slimes","floor":4,"turns":3},{"damage":2,"enemies":"downfall:FleeingMerchant","floor":6,"turns":4},{"damage":0,"enemies":"Red Slaver","floor":9,"turns":3},{"damage":12,"enemies":"Exordium Thugs","floor":10,"turns":3},{"damage":4,"enemies":"Blue Slaver","floor":12,"turns":4},{"damage":12,"enemies":"3 Louse","floor":14,"turns":3},{"damage":0,"enemies":"2 Fungi Beasts","floor":15,"turns":2},{"damage":41,"enemies":"SI_SHIV_ARCHETYPE","floor":16,"turns":10}],"seed_played":"-4425975402326516669","potions_obtained":[{"floor":9,"key":"Block Potion"},{"floor":10,"key":"ColorlessPotion"},{"floor":14,"key":"bronze:FreeFunctionsPotion"}],"is_trial":false,"path_per_floor":["R","M","M","M","?","$","T","R","M","M","R","M","R","M","M","B"],"character_chosen":"THE_AUTOMATON","items_purchased":["bronze:Shell"],"campfire_rested":0,"item_purchase_floors":[6],"current_hp_per_floor":[63,62,62,60,60,58,58,68,68,56,56,52,52,40,40,0,0],"gold":65,"neow_bonus":"RANDOM_COLORLESS_2","is_daily":false,"chose_seed":false,"campfire_upgraded":3,"win_rate":0.0,"timestamp":1610992271,"path_taken":["R","M","M","M","?","$","T","R","?","M","R","M","R","M","M","BOSS"],"items_purchased_type":["Card"],"build_version":"2020-12-22","purchased_purges":1,"victory":false,"max_hp_per_floor":[63,63,63,63,63,63,63,73,73,73,73,73,73,73,73,73,73],"relic_stats":{"counters":[10,40],"obtain_stats":[{"bronze:BronzeCore":0,"downfall:HeartBlessingBlue":8},{"bronze:BronzeCore":0,"downfall:HeartBlessingBlue":4},{"bronze:BronzeCore":0,"downfall:HeartBlessingBlue":15}]},"card_choices":[{"not_picked":["Violence","Magnetism"],"picked":"Apotheosis","floor":0},{"not_picked":["bronze:Return","bronze:OilSpill"],"picked":"bronze:DelayedGuard","floor":2},{"not_picked":["bronze:FineTuning","bronze:ForLoop"],"picked":"bronze:Fortify","floor":3},{"not_picked":["bronze:BuggyMess","bronze:Safeguard"],"picked":"bronze:Iterate","floor":4},{"not_picked":["bronze:Branch","bronze:GetLatest"],"picked":"bronze:ChildClass","floor":6},{"not_picked":["bronze:BuggyMess","bronze:Iterate"],"picked":"bronze:WhirlingStrike","floor":9},{"not_picked":["bronze:CleanCode","bronze:ClassDefault"],"picked":"bronze:Iterate","floor":10},{"not_picked":["bronze:Repair","bronze:Philosophize"],"picked":"bronze:Fortify","floor":12},{"not_picked":["bronze:Shield","bronze:CutThrough"],"picked":"bronze:FineTuning","floor":14},{"not_picked":["bronze:DigitalCarnage","bronze:Shield","bronze:Turbo"],"picked":"SKIP","floor":15}],"player_experience":870530,"relics_obtained":[],"event_choices":[{"damage_healed":0,"gold_gain":100,"player_choice":"Gold","damage_taken":0,"max_hp_gain":0,"max_hp_loss":0,"event_name":"Wheel of Change","floor":5,"gold_loss":0}],"is_beta":false,"boss_relics":[],"items_purged_floors":[6],"is_endless":false,"potions_floor_spawned":[9,10,14],"killed_by":"SI_SHIV_ARCHETYPE","ascension_level":0}}