{"host":"f6w7z8zvb0mi4wy9","time":1610957597,"event":{"mods":["BaseMod","Colored Map","Minty Spire (QoL Compilation)","READ ME - Guardian Mod","StSLib","SuperFastMode","The Jungle"],"gold_per_floor":[119,294,308,43,43,70,70,100,126,146,206,217,247,261,261,356,356,375,86,185,185,197,226,226,226,226],"floor_reached":25,"language":"KOR","playtime":793,"items_purged":["Doubt"],"score":301,"play_id":"6846cabb-2579-45de-a071-7c7422e20485","local_time":"20210118171317","is_ascension_mode":true,"campfire_choices":[{"data":"Zap","floor":7,"key":"SMITH"},{"floor":15,"key":"REST"},{"data":"Defragment","floor":24,"key":"SMITH"}],"circlet_count":0,"master_deck":["Strike_B","Strike_B","Strike_B","Strike_B","Defend_B","Defend_B","Defend_B","Defend_B","Zap+1","Dualcast","Hello World","Beam Cell","Magnetism+1","Beam Cell","Stack","Defragment","Gash","All For One","Storm","Capacitor","Defragment+1","Capacitor","Defragment","Defragment","Defragment"],"relics":["Cracked Core","Anchor","Akabeko","The Courier","Omamori","Ancient Tea Set","Pear","Black Star","Kunai","Orichalcum"],"acts_visited":["Exordium","TheCity"],"potions_floor_usage":[3,11,16,22,23,25],"damage_taken":[{"damage":0,"enemies":"2 Louse","floor":1,"turns":2},{"damage":0,"enemies":"Jaw Worm","floor":3,"turns":2},{"damage":21,"enemies":"Gremlin Nob","floor":6,"turns":4},{"damage":9,"enemies":"3 Sentries","floor":8,"turns":6},{"damage":0,"enemies":"Small Slimes","floor":10,"turns":2},{"damage":19,"enemies":"Lagavulin Event","floor":11,"turns":6},{"damage":5,"enemies":"Blue Slaver","floor":12,"turns":3},{"damage":8,"enemies":"Lagavulin","floor":13,"turns":6},{"damage":5,"enemies":"Exordium Thugs","floor":14,"turns":3},{"damage":8,"enemies":"The Guardian","floor":16,"turns":10},{"damage":11,"enemies":"Spheric Guardian","floor":18,"turns":5},{"damage":20,"enemies":"3 Byrds","floor":22,"turns":5},{"damage":58,"enemies":"Book of Stabbing","floor":23,"turns":5},{"damage":18,"enemies":"Slavers","floor":25,"turns":2}],"seed_played":"4988977228130516510","potions_obtained":[{"floor":1,"key":"AttackPotion"},{"floor":8,"key":"DistilledChaos"},{"floor":10,"key":"FocusPotion"},{"floor":11,"key":"Strength Potion"},{"floor":12,"key":"Swift Potion"},{"floor":14,"key":"PowerPotion"},{"floor":16,"key":"Weak Potion"},{"floor":18,"key":"SkillPotion"},{"floor":22,"key":"ColorlessPotion"}],"is_trial":false,"path_per_floor":["M","?","M","$","?","E","R","E","T","M","?","M","E","M","R","B",null,"M","$","?","?","M","E","R","E"],"character_chosen":"DEFECT","items_purchased":["Magnetism","Capacitor","Defragment","Capacitor","Defragment","Defragment"],"campfire_rested":1,"item_purchase_floors":[4,19,19,19,19,19],"current_hp_per_floor":[75,75,75,75,75,54,54,45,45,45,26,21,23,18,43,35,85,74,74,74,95,75,17,17,0,0],"gold":226,"neow_bonus":"RANDOM_COMMON_RELIC","is_daily":false,"chose_seed":false,"campfire_upgraded":2,"win_rate":0.0,"timestamp":1610957597,"path_taken":["M","?","M","$","?","E","R","E","T","M","?","M","E","M","R","BOSS","M","$","?","?","?","E","R","E"],"items_purchased_type":["Card","Card","Card","Card","Card","Card"],"build_version":"2020-12-22","purchased_purges":1,"victory":false,"max_hp_per_floor":[75,75,75,75,75,75,75,75,75,75,75,75,85,85,85,85,85,85,85,85,95,95,95,95,95,95],"card_choices":[{"not_picked":["Rebound","Force Field"],"picked":"Hello World","floor":1},{"not_picked":["Static Discharge","Rebound"],"picked":"Beam Cell","floor":3},{"not_picked":["Auto Shields","Biased Cognition"],"picked":"Beam Cell","floor":6},{"not_picked":["Hologram","Leap"],"picked":"Rainbow","floor":8},{"not_picked":["Leap","Static Discharge"],"picked":"Stack","floor":10},{"not_picked":["Static Discharge","Recycle"],"picked":"Defragment","floor":12},{"not_picked":["Cold Snap","Redo"],"picked":"Gash","floor":13},{"not_picked":["Cold Snap","Static Discharge","Streamline"],"picked":"SKIP","floor":14},{"not_picked":["Seek","Core Surge"],"picked":"All For One","floor":16},{"not_picked":["Conserve Battery","Auto Shields+1"],"picked":"Storm","floor":18},{"not_picked":["Streamline","Fusion"],"picked":"Defragment","floor":22},{"not_picked":["Barrage+1","Tempest","Genetic Algorithm"],"picked":"SKIP","floor":23}],"player_experience":882822,"relics_obtained":[{"floor":6,"key":"Akabeko"},{"floor":8,"key":"The Courier"},{"floor":9,"key":"Omamori"},{"floor":11,"key":"Ancient Tea Set"},{"floor":13,"key":"Pear"},{"floor":23,"key":"Kunai"},{"floor":23,"key":"Orichalcum"}],"event_choices":[{"damage_healed":0,"gold_gain":175,"player_choice":"AGREE","damage_taken":0,"max_hp_gain":0,"max_hp_loss":0,"event_name":"Liars Game","floor":2,"gold_loss":0,"cards_obtained":["Doubt"]},{"damage_healed":0,"gold_gain":0,"player_choice":"Grow","damage_taken":0,"max_hp_gain":0,"max_hp_loss":0,"event_name":"Living Wall","floor":5,"gold_loss":0,"cards_upgraded":["Magnetism"]},{"damage_healed":0,"gold_gain":0,"player_choice":"Searched \u00271\u0027 times","damage_taken":0,"max_hp_gain":0,"max_hp_loss":0,"event_name":"Dead Adventurer","floor":11,"gold_loss":0},{"damage_healed":0,"gold_gain":99,"player_choice":"Stole From Cult","damage_taken":0,"max_hp_gain":0,"max_hp_loss":0,"event_name":"Nest","floor":20,"gold_loss":0},{"cards_removed":["Rainbow"],"damage_healed":11,"gold_gain":0,"player_choice":"Offered Rare","damage_taken":0,"max_hp_gain":10,"max_hp_loss":0,"event_name":"Bonfire Elementals","floor":21,"gold_loss":0}],"is_beta":false,"boss_relics":[{"not_picked":["Fusion Hammer","Runic Dome"],"picked":"Black Star"}],"items_purged_floors":[4],"is_endless":false,"potions_floor_spawned":[1,8,10,11,12,14,16,18,22],"killed_by":"Slavers","ascension_level":1}}