{"host":"la6t950uoatqs0xt","time":1610935983,"event":{"mods":["AchievementEnabler","BaseMod","Colored Powertips","Minty Spire (QoL Compilation)","Quick Restart","Rare Cards Sparkle"],"gold_per_floor":[112,128,128,19,39,39,67,67,90,122,87,100,0,10,10,10,10],"floor_reached":16,"language":"ENG","playtime":597,"items_purged":["Defend_G","Doubt"],"score":121,"play_id":"eee54a79-2ddc-44c9-9f92-547a40de0aec","local_time":"20210117211303","is_ascension_mode":true,"campfire_choices":[{"data":"Catalyst","floor":6,"key":"SMITH"},{"floor":8,"key":"REST"},{"floor":15,"key":"REST"}],"circlet_count":0,"master_deck":["Strike_G","Strike_G","Strike_G","Strike_G","Strike_G","Defend_G","Defend_G","Defend_G","Defend_G","Survivor","Neutralize+1","Backstab","Underhanded Strike","Catalyst+1","Deadly Poison","Deadly Poison","Crippling Poison","Caltrops"],"relics":["Ring of the Snake","Nunchaku","Anchor","Pantograph"],"acts_visited":["Exordium"],"potions_floor_usage":[7],"damage_taken":[{"damage":6,"enemies":"Jaw Worm","floor":1,"turns":7},{"damage":0,"enemies":"Small Slimes","floor":2,"turns":2},{"damage":11,"enemies":"Cultist","floor":5,"turns":4},{"damage":21,"enemies":"3 Sentries","floor":7,"turns":7},{"damage":23,"enemies":"Lagavulin","floor":10,"turns":6},{"damage":1,"enemies":"Red Slaver","floor":12,"turns":3},{"damage":0,"enemies":"3 Louse","floor":14,"turns":2},{"damage":93,"enemies":"Slime Boss","floor":16,"turns":10}],"seed_played":"2184978087413858856","potions_obtained":[{"floor":2,"key":"PowerPotion"},{"floor":14,"key":"SpeedPotion"}],"is_trial":false,"path_per_floor":["M","M","?","$","M","R","E","R","T","E","?","M","$","M","R","B"],"character_chosen":"THE_SILENT","items_purchased":["Catalyst"],"campfire_rested":2,"item_purchase_floors":[4],"current_hp_per_floor":[78,78,78,78,67,67,46,71,71,48,69,68,68,68,84,0,0],"gold":10,"neow_bonus":"TWENTY_PERCENT_HP_BONUS","is_daily":false,"chose_seed":false,"campfire_upgraded":1,"win_rate":0.0,"timestamp":1610935983,"path_taken":["M","M","?","$","M","R","E","R","T","E","?","?","?","?","R","BOSS"],"items_purchased_type":["Card"],"build_version":"2020-12-22","purchased_purges":2,"victory":false,"max_hp_per_floor":[84,84,84,84,84,84,84,84,84,84,84,84,84,84,84,84,84],"card_choices":[{"not_picked":["Eviscerate","Finisher"],"picked":"Backstab","floor":1},{"not_picked":["Acrobatics","Prepared"],"picked":"Underhanded Strike","floor":2},{"not_picked":["Backflip","Skewer"],"picked":"Deadly Poison","floor":5},{"not_picked":["Underhanded Strike","Dodge and Roll"],"picked":"Deadly Poison","floor":7},{"not_picked":["Storm of Steel","Flechettes"],"picked":"Crippling Poison","floor":10},{"not_picked":["Terror","Acrobatics","Skewer"],"picked":"SKIP","floor":12},{"not_picked":["Masterful Stab","Cloak And Dagger"],"picked":"Caltrops","floor":14}],"player_experience":253471,"relics_obtained":[{"floor":7,"key":"Nunchaku"},{"floor":9,"key":"Anchor"},{"floor":10,"key":"Pantograph"}],"event_choices":[{"damage_healed":0,"gold_gain":0,"player_choice":"Grow","damage_taken":0,"max_hp_gain":0,"max_hp_loss":0,"event_name":"Living Wall","floor":3,"gold_loss":0,"cards_upgraded":["Neutralize"]},{"damage_healed":21,"gold_gain":0,"player_choice":"Healed","damage_taken":0,"max_hp_gain":0,"max_hp_loss":0,"event_name":"The Cleric","floor":11,"gold_loss":35}],"is_beta":false,"boss_relics":[],"items_purged_floors":[4,13],"is_endless":false,"potions_floor_spawned":[2,14],"killed_by":"Slime Boss","ascension_level":2}}