{"host":"«Â«˛","time":1610987845,"event":{"mods":["BaseMod","Colored Powertips","Marisa£®ÏF”Í°°ƒß¿Ì…≥£©","Minty Spire (QoL Compilation)","Quick Restart","StSLib"],"gold_per_floor":[417,517,535,549,186,186,186,186,186,186,239,75,75,75,75,178,178,192,192,192,91,105,105,105,105,130,130,145,145,145,162,162,259,259,278,278,278,296,140,140,140,140,164,41,41,58,58,94,94,94,94],"floor_reached":50,"language":"ZHS","playtime":2755,"items_purged":[],"score":525,"play_id":"4788561a-0463-48dc-ae3b-1db3bb994b11","local_time":"20210119003725","daily_mods":["SealedDeck","Heirloom","Time Dilation","Flight"],"is_ascension_mode":false,"campfire_choices":[{"data":"EscapeVelocity","floor":6.0,"key":"SMITH"},{"data":"ManaRampage","floor":7.0,"key":"SMITH"},{"data":"EnergyFlow","floor":8.0,"key":"SMITH"},{"data":"GalacticHalo","floor":10.0,"key":"SMITH"},{"data":"CasketOfStar","floor":13.0,"key":"SMITH"},{"data":"GalacticHalo","floor":15.0,"key":"SMITH"},{"data":"CasketOfStar","floor":23.0,"key":"SMITH"},{"data":"OrrerysSun","floor":27.0,"key":"SMITH"},{"data":"MilkyWay","floor":29.0,"key":"SMITH"},{"data":"6A","floor":30.0,"key":"SMITH"},{"data":"AsteroidBelt","floor":32.0,"key":"SMITH"},{"data":"MillisecondPulsars","floor":40.0,"key":"SMITH"},{"floor":41.0,"key":"REST"},{"data":"BlazingStar","floor":45.0,"key":"SMITH"},{"floor":49,"key":"REST"}],"circlet_count":0,"master_deck":["6A+1","GalacticHalo+1","GalacticHalo+1","PowerUp","ShootingEcho","ShootingEcho","ShootingEcho","WitchLeyline","AsteroidBelt","EnergyFlow+1","EscapeVelocity+1","GasGiant","ManaRampage+1","Parasite","Parasite","CasketOfStar+1","CasketOfStar+1","SuperPerseids","MilkyWay+1","AsteroidBelt+1","NonDirectionalLaser","OrrerysSun+1","GalacticHalo+1","MillisecondPulsars+1","Acceleration+1","Acceleration+1","BlazingStar+1","Writhe","Acceleration","Singularity","DoubleSpark","6A+1"],"relics":["MiniHakkero","Old Coin","ShroomBag","Gremlin Horn","ExperimentalFamiliar","Boot","RampagingMagicTools","Nunchaku","CeramicFish"],"acts_visited":["Exordium","TheCity","TheBeyond"],"potions_floor_usage":[48,50],"damage_taken":[{"damage":0.0,"enemies":"Jaw Worm","floor":1.0,"turns":1.0},{"damage":0.0,"enemies":"Cultist","floor":3.0,"turns":2.0},{"damage":0.0,"enemies":"2 Louse","floor":4.0,"turns":2.0},{"damage":0.0,"enemies":"Slime Boss","floor":16.0,"turns":4.0},{"damage":0.0,"enemies":"Chosen","floor":18.0,"turns":3.0},{"damage":5.0,"enemies":"3 Byrds","floor":22.0,"turns":2.0},{"damage":0.0,"enemies":"Snecko","floor":28.0,"turns":2.0},{"damage":7.0,"enemies":"Snake Plant","floor":31.0,"turns":2.0},{"damage":33.0,"enemies":"Automaton","floor":33.0,"turns":8.0},{"damage":29.0,"enemies":"3 Shapes","floor":35.0,"turns":2.0},{"damage":18.0,"enemies":"3 Darklings","floor":38.0,"turns":3.0},{"damage":16.0,"enemies":"Jaw Worm Horde","floor":46.0,"turns":3.0},{"damage":24,"enemies":"Nemesis","floor":48,"turns":3},{"damage":49,"enemies":"Time Eater","floor":50,"turns":6}],"seed_played":"635853137824892516","potions_obtained":[{"floor":3.0,"key":"BlessingOfTheForge"},{"floor":16.0,"key":"LiquidMemories"},{"floor":28.0,"key":"BlessingOfTheForge"},{"floor":48,"key":"ColorlessPotion"}],"is_trial":true,"path_per_floor":["M","?","M","M","$","R","R","R","T","R","?","$","R","?","R","B",null,"M","?","?","$","M","R","?","?","T","R","M","R","R","M","R","B",null,"M","?","$","M","$","R","R","?","T","$","R","M","$","E","R","B"],"character_chosen":"MARISA","items_purchased":["GasGiant","ManaRampage","ShroomBag","CasketOfStar","MilkyWay","AsteroidBelt","BlazingStar","Acceleration","Singularity"],"campfire_rested":2,"item_purchase_floors":[5,5,5,12,21,21,39,44,44],"current_hp_per_floor":[75,75,75,75,75,75,75,75,75,75,75,75,75,80,80,80,80,80,80,80,80,75,75,75,75,75,75,75,75,75,70,70,41,80,51,51,51,37,37,37,61,80,80,80,80,68,68,48,72,25,25],"gold":94,"neow_bonus":"","is_daily":false,"chose_seed":false,"campfire_upgraded":13,"win_rate":0.0,"timestamp":1610987845,"path_taken":["M","?","?","M","?","R","R","R","T","R","?","$","R","?","R","BOSS","M","?","?","$","M","R","?","?","T","R","?","R","R","M","R","BOSS","M","?","$","M","$","R","R","?","T","?","R","M","$","E","R","BOSS"],"items_purchased_type":["Card","Card","Relic","Card","Card","Card","Card","Card","Card"],"build_version":"2020-12-18","purchased_purges":0,"victory":false,"max_hp_per_floor":[75,75,75,75,75,75,75,75,75,75,75,75,75,80,80,80,80,80,80,80,80,80,80,80,80,80,80,80,80,80,80,80,80,80,80,80,80,80,80,80,80,80,80,80,80,80,80,80,80,80,80],"card_choices":[{"not_picked":["NonDirectionalLaser","Orbital"],"picked":"AsteroidBelt","floor":1.0},{"not_picked":["PowerUp","AlicesGift"],"picked":"EnergyFlow","floor":3.0},{"not_picked":["LuminesStrike","MysteriousBeam"],"picked":"EscapeVelocity","floor":4.0},{"not_picked":["ManaRampage","MaximisePower"],"picked":"CasketOfStar","floor":16.0},{"not_picked":["AlicesGift+1","UnstableBomb"],"picked":"SuperPerseids","floor":18.0},{"not_picked":["LuminesStrike","OneTimeOff"],"picked":"NonDirectionalLaser","floor":22.0},{"not_picked":["WitchOfGreed","DC","MysteriousBeam"],"picked":"SKIP","floor":28.0},{"not_picked":["MaximisePower","WitchOfGreed+1"],"picked":"GalacticHalo+1","floor":31.0},{"not_picked":["AbsoluteMagnitude","FinalSpark"],"picked":"MillisecondPulsars","floor":33.0},{"not_picked":["GalacticHalo+1","UnstableBomb"],"picked":"Acceleration+1","floor":35.0},{"not_picked":["NonDirectionalLaser","MysteriousBeam+1"],"picked":"Acceleration+1","floor":38.0},{"not_picked":["ShootingEcho","GrandCross"],"picked":"DoubleSpark","floor":46.0},{"not_picked":["MillisecondPulsars","Occultation"],"picked":"6A+1","floor":48}],"player_experience":244639,"relics_obtained":[{"floor":9.0,"key":"Gremlin Horn"},{"floor":26.0,"key":"Boot"},{"floor":43.0,"key":"Nunchaku"},{"floor":48,"key":"CeramicFish"}],"event_choices":[{"damage_healed":0.0,"max_hp_gain":0.0,"max_hp_loss":0.0,"gold_gain":100.0,"event_name":"Golden Shrine","player_choice":"Pray","floor":2.0,"gold_loss":0.0,"damage_taken":0.0},{"damage_healed":0.0,"max_hp_gain":0.0,"max_hp_loss":0.0,"gold_gain":53.0,"event_name":"Golden Wing","player_choice":"Gained Gold","floor":11.0,"gold_loss":0.0,"damage_taken":0.0},{"damage_healed":0.0,"max_hp_gain":5.0,"max_hp_loss":0.0,"gold_gain":0.0,"event_name":"Big Fish","player_choice":"Donut","floor":14.0,"gold_loss":0.0,"damage_taken":0.0},{"damage_healed":0.0,"max_hp_gain":0.0,"max_hp_loss":0.0,"gold_gain":0.0,"event_name":"Vampires","player_choice":"Ignored","floor":19.0,"gold_loss":0.0,"damage_taken":0.0},{"cards_removed":["MeteoricShower"],"damage_healed":0.0,"max_hp_gain":0.0,"max_hp_loss":0.0,"gold_gain":0.0,"event_name":"Back to Basics","player_choice":"Elegance","floor":20.0,"gold_loss":0.0,"damage_taken":0.0},{"damage_healed":0.0,"max_hp_gain":0.0,"max_hp_loss":0.0,"gold_gain":0.0,"event_name":"The Library","player_choice":"Read","floor":24.0,"gold_loss":0.0,"damage_taken":0.0,"cards_obtained":["OrrerysSun"]},{"damage_healed":0.0,"max_hp_gain":0.0,"max_hp_loss":0.0,"gold_gain":0.0,"event_name":"Cursed Tome","player_choice":"Ignored","floor":25.0,"gold_loss":0.0,"damage_taken":0.0},{"cards_removed":["WitchLeyline"],"damage_healed":0.0,"max_hp_gain":0.0,"max_hp_loss":0.0,"gold_gain":0.0,"event_name":"Falling","player_choice":"Removed Attack","floor":36.0,"gold_loss":0.0,"damage_taken":0.0},{"damage_healed":20.0,"max_hp_gain":0.0,"max_hp_loss":0.0,"gold_gain":0.0,"event_name":"Winding Halls","player_choice":"Writhe","floor":42.0,"gold_loss":0.0,"damage_taken":0.0,"cards_obtained":["Writhe"]}],"is_beta":true,"boss_relics":[{"not_picked":["Ectoplasm","Philosopher\u0027s Stone"],"picked":"ExperimentalFamiliar"},{"not_picked":["Snecko Eye","Busted Crown"],"picked":"RampagingMagicTools"}],"items_purged_floors":[],"is_endless":false,"potions_floor_spawned":[3,16,28,33,48],"killed_by":"Time Eater","ascension_level":0}}