{"host":"tkinv8gv6hgcc58b","time":1610946964,"event":{"mods":["AchievementEnabler","BaseMod","Colored Map","Downfall","Duelist Mod","GifTheSpireLib","Googly Eyes","Hermit","Minty Spire (QoL Compilation)","READ ME - Guardian Mod","Rare Cards Sparkle","Relic Filter","Shop Mod","StSLib","The Cursed","The Disciple"],"gold_per_floor":[99,111,111,127,127,127,127,145,188,188,228,228,228,37,55,160,160,160,183,4,28,21,21,21,26,42,78,96,111,111,111,123,218,218,218,242,268,7,27,40,66,87,37,37,37,79,79,104,104,104,104],"floor_reached":49,"language":"ENG","playtime":5081,"items_purged":["Decay"],"score":703,"play_id":"8946cdb2-693e-4787-9f0a-49733a7a55d6","local_time":"20210118001604","is_ascension_mode":true,"campfire_choices":[{"data":"hexamod:Float","floor":1.0,"key":"SMITH"},{"floor":10.0,"key":"REST"},{"floor":13.0,"key":"REST"},{"floor":18.0,"key":"DIG"},{"floor":23.0,"key":"DIG"},{"floor":30.0,"key":"REST"},{"data":"hexamod:ForkedFlame","floor":35.0,"key":"SMITH"},{"floor":45,"key":"REST"},{"floor":47,"key":"REST"}],"circlet_count":0,"master_deck":["hexamod:Strike","hexamod:Strike","hexamod:Strike","hexamod:Defend","hexamod:Defend","hexamod:Defend","hexamod:Sear","hexamod:Float+1","hexamod:AdvancingGuard","hexamod:FastForward","hexamod:FirstSeal","hexamod:SecondSeal","hexamod:SoulSteal","hexamod:FastForward","hexamod:GhostOfSpireFuture","hexamod:BurningTouch","hexamod:Rewind","hexamod:TimeOfNeed","hexamod:ThirdSeal","expansioncontent:DashGenerateEvil","hexamod:StepThrough","hexamod:ChargedBarrage+1","hexamod:FourthSeal","hexamod:Incineration+1","hexamod:GhostOfSpirePresent","hexamod:RadiantFlame","hexamod:PhantomCloak","hexamod:NecessarySacrifice+1","hexamod:RecurringNightmare+1","hexamod:ForkedFlame+1","hexamod:PhantomFireball","hexamod:SuperheatedStrike","hexamod:EmpoweredFlame","hexamod:TimeOfNeed","hexamod:ExtraCrispy","hexamod:InspiringFlames+1","Parasite","hexamod:ParanormalForm","hexamod:PhantomFireball+1","hexamod:ThermalTransfer","hexamod:RadiantFlame+1","hexamod:GiftsFromTheDead"],"relics":["Runic Pyramid","downfall:ShatteredFragment","Smiling Mask","Shuriken","Singing Bowl","Shovel","Regal Pillow","hexamod:IceCube","Mummified Hand","Anchor","InkBottle","hexamod:SoulConsumer","Darkstone Periapt","SlaversCollar","hexamod:InflammatoryLetter","Oddly Smooth Stone","Slimebound:PreparedRelic"],"acts_visited":["Exordium","TheCity","TheBeyond"],"potions_floor_usage":[40,42,46],"damage_taken":[{"damage":7.0,"enemies":"Jaw Worm","floor":2.0,"turns":3.0},{"damage":0.0,"enemies":"Small Slimes","floor":4.0,"turns":3.0},{"damage":1.0,"enemies":"Cultist","floor":8.0,"turns":3.0},{"damage":27.0,"enemies":"3 Sentries","floor":9.0,"turns":7.0},{"damage":17.0,"enemies":"Lagavulin","floor":11.0,"turns":6.0},{"damage":14.0,"enemies":"Lots of Slimes","floor":12.0,"turns":2.0},{"damage":0.0,"enemies":"downfall:FleeingMerchant","floor":14.0,"turns":4.0},{"damage":9.0,"enemies":"Large Slime","floor":15.0,"turns":4.0},{"damage":32.0,"enemies":"DF_ARCHETYPE_STREAMLINE","floor":16.0,"turns":10.0},{"damage":29.0,"enemies":"3 Byrds","floor":19.0,"turns":4.0},{"damage":6.0,"enemies":"downfall:FleeingMerchant","floor":20.0,"turns":4.0},{"damage":2.0,"enemies":"Chosen","floor":21.0,"turns":3.0},{"damage":13.0,"enemies":"downfall:FleeingMerchant","floor":22.0,"turns":4.0},{"damage":4.0,"enemies":"downfall:FleeingMerchant","floor":25.0,"turns":4.0},{"damage":11.0,"enemies":"3 Cultists","floor":26.0,"turns":4.0},{"damage":46.0,"enemies":"Gremlin Leader","floor":27.0,"turns":5.0},{"damage":12.0,"enemies":"Shelled Parasite and Fungi","floor":28.0,"turns":4.0},{"damage":11.0,"enemies":"Sentry and Sphere","floor":29.0,"turns":3.0},{"damage":22.0,"enemies":"Snecko","floor":32.0,"turns":4.0},{"damage":33.0,"enemies":"IC_MUSHROOM_ARCHETYPE","floor":33.0,"turns":5.0},{"damage":0.0,"enemies":"3 Shapes","floor":36.0,"turns":4.0},{"damage":70.0,"enemies":"3 Darklings","floor":37.0,"turns":4.0},{"damage":8.0,"enemies":"Transient","floor":39.0,"turns":5.0},{"damage":20,"enemies":"Writhing Mass","floor":40,"turns":4},{"damage":35,"enemies":"3 Darklings","floor":42,"turns":6},{"damage":56,"enemies":"Reptomancer","floor":46,"turns":6},{"damage":71,"enemies":"Spire Growth","floor":48,"turns":5},{"damage":16,"enemies":"Sphere and 2 Shapes","floor":49,"turns":3}],"seed_played":"-4774771752726991213","potions_obtained":[{"floor":4.0,"key":"SmokeBomb"},{"floor":11.0,"key":"Block Potion"},{"floor":15.0,"key":"SteroidPotion"},{"floor":16.0,"key":"PowerPotion"},{"floor":25.0,"key":"Energy Potion"},{"floor":26.0,"key":"SneckoOil"},{"floor":27.0,"key":"Regen Potion"},{"floor":28.0,"key":"hexamod:InfernoChargePotion"},{"floor":29.0,"key":"CultistPotion"},{"floor":32.0,"key":"SteroidPotion"},{"floor":33.0,"key":"DuplicationPotion"},{"floor":42,"key":"PowerPotion"},{"floor":46,"key":"Dexterity Potion"}],"is_trial":false,"path_per_floor":["R","M","?","M","?","?","T","M","E","R","E","M","R","$","M","B",null,"R","M","$","M","$","R","T","$","M","E","M","M","R","?","M","B",null,"R","M","M","$","M","M","T","M","$","?","R","E","R","M","M"],"character_chosen":"THE_SPIRIT","items_purchased":["Regal Pillow","hexamod:BurningTouch","expansioncontent:DashGenerateEvil","hexamod:SoulConsumer","hexamod:PhantomCloak","hexamod:InflammatoryLetter"],"campfire_rested":5,"item_purchase_floors":[14,14,20,25,25,38],"current_hp_per_floor":[70,63,42,42,39,39,39,45,25,46,36,22,43,50,48,23,70,70,50,51,56,50,50,50,53,51,16,17,13,50,56,47,25,84,84,84,27,27,32,22,22,28,28,28,71,28,72,14,0,0,0],"gold":104,"neow_bonus":"BOSS_RELIC","is_daily":false,"chose_seed":false,"campfire_upgraded":2,"win_rate":0.0,"timestamp":1610946964,"path_taken":["R","M","?","M","?","?","T","M","E","R","E","?","R","$","M","BOSS","R","M","?","M","$","R","T","$","M","E","M","M","R","?","M","BOSS","R","M","M","?","M","?","T","M","$","?","R","E","R","M","M"],"items_purchased_type":["Relic","Card","Card","Relic","Card","Relic"],"build_version":"2020-12-22","purchased_purges":1,"victory":false,"max_hp_per_floor":[70,70,70,70,70,70,70,70,70,70,70,70,70,70,70,70,70,70,72,72,72,72,72,72,72,74,74,76,76,76,82,84,84,84,84,84,86,86,88,94,94,96,96,96,96,98,98,100,100,100,100],"card_choices":[{"not_picked":["hexamod:GhostLash","hexamod:Firestarter"],"picked":"hexamod:AdvancingGuard","floor":2.0},{"not_picked":["hexamod:HeatShield","hexamod:AdvancingGuard"],"picked":"hexamod:FastForward","floor":4.0},{"not_picked":["hexamod:FirstSeal","hexamod:SpectralSpark"],"picked":"hexamod:SecondSeal","floor":8.0},{"not_picked":["hexamod:SwordOfDarkness","hexamod:SpectralSpark"],"picked":"hexamod:SoulSteal","floor":9.0},{"not_picked":["hexamod:HeatCrush","hexamod:SwordOfDarkness"],"picked":"hexamod:FastForward","floor":11.0},{"not_picked":["hexamod:AdvancingGuard","hexamod:SpectralAdrenaline"],"picked":"hexamod:GhostOfSpireFuture","floor":14.0},{"not_picked":["hexamod:RetreatToShadows","hexamod:EmpoweredFlame"],"picked":"hexamod:Rewind","floor":15.0},{"not_picked":["hexamod:WildfireWeapon","hexamod:FlameSwitch"],"picked":"hexamod:TimeOfNeed","floor":16.0},{"not_picked":["hexamod:HeatCrush","hexamod:Hexaguard","hexamod:NightmareStrike+1"],"picked":"Singing Bowl","floor":19.0},{"not_picked":["hexamod:HeatShield","hexamod:BacktrackSmack"],"picked":"hexamod:ThirdSeal","floor":20.0},{"not_picked":["hexamod:GhostLash+1","hexamod:AdvancingGuard"],"picked":"hexamod:StepThrough","floor":21.0},{"not_picked":["hexamod:FlamesFromBeyond","hexamod:GhostLash"],"picked":"hexamod:ChargedBarrage+1","floor":21.0},{"not_picked":["hexamod:BurningTouch","hexamod:SpectersWail"],"picked":"hexamod:FourthSeal","floor":22.0},{"not_picked":["hexamod:ThirdSeal","hexamod:HeatCrush"],"picked":"hexamod:Incineration+1","floor":22.0},{"not_picked":["hexamod:BurningTouch","hexamod:GhostOfSpireFuture"],"picked":"hexamod:GhostOfSpirePresent","floor":25.0},{"not_picked":["hexamod:GhostShield","hexamod:GhostLash"],"picked":"hexamod:RadiantFlame","floor":25.0},{"not_picked":["hexamod:ThermalTransfer","hexamod:PowerFromBeyond"],"picked":"hexamod:NecessarySacrifice+1","floor":26.0},{"not_picked":["hexamod:Hexaguard","hexamod:SecondSeal","hexamod:NightmareStrike"],"picked":"Singing Bowl","floor":26.0},{"not_picked":["hexamod:FirstSeal","hexamod:ChargedBarrage"],"picked":"hexamod:RecurringNightmare+1","floor":27.0},{"not_picked":["hexamod:GhostOfSpirePast","hexamod:ChargedBarrage"],"picked":"hexamod:ForkedFlame","floor":27.0},{"not_picked":["hexamod:GhostLash+1","hexamod:RetreatToShadows+1","hexamod:BurningTouch"],"picked":"Singing Bowl","floor":28.0},{"not_picked":["hexamod:SuperheatedStrike","hexamod:GhostLash"],"picked":"hexamod:PhantomFireball","floor":29.0},{"not_picked":["hexamod:RainOfEmbers","hexamod:AdvancingGuard"],"picked":"hexamod:SuperheatedStrike","floor":29.0},{"not_picked":["hexamod:DynamicBlow+1","hexamod:SkipABeat"],"picked":"hexamod:EmpoweredFlame","floor":32.0},{"not_picked":["hexamod:SoulSteal","hexamod:Haunt","hexamod:Incineration"],"picked":"Singing Bowl","floor":32.0},{"not_picked":["hexamod:Toasty","hexamod:GhostflameInferno"],"picked":"hexamod:TimeOfNeed","floor":33.0},{"not_picked":["hexamod:PhantomCloak","hexamod:ChargedBarrage+1"],"picked":"hexamod:ExtraCrispy","floor":36.0},{"not_picked":["hexamod:SwordOfDarkness+1","hexamod:HauntingEcho+1","hexamod:AdvancingGuard+1"],"picked":"Singing Bowl","floor":37.0},{"not_picked":["hexamod:HauntingEcho+1","hexamod:Incineration+1","hexamod:AdvancingGuard"],"picked":"Singing Bowl","floor":39.0},{"not_picked":["hexamod:Rewind","hexamod:Hexaguard"],"picked":"hexamod:InspiringFlames+1","floor":39.0},{"not_picked":["hexamod:NightmareStrike","hexamod:InspiringFlames"],"picked":"hexamod:ParanormalForm","floor":40},{"not_picked":["hexamod:Haunt","hexamod:BurningTouch"],"picked":"hexamod:PhantomFireball+1","floor":40},{"not_picked":["hexamod:HauntingEcho","hexamod:Hexaguard","hexamod:RecurringNightmare"],"picked":"Singing Bowl","floor":42},{"not_picked":["hexamod:RetreatToShadows+1","hexamod:BacktrackSmack+1"],"picked":"hexamod:RadiantFlame+1","floor":46},{"not_picked":["hexamod:FastForward","hexamod:FlamesFromBeyond","hexamod:NightmareGuise+1"],"picked":"Singing Bowl","floor":46},{"not_picked":["hexamod:FastForward+1","hexamod:FlamesFromBeyond+1"],"picked":"hexamod:GiftsFromTheDead","floor":48},{"not_picked":["hexamod:SuperheatedStrike+1","hexamod:SpectersWail+1","hexamod:InspiringFlames"],"picked":"Singing Bowl","floor":48}],"player_experience":1026554,"relics_obtained":[{"floor":7.0,"key":"Shuriken"},{"floor":9.0,"key":"Singing Bowl"},{"floor":11.0,"key":"Shovel"},{"floor":18.0,"key":"Mummified Hand"},{"floor":23.0,"key":"Anchor"},{"floor":24.0,"key":"InkBottle"},{"floor":27.0,"key":"Darkstone Periapt"},{"floor":41,"key":"Oddly Smooth Stone"},{"floor":46,"key":"Slimebound:PreparedRelic"}],"event_choices":[{"damage_healed":0.0,"max_hp_gain":0.0,"max_hp_loss":0.0,"gold_gain":0.0,"event_name":"Scrap Ooze","player_choice":"Success","floor":5.0,"gold_loss":0.0,"damage_taken":3.0,"relics_obtained":["Smiling Mask"]},{"damage_healed":0.0,"max_hp_gain":0.0,"max_hp_loss":0.0,"gold_gain":0.0,"event_name":"Wheel of Change","player_choice":"Cursed","floor":31.0,"gold_loss":0.0,"damage_taken":0.0,"cards_obtained":["Decay"]}],"is_beta":false,"boss_relics":[{"not_picked":["Philosopher\u0027s Stone","Sozu"],"picked":"hexamod:IceCube"},{"not_picked":["Snecko Eye","Pandora\u0027s Box"],"picked":"SlaversCollar"}],"items_purged_floors":[43],"is_endless":false,"potions_floor_spawned":[4,11,15,16,26,28,32,33,37,42],"killed_by":"Sphere and 2 Shapes","ascension_level":3}}