{"host":"4ag909k4xupnj24b","time":1610951740,"event":{"mods":["BaseMod","Minty Spire (QoL Compilation)","StSLib"],"gold_per_floor":[114,133,31,31,45,75,75,75,75,75,75,75,87,87,87,162,162,177,177,12,24,24,24,57,57,57,57,67,167,167,185,185,185,185],"floor_reached":33,"language":"ENG","playtime":1511,"items_purged":["Writhe"],"score":632,"play_id":"f241b0cb-d350-4eb4-86ce-530c4449c472","local_time":"20210117223540","is_ascension_mode":true,"campfire_choices":[{"data":"Gash","floor":8,"key":"SMITH"},{"floor":10,"key":"REST"},{"data":"Scrape","floor":11,"key":"SMITH"},{"data":"Glacier","floor":12,"key":"SMITH"},{"floor":15,"key":"REST"},{"floor":23,"key":"REST"},{"data":"Defragment","floor":25,"key":"SMITH"},{"floor":27,"key":"REST"},{"floor":32,"key":"REST"}],"circlet_count":0,"master_deck":["AscendersBane","Strike_B","Strike_B","Defend_B","Defend_B","Defend_B","Defend_B","Zap","Dualcast","Rebound","Compile Driver","Gash+1","Leap","Scrape+1","Glacier+1","Sunder","Biased Cognition","Go for the Eyes","Defragment+1","Beam Cell","Blizzard","Streamline","Go for the Eyes","Consume"],"relics":["Cracked Core","Strawberry","Pocketwatch","WingedGreaves","Black Star","Unceasing Top","Enchiridion","Ancient Tea Set","Pantograph","Girya","Ice Cream","Eternal Feather"],"acts_visited":["Exordium","TheCity"],"potions_floor_usage":[6,24,29,29],"damage_taken":[{"damage":7,"enemies":"2 Louse","floor":1,"turns":3},{"damage":11,"enemies":"Cultist","floor":2,"turns":4},{"damage":0,"enemies":"Small Slimes","floor":5,"turns":2},{"damage":21,"enemies":"3 Sentries","floor":6,"turns":8},{"damage":21,"enemies":"Blue Slaver","floor":13,"turns":3},{"damage":51,"enemies":"Hexaghost","floor":16,"turns":12},{"damage":17,"enemies":"Shell Parasite","floor":18,"turns":7},{"damage":8,"enemies":"3 Byrds","floor":21,"turns":6},{"damage":16,"enemies":"Book of Stabbing","floor":24,"turns":7},{"damage":16,"enemies":"Sentry and Sphere","floor":28,"turns":5},{"damage":12,"enemies":"Colosseum Slavers","floor":29,"turns":4},{"damage":0,"enemies":"Colosseum Nobs","floor":29,"turns":5},{"damage":21,"enemies":"Shelled Parasite and Fungi","floor":31,"turns":6},{"damage":71,"enemies":"Champ","floor":33,"turns":17}],"seed_played":"-8780598730649418472","potions_obtained":[{"floor":1,"key":"DistilledChaos"},{"floor":5,"key":"FearPotion"},{"floor":21,"key":"SkillPotion"},{"floor":24,"key":"FocusPotion"}],"is_trial":false,"path_per_floor":["M","M","$","?","M","E","?","R","T","R","R","R","M","?","R","B",null,"M","?","$","M","?","R","E","R","T","R","M","?","?","M","R","B"],"character_chosen":"DEFECT","items_purchased":["Gash","Leap","Defragment","Beam Cell"],"campfire_rested":5,"item_purchase_floors":[3,3,20,20],"current_hp_per_floor":[64,53,53,58,58,37,37,37,37,61,61,61,40,40,64,13,66,49,49,49,41,20,44,28,28,28,52,36,24,24,3,39,0,0],"gold":185,"neow_bonus":"RANDOM_COMMON_RELIC","is_daily":false,"chose_seed":false,"campfire_upgraded":4,"win_rate":0.0,"timestamp":1610951740,"path_taken":["M","M","$","?","M","E","?","R","T","R","R","R","?","?","R","BOSS","M","?","$","M","?","R","E","R","T","R","M","?","?","M","R","BOSS"],"items_purchased_type":["Card","Card","Card","Card"],"build_version":"2020-12-22","purchased_purges":1,"victory":false,"max_hp_per_floor":[78,78,78,83,83,83,83,83,83,83,83,83,83,83,83,83,83,83,83,83,83,83,83,83,83,83,83,83,83,83,83,83,83,83],"card_choices":[{"not_picked":["BootSequence","Hologram"],"picked":"Rebound","floor":1},{"not_picked":["Stack","Turbo"],"picked":"Compile Driver","floor":2},{"not_picked":["Redo","Stack"],"picked":"Scrape","floor":5},{"not_picked":["Streamline","Recycle"],"picked":"Glacier","floor":6},{"not_picked":["Chaos","Compile Driver"],"picked":"Sunder","floor":13},{"not_picked":["Thunder Strike","Hyperbeam"],"picked":"Biased Cognition","floor":16},{"not_picked":["Redo","BootSequence"],"picked":"Go for the Eyes","floor":18},{"not_picked":["Conserve Battery+1","Rip and Tear","Steam"],"picked":"SKIP","floor":21},{"not_picked":["Thunder Strike","Go for the Eyes"],"picked":"Blizzard","floor":24},{"not_picked":["Turbo","Heatsinks"],"picked":"Streamline","floor":28},{"not_picked":["Reprogram","Rebound"],"picked":"Consume","floor":31}],"player_experience":858287,"relics_obtained":[{"floor":6,"key":"Pocketwatch"},{"floor":9,"key":"WingedGreaves"},{"floor":22,"key":"Enchiridion"},{"floor":24,"key":"Ancient Tea Set"},{"floor":24,"key":"Pantograph"},{"floor":26,"key":"Girya"},{"floor":29,"key":"Ice Cream"},{"floor":29,"key":"Eternal Feather"}],"event_choices":[{"damage_healed":0,"gold_gain":0,"player_choice":"Donut","damage_taken":0,"max_hp_gain":5,"max_hp_loss":0,"event_name":"Big Fish","floor":4,"gold_loss":0},{"cards_removed":["Strike_B"],"damage_healed":0,"gold_gain":0,"player_choice":"Offered Basic","damage_taken":0,"max_hp_gain":0,"max_hp_loss":0,"event_name":"Bonfire Elementals","floor":7,"gold_loss":0},{"damage_healed":0,"gold_gain":0,"player_choice":"Ignored","damage_taken":0,"max_hp_gain":0,"max_hp_loss":0,"event_name":"Liars Game","floor":14,"gold_loss":0},{"damage_healed":0,"gold_gain":0,"player_choice":"Opened","damage_taken":0,"relics_obtained":["Unceasing Top"],"max_hp_gain":0,"max_hp_loss":0,"event_name":"The Mausoleum","floor":19,"gold_loss":0,"cards_obtained":["Writhe"]},{"damage_healed":0,"gold_gain":0,"player_choice":"Obtained Book","damage_taken":21,"max_hp_gain":0,"max_hp_loss":0,"event_name":"Cursed Tome","floor":22,"gold_loss":0},{"damage_healed":0,"gold_gain":0,"player_choice":"Fight","damage_taken":0,"max_hp_gain":0,"max_hp_loss":0,"event_name":"Colosseum","floor":29,"gold_loss":0},{"damage_healed":0,"gold_gain":0,"player_choice":"Fought Nobs","damage_taken":0,"max_hp_gain":0,"max_hp_loss":0,"event_name":"Colosseum","floor":29,"gold_loss":0},{"damage_healed":0,"gold_gain":0,"cards_transformed":["Strike_B"],"player_choice":"Transformed","damage_taken":0,"max_hp_gain":0,"max_hp_loss":0,"event_name":"Transmorgrifier","floor":30,"gold_loss":0,"cards_obtained":["Go for the Eyes"]}],"is_beta":false,"boss_relics":[{"not_picked":["Velvet Choker","Coffee Dripper"],"picked":"Black Star"}],"items_purged_floors":[20],"is_endless":false,"potions_floor_spawned":[1,5,21,24,29],"killed_by":"Champ","ascension_level":15}}