{"host":"lxtc5dws2zoiy0qv","time":1610940629,"event":{"mods":["Act Like it!","Aspiration","BaseMod","BetterRewards","Conspire","Gensokyo","Hallownest","Minty Spire (QoL Compilation)","Remilia（蕾米莉亚）","Replay The Spire","RumiaBox-露米娅的神秘盒子","Shop Mod","StSLib","The Bug Knight","The Construct","The Cursed","The Servant 0.9.4","[IsaacMod]以撒尖塔","vexMod"],"gold_per_floor":[18,18,43,67,67,67,88,88,88,108,141,141,164,8,8,129,129,129,129],"floor_reached":18,"language":"ZHS","playtime":1623,"items_purged":["Strike_B"],"score":162,"play_id":"c9f62a73-c1cb-454a-812d-51559a3686c9","local_time":"20210118113029","is_ascension_mode":false,"campfire_choices":[{"data":"DoctorFetus","floor":6,"key":"SMITH"},{"floor":8,"key":"REST"},{"floor":12,"key":"REST"},{"data":"Loop","floor":15,"key":"SMITH"}],"circlet_count":0,"master_deck":["Strike_B","Strike_B","Strike_B","Defend_B","Defend_B","Defend_B","Defend_B","Zap","Dualcast","DoctorFetus+1","Echo Form","ReplayTheSpireMod:Dual Polarity","Loop+1","Cold Snap","Crystallizer","Redo","All For One"],"relics":["Cracked Core","HushsDoor","GuppysHead","Replay:Kaleidoscope","Golden Idol","Carrot","construct:FoamFinger","Snack Pack","AddBug"],"acts_visited":["Exordium","TheCity"],"potions_floor_usage":[11,16],"damage_taken":[{"damage":0,"enemies":"Small Slimes","floor":1,"turns":2},{"damage":12,"enemies":"2 Louse","floor":3,"turns":3},{"damage":1,"enemies":"Cultist","floor":4,"turns":3},{"damage":18,"enemies":"Exordium Thugs","floor":7,"turns":3},{"damage":23,"enemies":"Red Slaver","floor":10,"turns":4},{"damage":10,"enemies":"HollowMod:MossKnight","floor":11,"turns":4},{"damage":6,"enemies":"Large Slime","floor":13,"turns":4},{"damage":2,"enemies":"Fading Forest","floor":16,"turns":11},{"damage":5,"enemies":"3 Byrds","floor":18,"turns":2}],"seed_played":"-8103577790455381414","potions_obtained":[{"floor":4,"key":"BlessingOfTheForge"},{"floor":7,"key":"Ancient Potion"},{"floor":13,"key":"Reflective Coating"},{"floor":16,"key":"LiquidMemories"}],"is_trial":false,"path_per_floor":["M","?","M","M","T","R","M","R","T","M","E","R","M","$","R","B",null,"M"],"character_chosen":"DEFECT","items_purchased":["Crystallizer","Redo"],"campfire_rested":2,"item_purchase_floors":[14,14],"current_hp_per_floor":[75,57,45,44,44,44,26,48,48,25,15,37,31,31,31,39,75,70,70],"gold":129,"neow_bonus":"ONE_RARE_RELIC","is_daily":false,"chose_seed":false,"campfire_upgraded":2,"win_rate":0.0,"timestamp":1610940629,"path_taken":["M","?","M","?","?","R","M","R","T","?","E","R","M","$","R","BOSS","M"],"items_purchased_type":["Card","Card"],"build_version":"2020-12-22","purchased_purges":1,"victory":false,"max_hp_per_floor":[75,75,75,75,75,75,75,75,75,75,75,75,75,75,75,75,75,75,75],"card_choices":[{"not_picked":[],"picked":"DoctorFetus","floor":0},{"not_picked":["Cold Snap","Beam Cell"],"picked":"Echo Form","floor":1},{"not_picked":["Distribution","Hologram"],"picked":"ReplayTheSpireMod:Dual Polarity","floor":3},{"not_picked":["Static Discharge","Turbo","ReplayTheSpireMod:System Scan"],"picked":"SKIP","floor":4},{"not_picked":["BootSequence","Chill","Force Field"],"picked":"SKIP","floor":7},{"not_picked":["Coolheaded","Defragment"],"picked":"Loop","floor":10},{"not_picked":["Ball Lightning","Meteor Strike"],"picked":"Cold Snap","floor":11},{"not_picked":["Undo","Steam","Go for the Eyes"],"picked":"SKIP","floor":13},{"not_picked":["Seek","Meteor Strike"],"picked":"All For One","floor":16}],"player_experience":78316,"relics_obtained":[{"floor":5,"key":"Carrot"},{"floor":9,"key":"construct:FoamFinger"},{"floor":11,"key":"Snack Pack"}],"event_choices":[{"damage_healed":0,"gold_gain":0,"player_choice":"Take Damage","damage_taken":18,"relics_obtained":["Golden Idol"],"max_hp_gain":0,"max_hp_loss":0,"event_name":"Golden Idol","floor":2,"gold_loss":0}],"is_beta":false,"boss_relics":[{"not_picked":["SlaversCollar","Replay:Bronze Core"],"picked":"AddBug"},{"not_picked":[]}],"items_purged_floors":[14],"is_endless":false,"potions_floor_spawned":[4,7,13,16],"killed_by":"3 Byrds","ascension_level":0}}