{"host":"9u9ci7gr6x9ja244","time":1610943081,"event":{"mods":["BaseMod","Downfall","Minty Spire (QoL Compilation)","StSLib"],"gold_per_floor":[99,111,130,130,130,148,174,184,59,59,59,59,59,117,132,233,233,233,245,255,274,274,284,284,284,184,198,198,250,261,261,276,378,378,278,292,311,359,41,54,108,208,225,242,275,187,216,245,274,286,298,310,310,310],"floor_reached":52,"language":"ZHS","playtime":3684,"items_purged":["downfall:Malfunctioning"],"score":712,"play_id":"a5b910ca-721a-4898-a19f-f650c2f702cf","local_time":"20210118121121","is_ascension_mode":true,"campfire_choices":[{"floor":1.0,"key":"RECALL"},{"floor":12.0,"key":"REST"},{"data":"Guardian:GemFinder","floor":18.0,"key":"SMITH"},{"floor":26.0,"key":"REST"},{"data":"Guardian:PrismaticBarrier","floor":35.0,"key":"SMITH"},{"floor":46,"key":"REST"}],"circlet_count":0,"master_deck":["Guardian:CurlUp","Guardian:TwinSlam","Guardian:Planning+1","Guardian:RollAttack+1","Guardian:Orbwalk+1","Guardian:SpikerProtocol","Guardian:Orbwalk+1","Guardian:BodySlam","Guardian:GemFinder+1","Guardian:ExploitGems","Guardian:CompilePackage","Guardian:ShieldSpikes","Guardian:StasisEngine","Guardian:RevengeProtocol","Guardian:ShieldCharger","Guardian:BronzeArmor","Guardian:StasisStrike","Guardian:CrystalBeam+1","Guardian:ShieldSpikes","Guardian:BronzeOrb","Guardian:ArmoredProtocol+1","Guardian:PrismaticBarrier+1","Guardian:TimeSifter","Guardian:Gem_Cyan","Guardian:BodySlam+1","Guardian:Gem_Green","Guardian:Gem_Synthetic","Guardian:Gem_Blue","Mayhem","Guardian:TemporalShield","Enlightenment","Guardian:TemporalShield+1","Guardian:Gem_Cyan","Guardian:Reroute+1","Guardian:TemporalStrike+1","Guardian:Gem_Red","Guardian:GatlingBeam+1","Guardian:ShieldSpikes+1"],"relics":["Guardian:ModeShifter","Guardian:PickAxe","Pandora\u0027s Box","MutagenicStrength","Molten Egg 2","downfall:RedIOU","downfall:HeartBlessingRed","Bag of Marbles","MealTicket","bronze:MakeshiftBattery","downfall:HeartBlessingBlue","Mango","Smiling Mask","downfall:GremlinWheel","MawBank","downfall:HeartBlessingGreen"],"acts_visited":["Exordium","TheCity","TheBeyond","TheEnding"],"potions_floor_usage":[50,50],"damage_taken":[{"damage":0.0,"enemies":"2 Louse","floor":2.0,"turns":3.0},{"damage":3.0,"enemies":"Small Slimes","floor":3.0,"turns":3.0},{"damage":1.0,"enemies":"Cultist","floor":6.0,"turns":4.0},{"damage":11.0,"enemies":"Exordium Thugs","floor":8.0,"turns":4.0},{"damage":5.0,"enemies":"downfall:FleeingMerchant","floor":9.0,"turns":4.0},{"damage":16.0,"enemies":"Lagavulin Event","floor":14.0,"turns":6.0},{"damage":14.0,"enemies":"3 Louse","floor":15.0,"turns":3.0},{"damage":40.0,"enemies":"DF_ARCHETYPE_STREAMLINE","floor":16.0,"turns":9.0},{"damage":8.0,"enemies":"Shell Parasite","floor":19.0,"turns":7.0},{"damage":11.0,"enemies":"Snake Plant","floor":20.0,"turns":4.0},{"damage":46.0,"enemies":"Cultist and Chosen","floor":21.0,"turns":8.0},{"damage":8.0,"enemies":"3 Cultists","floor":23.0,"turns":4.0},{"damage":0.0,"enemies":"Snecko","floor":27.0,"turns":5.0},{"damage":15.0,"enemies":"Centurion and Healer","floor":30.0,"turns":7.0},{"damage":0.0,"enemies":"Snake Plant","floor":32.0,"turns":1.0},{"damage":12.0,"enemies":"SI_MIRROR_ARCHETYPE","floor":33.0,"turns":8.0},{"damage":0.0,"enemies":"Orb Walker","floor":36.0,"turns":2.0},{"damage":0.0,"enemies":"3 Darklings","floor":37.0,"turns":3.0},{"damage":10,"enemies":"2 Orb Walkers","floor":38,"turns":5},{"damage":0,"enemies":"downfall:FleeingMerchant","floor":39,"turns":4},{"damage":12,"enemies":"4 Shapes","floor":40,"turns":4},{"damage":0,"enemies":"4 Shapes","floor":42,"turns":2},{"damage":0,"enemies":"Maw","floor":43,"turns":6},{"damage":13,"enemies":"Transient","floor":44,"turns":5},{"damage":54,"enemies":"Reptomancer","floor":45,"turns":8},{"damage":12,"enemies":"Spire Growth","floor":47,"turns":4},{"damage":0,"enemies":"Jaw Worm Horde","floor":48,"turns":1},{"damage":0,"enemies":"3 Darklings","floor":49,"turns":3},{"damage":27,"enemies":"WA_ARCHETYPE_DIVINITY","floor":50,"turns":9},{"damage":118,"enemies":"downfall:CharBossMerchant","floor":52,"turns":10}],"seed_played":"4902936615756223771","potions_obtained":[{"floor":8.0,"key":"Fire Potion"},{"floor":14.0,"key":"Ancient Potion"},{"floor":20.0,"key":"Block Potion"},{"floor":21.0,"key":"champ:CounterPotion"},{"floor":30.0,"key":"Swift Potion"},{"floor":31.0,"key":"CultistPotion"},{"floor":32.0,"key":"FearPotion"},{"floor":38,"key":"Regen Potion"},{"floor":42,"key":"GamblersBrew"},{"floor":43,"key":"SpeedPotion"},{"floor":45,"key":"LiquidBronze"}],"is_trial":false,"path_per_floor":["R","M","M","?","?","M","T","M","$","?","?","R","T","?","M","B",null,"R","M","M","M","?","M","T","?","R","M","?","T","M","?","M","B",null,"R","M","M","?","$","M","T","?","M","M","E","R","M","M","M","B",null,"E"],"character_chosen":"GUARDIAN","items_purchased":["Guardian:SpikerProtocol","Mayhem","Guardian:TemporalShield","Enlightenment"],"campfire_rested":3,"item_purchase_floors":[9,39,39,39],"current_hp_per_floor":[80,80,77,77,77,76,76,65,60,60,60,80,80,64,50,10,80,80,72,61,15,15,7,7,7,31,31,31,31,16,16,16,4,80,90,90,90,94,104,92,92,92,92,79,25,56,44,44,44,32,104,0,0,0],"gold":310,"neow_bonus":"THREE_CARDS","is_daily":false,"chose_seed":false,"campfire_upgraded":2,"win_rate":0.0,"timestamp":1610943081,"path_taken":["R","M","M","?","?","M","T","M","$","?","?","R","?","?","M","BOSS","R","M","M","M","?","M","T","?","R","M","?","?","M","?","M","BOSS","R","M","M","?","$","M","T","?","M","M","E","R","M","M","M","BOSS","E"],"items_purchased_type":["Card","Card","Card","Card"],"build_version":"2020-12-22","purchased_purges":1,"victory":false,"max_hp_per_floor":[80,80,80,80,80,80,80,80,80,80,80,80,80,80,80,80,80,80,80,80,80,80,80,80,80,80,80,80,80,80,80,80,80,80,90,90,90,104,104,104,104,104,104,104,104,104,104,104,104,104,104,104,104,104],"card_choices":[{"not_picked":["Guardian:WalkerClaw","Guardian:TimeCapacitor"],"picked":"Guardian:Planning","floor":0.0},{"not_picked":["Guardian:Gem_Red","Guardian:SentryBeam"],"picked":"Guardian:RollAttack","floor":2.0},{"not_picked":["Guardian:WalkerClaw","Guardian:PiercingHide"],"picked":"Guardian:Orbwalk","floor":3.0},{"not_picked":["Guardian:BronzeArmor","Guardian:WalkerClaw"],"picked":"Guardian:Gem_White","floor":6.0},{"not_picked":["Guardian:BronzeArmor","Guardian:Recover","Guardian:Reroute"],"picked":"SKIP","floor":8.0},{"not_picked":["Guardian:Incinerate","Guardian:SentryBeam","Guardian:Gem_Lightblue"],"picked":"SKIP","floor":9.0},{"not_picked":["Guardian:ChargeCore","Guardian:Recover"],"picked":"Guardian:Gem_White","floor":14.0},{"not_picked":["Guardian:StasisField","Guardian:DonusPower"],"picked":"Guardian:BodySlam","floor":15.0},{"not_picked":["Guardian:StasisEngine","Guardian:RevengeProtocol"],"picked":"Guardian:GemFinder","floor":16.0},{"not_picked":["Guardian:Gem_Red","Guardian:Gem_Green"],"picked":"Guardian:Gem_Cyan","floor":19.0},{"not_picked":["Guardian:Gem_Red","Guardian:ShieldSpikes"],"picked":"Guardian:CrystalBeam+1","floor":19.0},{"not_picked":["Guardian:Gem_Green","Guardian:Gem_Lightblue"],"picked":"Guardian:Gem_Red","floor":20.0},{"not_picked":["Guardian:WalkerClaw","Guardian:Gem_Lightblue"],"picked":"Guardian:Gem_Crimson","floor":20.0},{"not_picked":["Guardian:Gem_Green","Guardian:Gem_Lightblue"],"picked":"Guardian:Gem_Red","floor":21.0},{"not_picked":["Guardian:RollAttack+1","Guardian:WalkerClaw"],"picked":"Guardian:ShieldSpikes","floor":21.0},{"not_picked":["Guardian:Gem_Green","Guardian:Gem_Lightblue"],"picked":"Guardian:Gem_Red","floor":23.0},{"not_picked":["Guardian:PrimingBeam","Guardian:ChargeCore"],"picked":"Guardian:BronzeOrb","floor":23.0},{"not_picked":["Guardian:Gem_Green","Guardian:Gem_Cyan"],"picked":"Guardian:Gem_Red","floor":27.0},{"not_picked":["Guardian:PiercingHide","Guardian:Gem_Cyan"],"picked":"Guardian:Gem_Yellow","floor":27.0},{"not_picked":["Guardian:Gem_Red","Guardian:PiercingHide+1"],"picked":"Guardian:ArmoredProtocol+1","floor":30.0},{"not_picked":["Guardian:Gem_Green","Guardian:Gem_Lightblue"],"picked":"Guardian:Gem_Cyan","floor":30.0},{"not_picked":["Guardian:PrimingBeam+1","Guardian:SentryBeam+1"],"picked":"Guardian:PrismaticBarrier","floor":32.0},{"not_picked":["Guardian:Gem_Green","Guardian:Gem_Red"],"picked":"Guardian:Gem_Cyan","floor":33.0},{"not_picked":["Guardian:RevengeProtocol","Guardian:ConstructionForm"],"picked":"Guardian:TimeSifter","floor":33.0},{"not_picked":["Guardian:Gem_Lightblue","Guardian:Gem_Red"],"picked":"Guardian:Gem_Cyan","floor":36.0},{"not_picked":["Guardian:CrystalBeam+1","Guardian:Planning"],"picked":"Guardian:BodySlam+1","floor":36.0},{"not_picked":["Guardian:Gem_Cyan","Guardian:Gem_Red"],"picked":"Guardian:Gem_Green","floor":37.0},{"not_picked":["Guardian:Gem_Green","Guardian:PiercingHide"],"picked":"Guardian:Gem_Synthetic","floor":37.0},{"not_picked":["Guardian:Recover","Guardian:FuturePlans"],"picked":"Guardian:Gem_Blue","floor":38},{"not_picked":["Guardian:ShieldCharger","Guardian:CrystalBeam+1"],"picked":"Guardian:Gem_White","floor":39},{"not_picked":["Guardian:Orbwalk+1","Guardian:ShieldSpikes"],"picked":"Guardian:TemporalShield+1","floor":40},{"not_picked":["Guardian:Gem_Red","Guardian:Gem_Lightblue"],"picked":"Guardian:Gem_Cyan","floor":43},{"not_picked":["Guardian:Gem_Red","Guardian:PrimingBeam+1"],"picked":"Guardian:Reroute+1","floor":43},{"not_picked":["Guardian:Gem_Red","Guardian:Gem_Lightblue"],"picked":"Guardian:Gem_Green","floor":44},{"not_picked":["Guardian:Gem_Cyan","Guardian:Recover+1"],"picked":"Guardian:TemporalStrike+1","floor":44},{"not_picked":["Guardian:Gem_Cyan","Guardian:Gem_Lightblue"],"picked":"Guardian:Gem_Green","floor":45},{"not_picked":["Guardian:RollAttack+1","Guardian:Gem_Red","Guardian:WalkerClaw+1"],"picked":"SKIP","floor":45},{"not_picked":["Guardian:Gem_Lightblue","Guardian:Gem_Cyan"],"picked":"Guardian:Gem_Red","floor":47},{"not_picked":["Guardian:PolyBeam+1","Guardian:FuturePlans","Guardian:Gem_Green"],"picked":"SKIP","floor":47},{"not_picked":["Guardian:Reroute+1","Guardian:Incinerate+1"],"picked":"Guardian:GatlingBeam+1","floor":48},{"not_picked":["Guardian:TemporalShield+1","Guardian:Suspension+1"],"picked":"Guardian:ShieldSpikes+1","floor":49}],"player_experience":278935,"relics_obtained":[{"floor":7.0,"key":"Juzu Bracelet"},{"floor":14.0,"key":"Guardian:PickAxe"},{"floor":24.0,"key":"Molten Egg 2"},{"floor":29.0,"key":"MealTicket"},{"floor":38,"key":"Mango"},{"floor":41,"key":"Smiling Mask"},{"floor":42,"key":"downfall:GremlinWheel"},{"floor":45,"key":"MawBank"}],"event_choices":[{"damage_healed":0.0,"max_hp_gain":0.0,"max_hp_loss":0.0,"gold_gain":0.0,"event_name":"Drug Dealer","player_choice":"Inject Mutagens","floor":22.0,"gold_loss":0.0,"damage_taken":0.0,"relics_obtained":["MutagenicStrength"]},{"damage_healed":0,"gold_gain":0,"player_choice":"Fight","damage_taken":0,"max_hp_gain":0,"max_hp_loss":0,"event_name":"Mysterious Sphere","floor":38,"gold_loss":0},{"cards_removed":["Guardian:Gem_Green"],"damage_healed":0,"gold_gain":0,"player_choice":"Card Removal","damage_taken":0,"max_hp_gain":0,"max_hp_loss":0,"event_name":"Wheel of Change","floor":46,"gold_loss":0}],"is_beta":false,"boss_relics":[{"not_picked":["SacredBark","SlaversCollar"],"picked":"Pandora\u0027s Box"},{"not_picked":["Velvet Choker","Sozu"],"picked":"bronze:MakeshiftBattery"}],"items_purged_floors":[9],"is_endless":false,"potions_floor_spawned":[8,14,20,21,27,30,32,38,42,43,45,47],"killed_by":"downfall:CharBossMerchant","ascension_level":1}}