{"host":"eemx8njkng76fu5x","time":1610999368,"event":{"mods":["2.2 Compatiblity","BaseMod","Downfall","Minty Spire (QoL Compilation)","Permanent Neow","StSLib","Unceasing Turn Reminder","Unknown Chances"],"gold_per_floor":[99,110,110,110,123,123,197,217,243,258,290,190,190,210,230,328,328,328,341,361,372,372,372,426,226,241,274,133,133,233,251,264,365,365,365,375,425,443,426,426,426,441,461,475,503,503,503,517,537,537,537,571,153,153,153,153],"floor_reached":57,"language":"ENG","playtime":3836,"items_purged":["Regret","bronze:Strike","Pain"],"score":1316,"play_id":"0144b234-8164-4ea1-a1b4-166c4d5cb9ba","local_time":"20210119034928","is_ascension_mode":true,"campfire_choices":[{"data":"bronze:Iterate","floor":1.0,"key":"SMITH"},{"data":"bronze:BuggyMess","floor":12.0,"key":"SMITH"},{"data":"bronze:Repulsor","floor":18.0,"key":"SMITH"},{"floor":23.0,"key":"RECALL"},{"data":"bronze:Deprecate","floor":25.0,"key":"SMITH"},{"data":"bronze:FineTuning","floor":35.0,"key":"SMITH"},{"data":"bronze:MaxOutput","floor":47,"key":"SMITH"},{"data":"bronze:FineTuning","floor":54,"key":"SMITH"}],"circlet_count":0,"master_deck":["bronze:Strike","bronze:Defend","bronze:Defend","bronze:Defend","bronze:Defend","bronze:Replicate","bronze:Goto","bronze:Iterate+1","bronze:WildBeam","bronze:Safeguard","bronze:FineTuning+1","bronze:Repulsor+1","bronze:BuggyMess+1","bronze:CutThrough","bronze:ChosenStrike","bronze:CleanCode","bronze:Deprecate+1","bronze:Shield","bronze:DelayedSlice","bronze:FineTuning+1","bronze:Invalidate+1","bronze:WildBeam","bronze:Deprecate","bronze:Safeguard","bronze:NullPointer","bronze:Virus","bronze:FollowUp+1","bronze:CutThrough+1","bronze:MaxOutput+1","bronze:Terminator+1","bronze:Repair+1","bronze:BuggyMess+1","bronze:Optimize+1"],"relics":["bronze:BronzeCore","downfall:ShatteredFragment","Gremlin Horn","Pocketwatch","Eternal Feather","downfall:HeartBlessingGreen","Cursed Key","downfall:HeartBlessingBlue","downfall:HeartBlessingRed","Shuriken","Calipers","InkBottle","expansioncontent:StudyCardRelic","TungstenRod","Oddly Smooth Stone","Mummified Hand","Potion Belt","Pen Nib","Vajra","Toolbox"],"acts_visited":["Exordium","TheCity","TheBeyond","TheEnding"],"potions_floor_usage":[52,52,56,56,56],"damage_taken":[{"damage":0.0,"enemies":"Small Slimes","floor":2.0,"turns":2.0},{"damage":1.0,"enemies":"2 Louse","floor":5.0,"turns":2.0},{"damage":6.0,"enemies":"Jaw Worm","floor":8.0,"turns":2.0},{"damage":12.0,"enemies":"Lagavulin","floor":9.0,"turns":8.0},{"damage":1.0,"enemies":"2 Fungi Beasts","floor":10.0,"turns":2.0},{"damage":27.0,"enemies":"Gremlin Nob","floor":11.0,"turns":5.0},{"damage":1.0,"enemies":"Blue Slaver","floor":14.0,"turns":3.0},{"damage":1.0,"enemies":"Exordium Wildlife","floor":15.0,"turns":2.0},{"damage":47.0,"enemies":"DF_ARCHETYPE_STREAMLINE","floor":16.0,"turns":10.0},{"damage":18.0,"enemies":"Shell Parasite","floor":19.0,"turns":6.0},{"damage":10.0,"enemies":"Centurion and Healer","floor":20.0,"turns":6.0},{"damage":4.0,"enemies":"Snecko","floor":21.0,"turns":6.0},{"damage":12.0,"enemies":"Shelled Parasite and Fungi","floor":26.0,"turns":4.0},{"damage":20.0,"enemies":"Slavers","floor":27.0,"turns":4.0},{"damage":2.0,"enemies":"downfall:FleeingMerchant","floor":28.0,"turns":4.0},{"damage":23.0,"enemies":"Colosseum Nobs","floor":30.0,"turns":4.0},{"damage":6.0,"enemies":"Snake Plant","floor":31.0,"turns":3.0},{"damage":0.0,"enemies":"Sentry and Sphere","floor":32.0,"turns":3.0},{"damage":0.0,"enemies":"WA_ARCHETYPE_CALM","floor":33.0,"turns":5.0},{"damage":0.0,"enemies":"3 Shapes","floor":36.0,"turns":2.0},{"damage":2.0,"enemies":"3 Shapes","floor":37.0,"turns":4.0},{"damage":8.0,"enemies":"3 Darklings","floor":38.0,"turns":3.0},{"damage":0.0,"enemies":"downfall:FleeingMerchant","floor":39.0,"turns":3.0},{"damage":0.0,"enemies":"Sphere and 2 Shapes","floor":42.0,"turns":2.0},{"damage":3.0,"enemies":"Jaw Worm Horde","floor":43.0,"turns":2.0},{"damage":7.0,"enemies":"Spire Growth","floor":44.0,"turns":4.0},{"damage":0.0,"enemies":"Giant Head","floor":45.0,"turns":4.0},{"damage":5,"enemies":"4 Shapes","floor":48,"turns":4},{"damage":0,"enemies":"Sphere and 2 Shapes","floor":49,"turns":4},{"damage":27,"enemies":"IC_BLOCK_ARCHETYPE","floor":50,"turns":4},{"damage":8,"enemies":"downfall:CharBossMerchant","floor":52,"turns":5},{"damage":10,"enemies":"downfall:NeowBoss","floor":55,"turns":10},{"damage":131,"enemies":"downfall:NeowBossFinal","floor":56,"turns":9}],"seed_played":"2678395099746639451","potions_obtained":[{"floor":9.0,"key":"Guardian:BlockOnCardUsePotion"},{"floor":10.0,"key":"Weak Potion"},{"floor":16.0,"key":"DistilledChaos"},{"floor":20.0,"key":"LiquidBronze"},{"floor":27.0,"key":"Ancient Potion"},{"floor":30.0,"key":"GamblersBrew"},{"floor":31.0,"key":"DistilledChaos"},{"floor":32.0,"key":"Guardian:BlockOnCardUsePotion"},{"floor":37.0,"key":"Weak Potion"},{"floor":43.0,"key":"Fire Potion"},{"floor":45.0,"key":"ColorlessPotion"},{"floor":48,"key":"DistilledChaos"}],"is_trial":false,"path_per_floor":["R","M","?","?","M","?","T","M","E","M","E","R","?","M","M","B",null,"R","M","M","M","?","R","T","R","M","E","$","?","?","M","M","B",null,"R","M","?","M","$","?","T","M","M","M","E","?","R","M","M","B",null,"E","$","R","B","B",null],"character_chosen":"THE_AUTOMATON","items_purchased":["bronze:WildBeam","Oddly Smooth Stone","bronze:MaxOutput","Vajra","Toolbox"],"campfire_rested":0,"item_purchase_floors":[28,39,39,53,53],"current_hp_per_floor":[70,70,75,75,74,53,53,47,35,34,7,16,85,84,83,36,85,85,67,57,53,53,62,62,84,72,52,50,50,27,21,21,21,95,95,95,93,85,85,85,85,85,82,75,75,75,93,95,95,68,95,87,87,95,95,40],"gold":153,"neow_bonus":"THREE_CARDS","is_daily":false,"chose_seed":false,"campfire_upgraded":7,"win_rate":0.0,"timestamp":1610999368,"path_taken":["R","M","?","?","M","?","T","M","E","M","E","R","?","M","M","BOSS","R","M","M","M","?","R","T","R","M","E","$","?","?","M","M","BOSS","R","M","?","M","$","?","T","M","M","M","E","?","R","M","M","BOSS","E","$","R","BOSS","BOSS"],"items_purchased_type":["Card","Relic","Card","Relic","Relic"],"build_version":"2020-12-22","purchased_purges":3,"victory":true,"max_hp_per_floor":[70,70,75,75,75,75,75,75,75,75,75,75,85,85,85,85,85,85,85,85,85,85,85,85,95,95,95,95,95,95,95,95,95,95,95,95,95,95,95,95,95,95,95,95,95,95,95,95,95,95,95,95,95,95,95,95],"card_choices":[{"not_picked":["bronze:Shield","bronze:Frontload"],"picked":"bronze:Iterate","floor":0.0},{"not_picked":["bronze:Separator","bronze:Frontload"],"picked":"bronze:WildBeam","floor":2.0},{"not_picked":["bronze:Backtrace","bronze:OilSpill"],"picked":"bronze:Safeguard","floor":5.0},{"not_picked":["bronze:Overheat","bronze:BugBarrage"],"picked":"bronze:FineTuning","floor":8.0},{"not_picked":["bronze:Turbo","bronze:WildBeam"],"picked":"bronze:Repulsor","floor":9.0},{"not_picked":["bronze:Safeguard","bronze:BugBarrage"],"picked":"bronze:HyperBeam","floor":10.0},{"not_picked":["bronze:DelayedSlice","bronze:CloningBeam"],"picked":"bronze:BuggyMess","floor":11.0},{"not_picked":["bronze:Allocate","bronze:ForLoop"],"picked":"bronze:CutThrough","floor":14.0},{"not_picked":["bronze:Separator","bronze:Backtrace"],"picked":"bronze:ChosenStrike","floor":15.0},{"not_picked":["bronze:FindAndReplace","bronze:ThunderWave"],"picked":"bronze:CleanCode","floor":16.0},{"not_picked":["bronze:FineTuning","bronze:Backtrace+1"],"picked":"bronze:Deprecate","floor":19.0},{"not_picked":["bronze:BugBarrage+1","bronze:BitShift+1"],"picked":"bronze:Shield","floor":20.0},{"not_picked":["bronze:Iterate","bronze:DelayedGuard","bronze:ForLoop"],"picked":"SKIP","floor":21.0},{"not_picked":["bronze:DelayedGuard","bronze:Frontload"],"picked":"bronze:DelayedSlice","floor":26.0},{"not_picked":["bronze:ChosenStrike","bronze:Constructor"],"picked":"bronze:FineTuning","floor":27.0},{"not_picked":["bronze:BitShift","bronze:DelayedGuard"],"picked":"bronze:Invalidate+1","floor":28.0},{"not_picked":["bronze:Turbo","bronze:Constructor"],"picked":"bronze:Deprecate","floor":30.0},{"not_picked":["bronze:FineTuning+1","bronze:CleanCode"],"picked":"bronze:Safeguard","floor":31.0},{"not_picked":["bronze:Frontload","bronze:ChosenStrike"],"picked":"bronze:NullPointer","floor":32.0},{"not_picked":["bronze:RecursiveStrike","bronze:ShipIt"],"picked":"bronze:Virus","floor":33.0},{"not_picked":["bronze:WhirlingStrike","bronze:Frontload+1"],"picked":"bronze:FollowUp+1","floor":36.0},{"not_picked":["bronze:Return","bronze:Frontload"],"picked":"bronze:CutThrough+1","floor":37.0},{"not_picked":["bronze:OilSpill","bronze:ShipIt","bronze:Deprecate+1"],"picked":"SKIP","floor":38.0},{"not_picked":["bronze:ForceShield","bronze:WhirlingStrike","bronze:CleanCode"],"picked":"SKIP","floor":39.0},{"not_picked":["bronze:BitShift+1","bronze:Iterate"],"picked":"bronze:Terminator+1","floor":42.0},{"not_picked":["bronze:Separator+1","bronze:OilSpill+1","bronze:Allocate"],"picked":"SKIP","floor":43.0},{"not_picked":["bronze:Repulsor","bronze:ChildClass+1"],"picked":"bronze:Repair+1","floor":44.0},{"not_picked":["bronze:ChosenStrike","bronze:Separator+1","bronze:BronzeArmor"],"picked":"SKIP","floor":45.0},{"not_picked":["bronze:ChosenStrike","bronze:Separator+1","bronze:BronzeArmor"],"picked":"SKIP","floor":45.0},{"not_picked":["bronze:WildBeam","bronze:Iterate+1","bronze:Separator"],"picked":"SKIP","floor":48},{"not_picked":["bronze:BitShift","bronze:Shell+1"],"picked":"bronze:BuggyMess+1","floor":49},{"not_picked":["bronze:Virus","bronze:Invalidate"],"picked":"bronze:Optimize+1","floor":52}],"player_experience":490167,"relics_obtained":[{"floor":7.0,"key":"Gremlin Horn"},{"floor":9.0,"key":"Pocketwatch"},{"floor":11.0,"key":"Eternal Feather"},{"floor":27.0,"key":"Shuriken"},{"floor":30.0,"key":"Calipers"},{"floor":30.0,"key":"InkBottle"},{"floor":37.0,"key":"TungstenRod"},{"floor":41.0,"key":"Mummified Hand"},{"floor":45.0,"key":"Potion Belt"},{"floor":52,"key":"Pen Nib"}],"event_choices":[{"damage_healed":0.0,"max_hp_gain":5.0,"max_hp_loss":0.0,"gold_gain":0.0,"event_name":"Big Fish","player_choice":"Donut","floor":3.0,"gold_loss":0.0,"damage_taken":0.0},{"damage_healed":0.0,"max_hp_gain":0.0,"max_hp_loss":0.0,"gold_gain":0.0,"event_name":"Ghosts","player_choice":"Ignored","floor":29.0,"gold_loss":0.0,"damage_taken":0.0}],"is_beta":false,"boss_relics":[{"not_picked":["Calling Bell","Runic Dome"],"picked":"Cursed Key"},{"not_picked":["Coffee Dripper","Sozu"],"picked":"expansioncontent:StudyCardRelic"}],"items_purged_floors":[28,39,53],"is_endless":false,"potions_floor_spawned":[9,10,16,20,27,30,31,32,37,43,45,48,49],"ascension_level":1}}