{"host":"vyjryxuuuxkt43k4","time":1610987102,"event":{"mods":["AchievementEnabler","BaseMod","Colored Map","DeckTracker","Keyboard Shortcuts","Minty Spire (QoL Compilation)","Permanent Neow","Quick Restart","Rare Cards Sparkle","StSLib","SuperFastMode","everything is the same but u backflip on backflip"],"gold_per_floor":[118,118,118,118,18,18,41,6,6,6,47,63,63,94,94,218,218,238,238,262,262,361,396,43,43,70,85,85,100,138,154,154,277,277,297,297,313,332,351,389,389,414,483,504,379,423,442,455,455,455,455,455,102,137,137],"floor_reached":56,"language":"KOR","playtime":8749,"items_purged":["Strike_R","Strike_R","Strike_R","Strike_R"],"score":2191,"play_id":"cacb4b3d-9fc3-4c15-a40b-3ff92c1f9f6c","local_time":"20210119012502","is_ascension_mode":true,"campfire_choices":[{"data":"Body Slam","floor":6.0,"key":"SMITH"},{"floor":10.0,"key":"REST"},{"data":"Armaments","floor":13.0,"key":"SMITH"},{"data":"Corruption","floor":15.0,"key":"SMITH"},{"data":"Ghostly","floor":25.0,"key":"SMITH"},{"data":"Ghostly","floor":32.0,"key":"SMITH"},{"data":"Ghostly","floor":41.0,"key":"SMITH"},{"floor":49.0,"key":"RECALL"},{"data":"Ghostly","floor":52.0,"key":"SMITH"}],"circlet_count":0,"master_deck":["AscendersBane","Defend_R","Defend_R","Defend_R","Defend_R","Bash","Barricade+1","Body Slam+1","Armaments+1","Battle Trance","Corruption+1","Offering+1","Entrench","Feel No Pain","Ghostly+1","Ghostly+1","Ghostly+1","Ghostly+1","Ghostly+1","Second Wind","Reckless Charge","Body Slam","Exhume","Corruption","Bloodletting","Entrench","Sentinel+1","Intimidate","Shrug It Off","Flex+1"],"relics":["Burning Blood","Golden Idol","Omamori","Oddly Smooth Stone","Ornamental Fan","Runic Pyramid","Nunchaku","Mummified Hand","War Paint","Thread and Needle","Coffee Dripper","Regal Pillow","Meat on the Bone","Red Skull","Bronze Scales","Art of War"],"acts_visited":["Exordium","TheCity","TheBeyond","TheEnding"],"potions_floor_usage":[55],"damage_taken":[{"damage":10.0,"enemies":"Cultist","floor":1.0,"turns":5.0},{"damage":5.0,"enemies":"2 Louse","floor":7.0,"turns":5.0},{"damage":24.0,"enemies":"Lagavulin","floor":11.0,"turns":9.0},{"damage":6.0,"enemies":"Small Slimes","floor":12.0,"turns":4.0},{"damage":32.0,"enemies":"Gremlin Nob","floor":14.0,"turns":5.0},{"damage":18.0,"enemies":"The Guardian","floor":16.0,"turns":9.0},{"damage":6.0,"enemies":"Chosen","floor":18.0,"turns":6.0},{"damage":32.0,"enemies":"2 Thieves","floor":20.0,"turns":4.0},{"damage":6.0,"enemies":"Book of Stabbing","floor":23.0,"turns":5.0},{"damage":6.0,"enemies":"Snecko","floor":27.0,"turns":4.0},{"damage":1.0,"enemies":"3 Cultists","floor":29.0,"turns":6.0},{"damage":6.0,"enemies":"Gremlin Leader","floor":30.0,"turns":4.0},{"damage":6.0,"enemies":"Shelled Parasite and Fungi","floor":31.0,"turns":4.0},{"damage":1.0,"enemies":"Automaton","floor":33.0,"turns":6.0},{"damage":6.0,"enemies":"Orb Walker","floor":35.0,"turns":4.0},{"damage":2.0,"enemies":"3 Darklings","floor":37.0,"turns":3.0},{"damage":6.0,"enemies":"Writhing Mass","floor":38.0,"turns":3.0},{"damage":23.0,"enemies":"Sphere and 2 Shapes","floor":39.0,"turns":5.0},{"damage":6.0,"enemies":"Reptomancer","floor":40.0,"turns":6.0},{"damage":0.0,"enemies":"Jaw Worm Horde","floor":42.0,"turns":6.0},{"damage":6.0,"enemies":"Writhing Mass","floor":44.0,"turns":6.0},{"damage":0.0,"enemies":"Nemesis","floor":46.0,"turns":9.0},{"damage":9.0,"enemies":"Transient","floor":47.0,"turns":5.0},{"damage":0.0,"enemies":"Maw","floor":48.0,"turns":7.0},{"damage":1.0,"enemies":"Donu and Deca","floor":50.0,"turns":5.0},{"damage":0.0,"enemies":"Shield and Spear","floor":54.0,"turns":7.0},{"damage":31,"enemies":"The Heart","floor":55,"turns":13}],"seed_played":"2144636094689769112","potions_obtained":[{"floor":7.0,"key":"FearPotion"},{"floor":14.0,"key":"Explosive Potion"},{"floor":20.0,"key":"Weak Potion"},{"floor":27.0,"key":"Energy Potion"},{"floor":33.0,"key":"Swift Potion"},{"floor":42.0,"key":"HeartOfIron"},{"floor":44.0,"key":"FearPotion"},{"floor":46.0,"key":"DistilledChaos"},{"floor":48.0,"key":"Swift Potion"}],"is_trial":false,"path_per_floor":["M","?","?","?","$","R","M","?","T","R","E","M","R","E","R","B",null,"M","?","M","?","?","E","$","R","T","M","?","M","E","M","R","B",null,"M","?","M","M","M","E","R","M","T","M","$","E","M","M","R","B",null,"R","$","E","B",null],"character_chosen":"IRONCLAD","items_purchased":["Body Slam","Mummified Hand","Block Potion","Bronze Scales"],"campfire_rested":1,"item_purchase_floors":[5,24,53,53],"current_hp_per_floor":[68,48,36,36,36,36,37,57,57,80,62,62,62,36,36,24,66,66,66,40,40,40,40,40,40,40,40,40,40,40,40,40,40,40,40,40,40,40,23,23,23,29,29,29,29,35,32,38,38,40,40,40,40,40,27],"gold":137,"neow_bonus":"ONE_RANDOM_RARE_CARD","is_daily":false,"chose_seed":false,"campfire_upgraded":7,"win_rate":0.0,"timestamp":1610987102,"path_taken":["M","?","?","?","$","R","M","?","T","R","E","M","R","E","R","BOSS","M","?","M","?","?","E","$","R","T","M","?","M","E","M","R","BOSS","M","?","M","M","?","E","R","M","T","M","$","E","M","M","R","BOSS","R","$","E","BOSS"],"items_purchased_type":["Card","Relic","Potion","Relic"],"build_version":"2020-12-22","purchased_purges":4,"victory":true,"max_hp_per_floor":[80,80,80,80,80,80,80,80,80,80,80,80,80,80,80,80,80,80,80,80,40,40,40,40,40,40,40,40,40,40,40,40,40,40,40,40,40,40,40,40,40,40,40,40,40,40,40,40,40,40,40,40,40,40,40],"card_choices":[{"not_picked":["Shockwave","Flex","Reckless Charge"],"picked":"SKIP","floor":7.0},{"not_picked":["Ghostly Armor","Clash"],"picked":"Armaments","floor":11.0},{"not_picked":["Combust","Sword Boomerang"],"picked":"Battle Trance","floor":12.0},{"not_picked":["Warcry","Sword Boomerang"],"picked":"Corruption","floor":14.0},{"not_picked":["Corruption","Bludgeon"],"picked":"Offering","floor":16.0},{"not_picked":["Heavy Blade","Pommel Strike"],"picked":"Entrench","floor":18.0},{"not_picked":["Reckless Charge","Rupture","Sword Boomerang"],"picked":"SKIP","floor":20.0},{"not_picked":["Thunderclap","Pommel Strike","Burning Pact"],"picked":"SKIP","floor":23.0},{"not_picked":["Thunderclap","Clothesline","Perfected Strike"],"picked":"SKIP","floor":27.0},{"not_picked":["Thunderclap","Clothesline","Perfected Strike"],"picked":"SKIP","floor":27.0},{"not_picked":["Immolate","Shockwave+1"],"picked":"Second Wind","floor":29.0},{"not_picked":["Sever Soul+1","Twin Strike"],"picked":"Reckless Charge","floor":30.0},{"not_picked":["Anger","True Grit"],"picked":"Body Slam","floor":31.0},{"not_picked":["Barricade","Reaper"],"picked":"Exhume","floor":33.0},{"not_picked":["Warcry","Thunderclap","Pommel Strike"],"picked":"SKIP","floor":35.0},{"not_picked":["Sentinel","Thunderclap"],"picked":"Bloodletting","floor":37.0},{"not_picked":["Body Slam+1","Havoc+1"],"picked":"Entrench","floor":38.0},{"not_picked":["Clash","Flex","Brutality"],"picked":"SKIP","floor":39.0},{"not_picked":["Shockwave","Cleave"],"picked":"Sentinel+1","floor":40.0},{"not_picked":["Battle Trance","Uppercut+1"],"picked":"Intimidate","floor":42.0},{"not_picked":["Body Slam+1","Pommel Strike"],"picked":"Shrug It Off","floor":44.0},{"not_picked":["Dropkick+1","Limit Break","Iron Wave+1"],"picked":"SKIP","floor":46.0},{"not_picked":["Heavy Blade","Armaments","Pummel"],"picked":"SKIP","floor":47.0},{"not_picked":["Clash","Anger","Iron Wave"],"picked":"SKIP","floor":48.0},{"not_picked":["Armaments","Whirlwind"],"picked":"Flex+1","floor":54.0}],"player_experience":457216,"relics_obtained":[{"floor":11.0,"key":"Oddly Smooth Stone"},{"floor":14.0,"key":"Ornamental Fan"},{"floor":23.0,"key":"Nunchaku"},{"floor":26.0,"key":"War Paint"},{"floor":30.0,"key":"Thread and Needle"},{"floor":40.0,"key":"Regal Pillow"},{"floor":43.0,"key":"Meat on the Bone"},{"floor":46.0,"key":"Red Skull"},{"floor":54.0,"key":"Art of War"}],"event_choices":[{"damage_healed":0.0,"max_hp_gain":0.0,"max_hp_loss":0.0,"gold_gain":0.0,"event_name":"Golden Idol","player_choice":"Take Damage","floor":2.0,"gold_loss":0.0,"damage_taken":20.0,"relics_obtained":["Golden Idol"]},{"damage_healed":0.0,"max_hp_gain":0.0,"max_hp_loss":0.0,"gold_gain":0.0,"event_name":"Scrap Ooze","player_choice":"Success","floor":3.0,"gold_loss":0.0,"damage_taken":12.0,"relics_obtained":["Omamori"]},{"damage_healed":0.0,"max_hp_gain":0.0,"max_hp_loss":0.0,"gold_gain":0.0,"event_name":"Living Wall","player_choice":"Grow","floor":4.0,"gold_loss":0.0,"damage_taken":0.0,"cards_upgraded":["Barricade"]},{"damage_healed":20.0,"max_hp_gain":0.0,"max_hp_loss":0.0,"gold_gain":0.0,"event_name":"The Cleric","player_choice":"Healed","floor":8.0,"gold_loss":35.0,"damage_taken":0.0},{"damage_healed":0.0,"max_hp_gain":0.0,"max_hp_loss":0.0,"gold_gain":0.0,"event_name":"The Library","player_choice":"Read","floor":19.0,"gold_loss":0.0,"damage_taken":0.0,"cards_obtained":["Feel No Pain"]},{"damage_healed":0.0,"max_hp_gain":0.0,"max_hp_loss":40.0,"gold_gain":0.0,"event_name":"Ghosts","player_choice":"Became a Ghost","floor":21.0,"gold_loss":0.0,"damage_taken":0.0,"cards_obtained":["Ghostly","Ghostly","Ghostly","Ghostly","Ghostly"]},{"damage_healed":0.0,"max_hp_gain":0.0,"max_hp_loss":0.0,"gold_gain":99.0,"event_name":"Nest","player_choice":"Stole From Cult","floor":22.0,"gold_loss":0.0,"damage_taken":0.0},{"damage_healed":0.0,"max_hp_gain":0.0,"max_hp_loss":0.0,"gold_gain":0.0,"event_name":"Vampires","player_choice":"Ignored","floor":28.0,"gold_loss":0.0,"damage_taken":0.0},{"damage_healed":0.0,"max_hp_gain":0.0,"max_hp_loss":0.0,"gold_gain":0.0,"cards_transformed":["Strike_R"],"event_name":"Transmorgrifier","player_choice":"Transformed","floor":36.0,"gold_loss":0.0,"damage_taken":0.0,"cards_obtained":["Corruption"]}],"is_beta":false,"boss_relics":[{"not_picked":["SlaversCollar","Runic Cube"],"picked":"Runic Pyramid"},{"not_picked":["Tiny House","Pandora\u0027s Box"],"picked":"Coffee Dripper"}],"items_purged_floors":[5,24,45,53],"is_endless":false,"potions_floor_spawned":[7,14,20,27,29,31,33,38,42,44,46,48,54],"ascension_level":12}}