{"host":"37zexulz95aemuse","time":1610953548,"event":{"mods":["2.2 Compatiblity","BaseMod","CapriCore","GungeonMod","Koishi","Lobotomy","Marisa£¨Ùöéë¡¡Øª×âÞÞ£©","Minty Spire (QoL Compilation)","Replay The Spire","StSLib","The Bug Knight","The Cursed","The Gatherer","The Immortal","The Jungle","WarShipGirlsR/??á´Ò³R mod"],"gold_per_floor":[111,111,126,145,163,189,189,219,242,97,115,126,139,169,169,289,289,289,289],"floor_reached":18,"language":"KOR","playtime":2044,"items_purged":[],"score":246,"play_id":"829c5b08-edce-4278-a16f-6e1e252245ad","local_time":"20210118160548","is_ascension_mode":true,"campfire_choices":[{"data":"MillisecondPulsars","floor":7.0,"key":"SMITH"},{"data":"MachineGunSpark","floor":15.0,"key":"SMITH"}],"circlet_count":0,"master_deck":["Strike_MRS","Strike_MRS","Defend_MRS","Defend_MRS","Defend_MRS","Defend_MRS","UpSweep","PowerUp","MillisecondPulsars+1","EnergyRecoil","MachineGunSpark+1","WitchOfGreed","TreasureHunter"],"relics":["MiniHakkero","CogitoBucket","HornCleat","Replay:Mystery Machine","Lantern","Sling","HollowMod:PaleOreRelic"],"acts_visited":["Exordium","TheCity"],"potions_floor_usage":[18,18],"damage_taken":[{"damage":0.0,"enemies":"Small Slimes","floor":1.0,"turns":3.0},{"damage":0.0,"enemies":"Cultist","floor":3.0,"turns":3.0},{"damage":0.0,"enemies":"Jaw Worm","floor":4.0,"turns":2.0},{"damage":7.0,"enemies":"Lots of Slimes","floor":5.0,"turns":5.0},{"damage":0.0,"enemies":"3 Sentries","floor":6.0,"turns":8.0},{"damage":0.0,"enemies":"Gremlin Nob","floor":8.0,"turns":3.0},{"damage":2.0,"enemies":"Looter","floor":11.0,"turns":4.0},{"damage":0.0,"enemies":"Blue Slaver","floor":12.0,"turns":5.0},{"damage":1.0,"enemies":"3 Louse","floor":13.0,"turns":2.0},{"damage":9.0,"enemies":"Lagavulin","floor":14.0,"turns":7.0},{"damage":15.0,"enemies":"The Guardian","floor":16.0,"turns":12.0},{"damage":44,"enemies":"Shell Parasite","floor":18,"turns":5}],"seed_played":"-3413753636836057742","potions_obtained":[{"floor":1.0,"key":"Weak Potion"},{"floor":3.0,"key":"Regen Potion"},{"floor":5.0,"key":"DemoMod:LeadSkinPotion"},{"floor":11.0,"key":"PowerPotion"},{"floor":12.0,"key":"SteroidPotion"},{"floor":13.0,"key":"Toxic Potion"},{"floor":16.0,"key":"SkillPotion"}],"is_trial":false,"path_per_floor":["M","?","M","M","M","E","R","E","T","$","M","M","M","E","R","B",null,"M"],"character_chosen":"MARISA","items_purchased":["Sling"],"campfire_rested":0,"item_purchase_floors":[10],"current_hp_per_floor":[75,75,75,75,68,68,68,75,75,75,73,73,72,63,63,48,75,31,31],"gold":289,"neow_bonus":"","is_daily":false,"chose_seed":false,"campfire_upgraded":2,"win_rate":0.0,"timestamp":1610953548,"path_taken":["M","?","M","M","?","E","R","E","T","$","M","M","M","E","R","BOSS","M"],"items_purchased_type":["Relic"],"build_version":"2020-12-22","purchased_purges":0,"victory":false,"max_hp_per_floor":[75,75,75,75,75,75,75,75,75,75,75,75,75,75,75,75,75,75,75],"card_choices":[{"not_picked":["IllusionStar","DoubleSpark","DarkSpark"],"picked":"SKIP","floor":1.0},{"not_picked":["MysteriousBeam","DoubleSpark"],"picked":"PowerUp","floor":3.0},{"not_picked":["SuperPerseids","NonDirectionalLaser"],"picked":"MillisecondPulsars","floor":4.0},{"not_picked":["IllusionStar","LuminesStrike","ShootingEcho"],"picked":"SKIP","floor":5.0},{"not_picked":["SporeBomb","ShootingEcho"],"picked":"EnergyRecoil","floor":6.0},{"not_picked":["DoubleSpark","GrandCross","NonDirectionalLaser"],"picked":"SKIP","floor":8.0},{"not_picked":["LuminesStrike","IllusionStar","PowerUp"],"picked":"SKIP","floor":11.0},{"not_picked":["DarkSpark","UnstableBomb"],"picked":"MachineGunSpark","floor":12.0},{"not_picked":["ShootingEcho","IllusionStar","Acceleration"],"picked":"SKIP","floor":13.0},{"not_picked":["NonDirectionalLaser","UnstableBomb"],"picked":"WitchOfGreed","floor":14.0},{"not_picked":["EscapeVelocity","CasketOfStar"],"picked":"TreasureHunter","floor":16.0}],"player_experience":114797,"relics_obtained":[{"floor":6.0,"key":"HornCleat"},{"floor":8.0,"key":"Replay:Mystery Machine"},{"floor":9.0,"key":"Lantern"},{"floor":14.0,"key":"HollowMod:PaleOreRelic"}],"event_choices":[{"damage_healed":0.0,"max_hp_gain":0.0,"max_hp_loss":0.0,"gold_gain":0.0,"event_name":"Accursed Blacksmith","player_choice":"Forge","floor":2.0,"gold_loss":0.0,"damage_taken":0.0,"cards_upgraded":["MasterSpark"]}],"is_beta":false,"boss_relics":[{"not_picked":["Empty Cage","Replay:Drink Me","Replay:Ancient Bell"]}],"items_purged_floors":[],"is_endless":false,"potions_floor_spawned":[1,3,5,11,12,13],"killed_by":"Shell Parasite","ascension_level":1}}