{"host":"khc33f3y4hz17yhu","time":1610930217,"event":{"mods":["BaseMod","Hermit","Minty Spire (QoL Compilation)","StSLib","The Hierophant","The Marked","The Servant 0.9.4"],"gold_per_floor":[116,134,59,73,73,73,73,92,92,267,302,252,252,240,240,322,322,347,316,314,224,213,213,73,73,73,114,127,127,127,140,140,207,207,235,271,66,93,132,132,202,202,226,249,272,321,42,31,31],"floor_reached":48,"language":"ENG","playtime":2645,"items_purged":["hierophant:Strike_Hierophant","hierophant:Defend_Hierophant","hierophant:Defend_Hierophant"],"score":584,"play_id":"31ea52f6-436f-4c70-baf4-0f7404d3e142","local_time":"20210117193657","is_ascension_mode":false,"campfire_choices":[{"data":"hierophant:ChurchCoffers","floor":6,"key":"SMITH"},{"data":"hierophant:Smite","floor":13,"key":"SMITH"},{"data":"hierophant:Punish","floor":15,"key":"SMITH"},{"data":"hierophant:Endure","floor":23,"key":"SMITH"},{"data":"hierophant:Charity","floor":25,"key":"SMITH"},{"data":"hierophant:Endure","floor":30,"key":"SMITH"},{"floor":32,"key":"REST"},{"data":"hierophant:CursedGold","floor":40,"key":"SMITH"},{"data":"hierophant:ConvertCurrency","floor":42,"key":"SMITH"}],"circlet_count":0,"master_deck":["hierophant:Punish+1","hierophant:Defend_Hierophant","hierophant:Defend_Hierophant","hierophant:ChurchCoffers+1","hierophant:Smite+1","hierophant:Encroach+1","hierophant:MorningPrayer","Doubt","hierophant:Doubloon+1","hierophant:Charity+1","hierophant:AuricBeam","hierophant:Doubloon+1","hierophant:CursedGold+1","hierophant:Doubloon","hierophant:CursedGold+1","hierophant:Endure+1","hierophant:Charity","hierophant:Doubloon+1","hierophant:DivineIntervention","hierophant:Endure+1","hierophant:AuricForm","hierophant:MintersHammer","hierophant:Alms+1","hierophant:Doubloon+1","hierophant:ConvertCurrency+1","hierophant:Smite","hierophant:PristineSoul"],"relics":["hierophant:PropheticMaskRelic","Pen Nib","Sozu","Mummified Hand","War Paint","Snecko Eye","Meat on the Bone","Blood Vial","Eternal Feather","Bottled Tornado"],"acts_visited":["Exordium","TheCity","TheBeyond"],"potions_floor_usage":[11,17,19,28,38],"damage_taken":[{"damage":0,"enemies":"Small Slimes","floor":1,"turns":2},{"damage":6,"enemies":"Jaw Worm","floor":2,"turns":2},{"damage":0,"enemies":"2 Louse","floor":4,"turns":1},{"damage":8,"enemies":"Exordium Wildlife","floor":8,"turns":4},{"damage":11,"enemies":"3 Sentries","floor":11,"turns":5},{"damage":0,"enemies":"Looter","floor":14,"turns":3},{"damage":51,"enemies":"The Guardian","floor":16,"turns":17},{"damage":0,"enemies":"Spheric Guardian","floor":18,"turns":2},{"damage":15,"enemies":"2 Thieves","floor":19,"turns":3},{"damage":0,"enemies":"Centurion and Healer","floor":20,"turns":5},{"damage":6,"enemies":"Snake Plant","floor":22,"turns":3},{"damage":0,"enemies":"Book of Stabbing","floor":27,"turns":4},{"damage":40,"enemies":"Cultist and Chosen","floor":28,"turns":8},{"damage":0,"enemies":"Sentry and Sphere","floor":31,"turns":3},{"damage":40,"enemies":"Automaton","floor":33,"turns":12},{"damage":5,"enemies":"3 Shapes","floor":35,"turns":3},{"damage":0,"enemies":"3 Darklings","floor":36,"turns":3},{"damage":24,"enemies":"Spire Growth","floor":38,"turns":6},{"damage":0,"enemies":"Jaw Worm Horde","floor":39,"turns":1},{"damage":33,"enemies":"Nemesis","floor":44,"turns":4},{"damage":0,"enemies":"Sphere and 2 Shapes","floor":45,"turns":3},{"damage":32,"enemies":"Writhing Mass","floor":46,"turns":3},{"damage":44,"enemies":"Giant Head","floor":48,"turns":6}],"seed_played":"-3792133889488044083","potions_obtained":[{"floor":2,"key":"Explosive Potion"},{"floor":16,"key":"EntropicBrew"}],"is_trial":false,"path_per_floor":["M","M","$","M","?","R","?","M","T","?","E","?","R","M","R","B",null,"M","M","M","?","M","R","$","R","T","E","M","?","R","M","R","B",null,"M","M","$","M","M","R","T","R","T","E","M","M","$","E"],"character_chosen":"HIEROPHANT","items_purchased":["hierophant:Charity","hierophant:MintersHammer","Bottled Tornado","hierophant:PristineSoul"],"campfire_rested":1,"item_purchase_floors":[24,37,47,47],"current_hp_per_floor":[82,76,76,76,81,81,74,66,66,66,55,55,55,55,55,4,87,87,72,72,72,66,66,66,66,66,66,26,26,26,26,52,12,87,82,82,82,58,58,58,58,58,58,39,53,35,35,0,0],"gold":31,"neow_bonus":"TEN_PERCENT_HP_BONUS","is_daily":false,"chose_seed":false,"campfire_upgraded":8,"win_rate":0.0,"timestamp":1610930217,"path_taken":["M","M","$","M","?","R","?","M","T","?","E","?","R","?","R","BOSS","M","M","M","?","M","R","$","R","T","E","?","?","R","M","R","BOSS","M","M","$","M","?","R","?","R","T","E","M","M","$","E"],"items_purchased_type":["Card","Card","Relic","Card"],"build_version":"2020-12-22","purchased_purges":3,"victory":false,"max_hp_per_floor":[82,82,82,82,87,87,87,87,87,87,87,87,87,87,87,87,87,87,87,87,87,87,87,87,87,87,87,87,87,87,87,87,87,87,87,87,87,87,87,87,87,87,87,87,87,87,87,87,87],"card_choices":[{"not_picked":["hierophant:HammerAndAnvil","hierophant:Martyrdom"],"picked":"hierophant:Smite","floor":1},{"not_picked":["hierophant:SealAway","hierophant:Purify"],"picked":"hierophant:Encroach","floor":2},{"not_picked":["hierophant:Embezzle","hierophant:Sermon","hierophant:RepressedViolence"],"picked":"SKIP","floor":4},{"not_picked":["hierophant:Anathema","hierophant:HolyVerse"],"picked":"hierophant:MorningPrayer","floor":8},{"not_picked":["hierophant:Shelter","hierophant:DisplayOfPower"],"picked":"hierophant:Charity","floor":11},{"not_picked":["hierophant:BulkyChest","hierophant:FieryStrike"],"picked":"hierophant:AuricBeam","floor":14},{"not_picked":["hierophant:SolarFlare","hierophant:Mercenaries"],"picked":"hierophant:CursedGold","floor":18},{"not_picked":["hierophant:Endure+1","hierophant:FaithHealing"],"picked":"hierophant:CursedGold","floor":19},{"not_picked":["hierophant:FlamingChariot","hierophant:SolarFlare"],"picked":"hierophant:Endure","floor":20},{"not_picked":["hierophant:Glossolalia","hierophant:OrnateBuckler","hierophant:ThreeLashes"],"picked":"SKIP","floor":22},{"not_picked":["hierophant:ThreeLashes","hierophant:Encroach"],"picked":"hierophant:DivineIntervention","floor":27},{"not_picked":["hierophant:Zeal","hierophant:FlamingChariot"],"picked":"hierophant:Endure","floor":28},{"not_picked":["hierophant:Doomsaying","hierophant:DisplayOfPower","hierophant:HolyVerse+1"],"picked":"SKIP","floor":31},{"not_picked":["hierophant:DivineIntervention","hierophant:WrathOfGod"],"picked":"hierophant:AuricForm","floor":33},{"not_picked":["hierophant:RustyCrate+1","hierophant:OrnateBuckler+1","hierophant:FieryStrike+1"],"picked":"SKIP","floor":35},{"not_picked":["hierophant:Blessing","hierophant:Doomsaying","hierophant:DisplayOfPower+1"],"picked":"SKIP","floor":36},{"not_picked":["hierophant:HammerAndAnvil+1","hierophant:Mercenaries+1"],"picked":"hierophant:Alms+1","floor":38},{"not_picked":["hierophant:WrathOfGod","hierophant:EyeForCoin+1"],"picked":"hierophant:ConvertCurrency","floor":39},{"not_picked":["hierophant:Mercenaries","hierophant:RustyCrate"],"picked":"hierophant:Smite","floor":44},{"not_picked":["hierophant:SolarFlare","hierophant:Empathy","hierophant:SealAway+1"],"picked":"SKIP","floor":45},{"not_picked":["hierophant:DisplayOfPower","hierophant:Endure+1","hierophant:Bribe+1"],"picked":"SKIP","floor":46}],"player_experience":160118,"relics_obtained":[{"floor":11,"key":"Pen Nib"},{"floor":26,"key":"Mummified Hand"},{"floor":27,"key":"War Paint"},{"floor":41,"key":"Meat on the Bone"},{"floor":43,"key":"Blood Vial"},{"floor":44,"key":"Eternal Feather"}],"event_choices":[{"damage_healed":0,"gold_gain":0,"player_choice":"Donut","damage_taken":0,"max_hp_gain":5,"max_hp_loss":0,"event_name":"Big Fish","floor":5,"gold_loss":0},{"cards_removed":["hierophant:Strike_Hierophant"],"damage_healed":0,"gold_gain":0,"player_choice":"Card Removal","damage_taken":7,"max_hp_gain":0,"max_hp_loss":0,"event_name":"Golden Wing","floor":7,"gold_loss":0},{"damage_healed":0,"gold_gain":175,"player_choice":"AGREE","damage_taken":0,"max_hp_gain":0,"max_hp_loss":0,"event_name":"Liars Game","floor":10,"gold_loss":0,"cards_obtained":["Doubt"]},{"cards_removed":["hierophant:Strike_Hierophant"],"damage_healed":0,"gold_gain":0,"player_choice":"Card Removal","damage_taken":0,"max_hp_gain":0,"max_hp_loss":0,"event_name":"The Cleric","floor":12,"gold_loss":50},{"cards_removed":["hierophant:Strike_Hierophant"],"damage_healed":0,"gold_gain":0,"player_choice":"Upgrade and Remove","damage_taken":0,"max_hp_gain":0,"max_hp_loss":0,"event_name":"Designer","floor":21,"gold_loss":90,"cards_upgraded":["hierophant:CursedGold"]},{"damage_healed":0,"gold_gain":0,"player_choice":"Ignored","damage_taken":0,"max_hp_gain":0,"max_hp_loss":0,"event_name":"NoteForYourself","floor":29,"gold_loss":0}],"is_beta":false,"boss_relics":[{"not_picked":["Busted Crown","Ectoplasm"],"picked":"Sozu"},{"not_picked":["Velvet Choker","Calling Bell"],"picked":"Snecko Eye"}],"items_purged_floors":[3,24,37],"is_endless":false,"potions_floor_spawned":[2,16,19,20,27,33,39,44,46],"killed_by":"Giant Head","ascension_level":0}}