{"host":"56d873i5r3uhle0q","time":1610954750,"event":{"mods":["100% Spire Juice","Act Like it!","Aspiration","BaseMod","Block Reminder","Conspire","Gensokyo","Hallownest","Hermit","Hubris","Infinite Spire","Jedi Mod","Marisa????????","Marked Mod","Minty Spire (QoL Compilation)","Replay The Spire","StSLib","The Animator","The Bug Knight","The Cursed","The Jungle","The Marked","The Servant 0.9.4","everything is the same but u backflip on backflip","vexMod","??????REMEMod"],"gold_per_floor":[122,122,145,162,175,201,201,214,214,141,141,141,141,66,66,66,66],"floor_reached":16,"language":"ENG","playtime":917,"items_purged":["Injury"],"score":98,"play_id":"2c09f5a6-cc30-4186-82ec-2e4c49238925","local_time":"20210118002550","is_ascension_mode":false,"campfire_choices":[{"data":"HollowMod:SlysStrikes","floor":7.0,"key":"SMITH"},{"data":"infinitespire:Punishment","floor":13.0,"key":"SMITH"},{"data":"animator:DolaStephanie","floor":15.0,"key":"SMITH"}],"circlet_count":0,"master_deck":["animator:Strike_Konosuba","animator:Defend_Konosuba","animator:Strike","animator:Strike","animator:Strike","animator:Defend","animator:Defend","animator:Defend","animator:Kazuma","animator:Aqua","HollowMod:SlysStrikes+1","animator:DolaStephanie+1","animator:IzunaHatsuse","Gensokyo:TarnishedGold","Gensokyo:DepletedGenerator","infinitespire:Punishment+1"],"relics":["animator:LivingPicture","animator:TheMissingPiece","REME_ComplimentaryCards","NeowsBlessing","vexMod:MemoryStick","hubris:TenFootPole","Darkstone Periapt"],"acts_visited":["Gensokyo:Gensokyo"],"potions_floor_usage":[],"damage_taken":[{"damage":0.0,"enemies":"Gensokyo:Gryphon","floor":1.0,"turns":1.0},{"damage":1.0,"enemies":"Gensokyo:2_Kodama","floor":4.0,"turns":2.0},{"damage":0.0,"enemies":"Gensokyo:3_Fairies","floor":5.0,"turns":2.0},{"damage":5.0,"enemies":"Gensokyo:Mamizou","floor":6.0,"turns":12.0},{"damage":0.0,"enemies":"Gensokyo:VengefulSpirit","floor":8.0,"turns":8.0},{"damage":65,"enemies":"Gensokyo:Yukari","floor":16,"turns":10}],"seed_played":"4357681093238134007","potions_obtained":[{"floor":4.0,"key":"Adrenaline Potion"},{"floor":5.0,"key":"Strength Potion"},{"floor":6.0,"key":"Reflective Coating"}],"is_trial":false,"path_per_floor":["M","?","T","M","M","E","R","M","T","COS","?","?","R","$","R","B"],"character_chosen":"THE_ANIMATOR","items_purchased":[],"campfire_rested":0,"item_purchase_floors":[],"current_hp_per_floor":[66,66,66,65,66,64,64,66,66,66,72,63,63,63,63,0,0],"gold":66,"neow_bonus":"THREE_ENEMY_KILL","is_daily":false,"chose_seed":false,"campfire_upgraded":3,"win_rate":0.0,"timestamp":1610954750,"path_taken":["M","?","?","?","?","E","R","M","T","COS","?","?","R","$","R","BOSS"],"items_purchased_type":[],"build_version":"2020-12-22","purchased_purges":1,"victory":false,"max_hp_per_floor":[66,66,66,66,66,67,67,67,67,67,73,73,73,73,73,73,73],"card_choices":[{"not_picked":["animator:ChlammyZell","animator:Entoma"],"picked":"animator:DolaStephanie","floor":1.0},{"not_picked":["animator:Verdia","animator:Tatsumaki","animator:Tyuule"],"picked":"SKIP","floor":4.0},{"not_picked":["animator:Vanir","animator:Gillette","animator:Demiurge"],"picked":"SKIP","floor":5.0},{"not_picked":["animator:ChlammyZell","animator:DolaSchwi"],"picked":"animator:IzunaHatsuse","floor":6.0},{"not_picked":["animator:Alexander","animator:Melzalgald","animator:Tatsumaki"],"picked":"SKIP","floor":8.0},{"not_picked":["ReplayTheSpireMod:??????????????????????","infinitespire:SealOfDarkness+"],"picked":"infinitespire:Punishment","floor":12.0}],"player_experience":550874,"relics_obtained":[{"floor":6.0,"key":"vexMod:MemoryStick"},{"floor":9.0,"key":"hubris:TenFootPole"}],"event_choices":[],"is_beta":false,"boss_relics":[],"items_purged_floors":[14],"is_endless":false,"potions_floor_spawned":[4,5,6],"killed_by":"Gensokyo:Yukari","ascension_level":0}}