{"host":"2t0ddmgeopc3yqug","time":1610942101,"event":{"mods":["AchievementEnabler","BaseMod","Colored Map","Colored Powertips","Hermit","Marisa£¨Ùöéë¡¡Øª×âÞÞ£©","Minty Spire (QoL Compilation)","Rare Cards Sparkle","StSLib","SuperFastMode","The Servant 0.9.4","everything is the same but u backflip on backflip"],"gold_per_floor":[118,133,133,143,143,168,168,268,268,284,304,304,321,41,41,136,136,149,163,163,163],"floor_reached":20,"language":"KOR","playtime":1483,"items_purged":["Defend_MRS"],"score":176,"play_id":"be2741b0-1366-44b7-9912-f6e6fc54c413","local_time":"20210118125501","is_ascension_mode":false,"campfire_choices":[{"floor":7.0,"key":"REST"},{"floor":12.0,"key":"REST"},{"floor":15.0,"key":"REST"}],"circlet_count":0,"master_deck":["Strike_MRS","Strike_MRS+1","Strike_MRS","MasterSpark","UpSweep","MysteriousBeam+1","ManaConvection","PropBag","ChargingUp","SuperNova","MachineGunSpark","EscapeVelocity","SatelliteIllusion+1","EscapeVelocity+1","FinalSpark+1"],"relics":["MiniHakkero","NeowsBlessing","MealTicket","Bottled Lightning","Membership Card","Astrolabe"],"acts_visited":["Exordium","TheCity"],"potions_floor_usage":[],"damage_taken":[{"damage":0.0,"enemies":"2 Louse","floor":1.0,"turns":1.0},{"damage":0.0,"enemies":"Small Slimes","floor":2.0,"turns":1.0},{"damage":0.0,"enemies":"Cultist","floor":4.0,"turns":1.0},{"damage":21.0,"enemies":"Lagavulin","floor":6.0,"turns":5.0},{"damage":18.0,"enemies":"Lots of Slimes","floor":10.0,"turns":3.0},{"damage":18.0,"enemies":"Gremlin Gang","floor":11.0,"turns":4.0},{"damage":14.0,"enemies":"2 Fungi Beasts","floor":13.0,"turns":3.0},{"damage":48.0,"enemies":"Hexaghost","floor":16.0,"turns":8.0},{"damage":26.0,"enemies":"Chosen","floor":18.0,"turns":4.0},{"damage":30.0,"enemies":"Spheric Guardian","floor":19.0,"turns":4.0},{"damage":24,"enemies":"Shelled Parasite and Fungi","floor":20,"turns":2}],"seed_played":"-4450658686290013443","potions_obtained":[{"floor":2.0,"key":"Block Potion"},{"floor":6.0,"key":"Weak Potion"},{"floor":10.0,"key":"SkillPotion"},{"floor":18.0,"key":"Weak Potion"}],"is_trial":false,"path_per_floor":["M","M","?","M","?","E","R","?","T","M","M","R","M","$","R","B",null,"M","M","M"],"character_chosen":"MARISA","items_purchased":["Membership Card","SuperNova","MachineGunSpark"],"campfire_rested":3,"item_purchase_floors":[14,14,14],"current_hp_per_floor":[75,75,60,60,53,32,54,54,54,36,18,40,38,53,75,27,75,49,19,0,0],"gold":163,"neow_bonus":"THREE_ENEMY_KILL","is_daily":false,"chose_seed":false,"campfire_upgraded":0,"win_rate":0.0,"timestamp":1610942101,"path_taken":["M","M","?","M","?","E","R","?","T","?","M","R","M","?","R","BOSS","M","M","M"],"items_purchased_type":["Relic","Card","Card"],"build_version":"2020-12-22","purchased_purges":1,"victory":false,"max_hp_per_floor":[75,75,75,75,75,75,75,75,75,75,75,75,75,75,75,75,75,75,75,75,75],"card_choices":[{"not_picked":["DC","DragonMeteor"],"picked":"MysteriousBeam","floor":1.0},{"not_picked":["Robbery","SprinkleStarSeal"],"picked":"ManaConvection","floor":2.0},{"not_picked":["ShootTheMoon","LuminesStrike","6A"],"picked":"SKIP","floor":4.0},{"not_picked":["ChargeUpSpray","AbsoluteMagnitude"],"picked":"PropBag","floor":6.0},{"not_picked":["GrandCross","AsteroidBelt"],"picked":"ChargingUp","floor":10.0},{"not_picked":["GrandCross","Acceleration","Occultation"],"picked":"SKIP","floor":11.0},{"not_picked":["MilkyWay","PowerUp","WitchLeyline"],"picked":"SKIP","floor":13.0},{"not_picked":["SuperNova","FinalSpark"],"picked":"EscapeVelocity","floor":16.0},{"not_picked":["GrandCross","MilkyWay","LuminesStrike"],"picked":"SKIP","floor":18.0},{"not_picked":["AsteroidBelt","LuminesStrike","MeteoricShower+1"],"picked":"SKIP","floor":19.0}],"player_experience":81338,"relics_obtained":[{"floor":6.0,"key":"MealTicket"},{"floor":9.0,"key":"Bottled Lightning"}],"event_choices":[{"damage_healed":0.0,"max_hp_gain":0.0,"max_hp_loss":0.0,"gold_gain":0.0,"event_name":"Shining Light","player_choice":"Entered Light","floor":3.0,"gold_loss":0.0,"damage_taken":15.0,"cards_upgraded":["MysteriousBeam","Strike_MRS"]},{"cards_removed":["Defend_MRS"],"damage_healed":0.0,"max_hp_gain":0.0,"max_hp_loss":0.0,"gold_gain":0.0,"event_name":"Golden Wing","player_choice":"Card Removal","floor":5.0,"gold_loss":0.0,"damage_taken":7.0},{"damage_healed":0.0,"max_hp_gain":0.0,"max_hp_loss":0.0,"gold_gain":100.0,"event_name":"Golden Shrine","player_choice":"Pray","floor":8.0,"gold_loss":0.0,"damage_taken":0.0}],"is_beta":false,"boss_relics":[{"not_picked":["RampagingMagicTools","Busted Crown"],"picked":"Astrolabe"}],"items_purged_floors":[14],"is_endless":false,"potions_floor_spawned":[2,6,10,13,18],"killed_by":"Shelled Parasite and Fungi","ascension_level":0}}