{"host":"baymyijz6sxaqj5s","time":1610973649,"event":{"mods":["AchievementEnabler","BaseMod","Colored Map","Colored Powertips","DeckTracker","Highlight Path","KOR Keyword Fix","Keyboard Shortcuts","Minty Spire (QoL Compilation)","StSLib","SuperFastMode","everything is the same but u backflip on backflip"],"gold_per_floor":[110,122,122,87,102,102,26,43,43,54,73,73,148,165,165,165,165],"floor_reached":16,"language":"KOR","playtime":379,"items_purged":[],"score":103,"play_id":"95ad76e5-d48d-4466-9a7c-5557ff206a40","local_time":"20210118214049","is_ascension_mode":true,"campfire_choices":[{"data":"Body Slam","floor":6,"key":"SMITH"},{"data":"Heavy Blade","floor":12,"key":"SMITH"},{"floor":15,"key":"REST"}],"circlet_count":0,"master_deck":["Strike_R","Strike_R","Strike_R","Strike_R","Strike_R","Defend_R","Defend_R","Defend_R","Defend_R","Bash","Body Slam+1","Entrench","Ghostly Armor","Armaments","Spot Weakness","Body Slam","Heavy Blade+1","Shrug It Off"],"relics":["Burning Blood","Sundial"],"acts_visited":["Exordium"],"potions_floor_usage":[8,14],"damage_taken":[{"damage":3,"enemies":"Jaw Worm","floor":1,"turns":4},{"damage":0,"enemies":"Small Slimes","floor":2,"turns":3},{"damage":1,"enemies":"2 Louse","floor":5,"turns":4},{"damage":39,"enemies":"Exordium Thugs","floor":8,"turns":9},{"damage":17,"enemies":"Gremlin Gang","floor":10,"turns":7},{"damage":8,"enemies":"Blue Slaver","floor":11,"turns":4},{"damage":35,"enemies":"Large Slime","floor":14,"turns":7},{"damage":43,"enemies":"The Guardian","floor":16,"turns":10}],"seed_played":"-8913349039732442046","potions_obtained":[{"floor":5,"key":"Regen Potion"},{"floor":10,"key":"AttackPotion"}],"is_trial":false,"path_per_floor":["M","M","?","$","M","R","$","M","T","M","M","R","?","M","R","B"],"character_chosen":"IRONCLAD","items_purchased":["Ghostly Armor","Spot Weakness"],"campfire_rested":1,"item_purchase_floors":[4,7],"current_hp_per_floor":[88,88,88,88,88,88,88,70,70,59,57,57,46,17,43,0,0],"gold":165,"neow_bonus":"TEN_PERCENT_HP_BONUS","is_daily":false,"chose_seed":false,"campfire_upgraded":2,"win_rate":0.0,"timestamp":1610973649,"path_taken":["M","M","?","$","M","R","$","M","T","M","M","R","?","M","R","BOSS"],"items_purchased_type":["Card","Card"],"build_version":"2020-12-22","purchased_purges":0,"victory":false,"max_hp_per_floor":[88,88,88,88,88,88,88,88,88,88,88,88,88,88,88,88,88],"card_choices":[{"not_picked":["Wild Strike","Iron Wave"],"picked":"Body Slam","floor":1},{"not_picked":["Headbutt","Anger"],"picked":"Entrench","floor":2},{"not_picked":["Metallicize","Iron Wave"],"picked":"Armaments","floor":5},{"not_picked":["Havoc","Sentinel"],"picked":"Body Slam","floor":8},{"not_picked":["Sentinel","Body Slam","Twin Strike"],"picked":"SKIP","floor":10},{"not_picked":["Twin Strike","Metallicize"],"picked":"Heavy Blade","floor":11},{"not_picked":["Dropkick","Warcry"],"picked":"Shrug It Off","floor":14}],"player_experience":48596,"relics_obtained":[{"floor":9,"key":"Sundial"}],"event_choices":[{"damage_healed":0,"gold_gain":0,"player_choice":"Ignored","damage_taken":0,"max_hp_gain":0,"max_hp_loss":0,"event_name":"Liars Game","floor":3,"gold_loss":0},{"damage_healed":0,"gold_gain":75,"player_choice":"Gather Gold","damage_taken":11,"max_hp_gain":0,"max_hp_loss":0,"event_name":"World of Goop","floor":13,"gold_loss":0}],"is_beta":false,"boss_relics":[],"items_purged_floors":[],"is_endless":false,"potions_floor_spawned":[5,10],"killed_by":"The Guardian","ascension_level":2}}