{"host":"2se5dq1do2gp0x9k","time":1610936636,"event":{"mods":["AchievementEnabler","BaseMod","Block Reminder","Colored Map","Colored Powertips","Minty Spire (QoL Compilation)","Relic Stats","StSLib","SuperFastMode"],"gold_per_floor":[110,127,127,147,51,83,83,106,131,131,172,184,215,243,255,361,373,408,173,189,220,234,234,234],"floor_reached":23,"language":"ENG","playtime":794,"items_purged":["Strike_B"],"score":456,"play_id":"3e4ad335-38c2-4c24-86d7-dc0bf53b3692","local_time":"20210117182356","is_ascension_mode":true,"campfire_choices":[{"floor":12,"key":"REST"},{"floor":15,"key":"REST"}],"circlet_count":0,"master_deck":["AscendersBane","Strike_B","Strike_B","Defend_B","Defend_B","Defend_B","Defend_B","Zap","Dualcast","Rip and Tear","Gash","Gash+1","Beam Cell+1","Skim","Machine Learning","Coolheaded","Skim","Compile Driver","BootSequence","Rainbow","Static Discharge+1","Steam","Auto Shields","Gash"],"relics":["Cracked Core","NeowsBlessing","Lantern","Golden Idol","Whetstone","MawBank","Cursed Key","Toolbox","Red Mask"],"acts_visited":["Exordium","TheCity"],"potions_floor_usage":[11,11,16,21],"damage_taken":[{"damage":0.0,"enemies":"Small Slimes","floor":1.0,"turns":1.0},{"damage":0.0,"enemies":"Cultist","floor":2.0,"turns":1.0},{"damage":0.0,"enemies":"Jaw Worm","floor":4.0,"turns":1.0},{"damage":40.0,"enemies":"3 Sentries","floor":6.0,"turns":7.0},{"damage":13.0,"enemies":"Blue Slaver","floor":8.0,"turns":3.0},{"damage":0,"enemies":"Lagavulin","floor":11,"turns":4},{"damage":11,"enemies":"Looter","floor":13,"turns":2},{"damage":13,"enemies":"3 Louse","floor":14,"turns":4},{"damage":18,"enemies":"The Guardian","floor":16,"turns":11},{"damage":19,"enemies":"Shell Parasite","floor":18,"turns":5},{"damage":4,"enemies":"Spheric Guardian","floor":20,"turns":3},{"damage":7,"enemies":"Masked Bandits","floor":21,"turns":3},{"damage":0,"enemies":"Centurion and Healer","floor":22,"turns":5},{"damage":25,"enemies":"Slavers","floor":23,"turns":3}],"seed_played":"6332052744978768395","potions_obtained":[{"floor":2.0,"key":"SteroidPotion"},{"floor":4.0,"key":"PowerPotion"},{"floor":13,"key":"ColorlessPotion"},{"floor":16,"key":"AttackPotion"}],"is_trial":false,"path_per_floor":["M","M","?","M","$","E","?","M","T","?","E","R","M","M","R","B",null,"M","$","M","?","M","E"],"character_chosen":"DEFECT","items_purchased":["Beam Cell","Skim","Toolbox"],"campfire_rested":2,"item_purchase_floors":[5,5,19],"current_hp_per_floor":[64,64,64,64,64,24,24,11,11,11,11,30,19,6,25,7,50,31,31,27,20,20,0,0],"gold":234,"neow_bonus":"THREE_ENEMY_KILL","is_daily":false,"chose_seed":false,"campfire_upgraded":0,"win_rate":0.0,"timestamp":1610936636,"path_taken":["M","M","?","M","$","E","?","M","T","?","E","R","?","M","R","BOSS","M","$","M","?","M","E"],"items_purchased_type":["Card","Card","Relic"],"build_version":"2020-12-22","purchased_purges":1,"victory":false,"max_hp_per_floor":[71,71,71,71,71,71,64,64,64,64,64,64,64,64,64,64,64,64,64,64,64,64,64,64],"relic_stats":{"counters":[14,53],"Golden Idol":56,"Whetstone":["Gash","Beam Cell"],"MawBank":96,"Cursed Key":0,"obtain_stats":[{"Lantern":6,"NeowsBlessing":0,"Golden Idol":7,"Toolbox":19,"Red Mask":21,"Whetstone":9,"Cracked Core":0,"MawBank":11,"Cursed Key":17},{"Lantern":4,"NeowsBlessing":0,"Golden Idol":4,"Toolbox":10,"Red Mask":12,"Whetstone":5,"Cracked Core":0,"MawBank":6,"Cursed Key":9},{"Lantern":10,"NeowsBlessing":0,"Golden Idol":10,"Toolbox":39,"Red Mask":45,"Whetstone":13,"Cracked Core":0,"MawBank":17,"Cursed Key":34}]},"card_choices":[{"not_picked":["Turbo","Steam Power"],"picked":"Rip and Tear","floor":1.0},{"not_picked":["Hologram","Cold Snap"],"picked":"Gash","floor":2.0},{"not_picked":["Steam","Capacitor"],"picked":"Gash","floor":4.0},{"not_picked":["Rebound","Streamline"],"picked":"Machine Learning","floor":6.0},{"not_picked":["Gash","Hologram"],"picked":"Coolheaded","floor":8.0},{"not_picked":["Reboot","Rip and Tear"],"picked":"Skim","floor":11},{"not_picked":["Redo","Darkness"],"picked":"Compile Driver","floor":13},{"not_picked":["Barrage","Streamline"],"picked":"BootSequence","floor":14},{"not_picked":["Core Surge","Multi-Cast"],"picked":"Rainbow","floor":16},{"not_picked":["Melter","Fusion"],"picked":"Static Discharge+1","floor":18},{"not_picked":["Hello World","Gash"],"picked":"Steam","floor":20},{"not_picked":["Turbo","Cold Snap"],"picked":"Auto Shields","floor":21},{"not_picked":["Blizzard","Cold Snap"],"picked":"Gash","floor":22}],"player_experience":3907182,"relics_obtained":[{"floor":6.0,"key":"Lantern"},{"floor":9.0,"key":"Whetstone"},{"floor":11,"key":"MawBank"},{"floor":21,"key":"Red Mask"}],"event_choices":[{"damage_healed":0.0,"max_hp_gain":0.0,"max_hp_loss":0.0,"gold_gain":0.0,"event_name":"The Cleric","player_choice":"Leave","floor":3.0,"gold_loss":0.0,"damage_taken":0.0},{"damage_healed":0.0,"max_hp_gain":0.0,"max_hp_loss":7.0,"gold_gain":0.0,"event_name":"Golden Idol","player_choice":"Lose Max HP","floor":7.0,"gold_loss":0.0,"damage_taken":0.0,"relics_obtained":["Golden Idol"]},{"cards_removed":["Strike_B"],"damage_healed":0.0,"max_hp_gain":0.0,"max_hp_loss":0.0,"gold_gain":0.0,"event_name":"Purifier","player_choice":"Purged","floor":10.0,"gold_loss":0.0,"damage_taken":0.0},{"damage_healed":0,"gold_gain":0,"player_choice":"Fought Bandits","damage_taken":0,"max_hp_gain":0,"max_hp_loss":0,"event_name":"Masked Bandits","floor":21,"gold_loss":0}],"is_beta":false,"boss_relics":[{"not_picked":["Snecko Eye","SlaversCollar"],"picked":"Cursed Key"}],"items_purged_floors":[19],"is_endless":false,"potions_floor_spawned":[2,4,13,16],"killed_by":"Slavers","ascension_level":20}}