{"host":"r6jigiblrojhp6xe","time":1610981536,"event":{"mods":["AchievementEnabler","BaseMod","DeckTracker","Minty Spire (QoL Compilation)","Quick Restart","Rare Cards Sparkle","Relic Stats","StSLib","SuperFastMode","The Cursed","everything is the same but u backflip on backflip"],"gold_per_floor":[112,187,187,187,203,232,232,246,246,277,292,305,321,340,340,413,413,433,200,217,237,248,248,248],"floor_reached":23,"language":"KOR","playtime":463,"items_purged":["Strike_R"],"score":514,"play_id":"08bedd59-b7a7-4017-9941-54b563c7de95","local_time":"20210118235216","is_ascension_mode":true,"campfire_choices":[{"data":"Bash","floor":7,"key":"SMITH"},{"data":"Pommel Strike","floor":15,"key":"SMITH"}],"circlet_count":0,"master_deck":["AscendersBane","Strike_R","Strike_R","Defend_R","Defend_R","Defend_R","Defend_R","Bash+1","Shrug It Off","Twin Strike","Spot Weakness","Pommel Strike+1","Offering","Offering"],"relics":["Burning Blood","NeowsBlessing","Sundial","White Beast Statue","Kunai","Centennial Puzzle","Empty Cage","TheAbacus"],"acts_visited":["Exordium","TheCity"],"potions_floor_usage":[10,12,14,16,22,23],"damage_taken":[{"damage":0,"enemies":"Jaw Worm","floor":1,"turns":1},{"damage":0,"enemies":"2 Louse","floor":5,"turns":1},{"damage":0,"enemies":"3 Sentries","floor":6,"turns":2},{"damage":7,"enemies":"Cultist","floor":8,"turns":4},{"damage":0,"enemies":"Gremlin Nob","floor":10,"turns":3},{"damage":11,"enemies":"Looter","floor":11,"turns":2},{"damage":8,"enemies":"Blue Slaver","floor":12,"turns":3},{"damage":4,"enemies":"Large Slime","floor":13,"turns":5},{"damage":0,"enemies":"Lots of Slimes","floor":14,"turns":3},{"damage":27,"enemies":"The Guardian","floor":16,"turns":7},{"damage":15,"enemies":"Chosen","floor":18,"turns":3},{"damage":12,"enemies":"Shell Parasite","floor":20,"turns":3},{"damage":29,"enemies":"Centurion and Healer","floor":21,"turns":4},{"damage":18,"enemies":"Snake Plant","floor":22,"turns":5},{"damage":0,"enemies":"Slavers","floor":23,"turns":1}],"seed_played":"5060005272887850790","potions_obtained":[{"floor":5,"key":"LiquidBronze"},{"floor":6,"key":"AttackPotion"},{"floor":10,"key":"DuplicationPotion"},{"floor":12,"key":"PowerPotion"},{"floor":14,"key":"AttackPotion"},{"floor":16,"key":"SkillPotion"},{"floor":18,"key":"GamblersBrew"},{"floor":21,"key":"Block Potion"},{"floor":22,"key":"ColorlessPotion"}],"is_trial":false,"path_per_floor":["M","?","?","?","M","E","R","M","T","E","M","M","M","M","R","B",null,"M","$","M","M","M","E"],"character_chosen":"IRONCLAD","items_purchased":["TheAbacus"],"campfire_rested":0,"item_purchase_floors":[19],"current_hp_per_floor":[74,63,63,63,69,75,75,74,74,75,70,68,70,75,75,54,70,61,61,55,32,20,20,20],"gold":248,"neow_bonus":"THREE_ENEMY_KILL","is_daily":false,"chose_seed":false,"campfire_upgraded":2,"win_rate":0.0,"timestamp":1610981536,"path_taken":["M","?","?","?","M","E","R","M","T","E","M","?","M","M","R","BOSS","M","$","M","M","M","E"],"items_purchased_type":["Relic"],"build_version":"2020-12-22","purchased_purges":1,"victory":false,"max_hp_per_floor":[75,75,75,75,75,75,75,75,75,75,75,75,75,75,75,75,75,75,75,75,75,75,75,75],"relic_stats":{"Centennial Puzzle":[24],"TheAbacus":[60],"counters":[15,47],"Sundial":[12],"Kunai":[12],"obtain_stats":[{"Centennial Puzzle":10,"TheAbacus":19,"NeowsBlessing":0,"Sundial":4,"Kunai":9,"Empty Cage":17,"Burning Blood":0,"White Beast Statue":6},{"Centennial Puzzle":5,"TheAbacus":11,"NeowsBlessing":0,"Sundial":1,"Kunai":4,"Empty Cage":10,"Burning Blood":0,"White Beast Statue":3},{"Centennial Puzzle":11,"TheAbacus":34,"NeowsBlessing":0,"Sundial":1,"Kunai":8,"Empty Cage":31,"Burning Blood":0,"White Beast Statue":4}],"Burning Blood":78},"card_choices":[{"not_picked":["Pommel Strike","Cleave"],"picked":"Shrug It Off","floor":1},{"not_picked":["Havoc","Iron Wave","Bloodletting"],"picked":"SKIP","floor":5},{"not_picked":["Sword Boomerang","Reaper","Evolve"],"picked":"SKIP","floor":6},{"not_picked":["Clash","Seeing Red"],"picked":"Twin Strike","floor":8},{"not_picked":["Metallicize","Fire Breathing"],"picked":"Spot Weakness","floor":10},{"not_picked":["Clash","Anger","Clothesline"],"picked":"SKIP","floor":11},{"not_picked":["Heavy Blade","Warcry"],"picked":"Pommel Strike","floor":12},{"not_picked":["Wild Strike","Shrug It Off","Body Slam"],"picked":"SKIP","floor":13},{"not_picked":["Pommel Strike","Bloodletting"],"picked":"Offering","floor":14},{"not_picked":["Demon Form","Immolate"],"picked":"Offering","floor":16},{"not_picked":["Twin Strike","Flex","Anger"],"picked":"SKIP","floor":18},{"not_picked":["Cleave","Sword Boomerang","Flame Barrier"],"picked":"SKIP","floor":20},{"not_picked":["Juggernaut","Warcry","Body Slam"],"picked":"SKIP","floor":21},{"not_picked":["Thunderclap","Armaments","Reckless Charge"],"picked":"SKIP","floor":22}],"player_experience":581953,"relics_obtained":[{"floor":4,"key":"Sundial"},{"floor":6,"key":"White Beast Statue"},{"floor":9,"key":"Kunai"},{"floor":10,"key":"Centennial Puzzle"}],"event_choices":[{"damage_healed":0,"gold_gain":75,"player_choice":"Gather Gold","damage_taken":11,"max_hp_gain":0,"max_hp_loss":0,"event_name":"World of Goop","floor":2,"gold_loss":0},{"damage_healed":0,"gold_gain":0,"player_choice":"Ignored","damage_taken":0,"max_hp_gain":0,"max_hp_loss":0,"event_name":"Liars Game","floor":3,"gold_loss":0},{"damage_healed":0,"gold_gain":0,"player_choice":"Relic","damage_taken":0,"max_hp_gain":0,"max_hp_loss":0,"event_name":"Wheel of Change","floor":4,"gold_loss":0}],"is_beta":false,"boss_relics":[{"not_picked":["Ectoplasm","SlaversCollar"],"picked":"Empty Cage"}],"items_purged_floors":[19],"is_endless":false,"potions_floor_spawned":[5,6,8,10,11,12,13,14,16,18,20,21,22],"killed_by":"Slavers","ascension_level":20}}