{"host":"ockkdcgl3b18tfz9","time":1610983688,"event":{"mods":["2.2 Compatiblity","BaseMod","Better Skull","Better Third Choice","BetterRewards","Hermit","Minty Spire (QoL Compilation)","Quick Restart","Replay The Spire","Spicy Shops","StSLib","SuperFastMode","The Jungle"],"gold_per_floor":[111,111,111,126,140,140,166,177,202,215,294,122,137,155,155,155,259,259,274,274,394,394,304,334,7,7,52,52,84,104,104,122,122,223,223,241,259,199,199,138,165,195,227,239,251,263,275,298,345,370,393,503,515,527,539,551,62,87,87,87],"floor_reached":59,"language":"ENG","playtime":1561,"items_purged":["Strike_G","Strike_G+1","Strike_G+1"],"score":2099,"play_id":"90e34cf3-97ba-4803-a760-009ed75ad14b","local_time":"20210118222808","is_ascension_mode":true,"campfire_choices":[{"data":"Dash","floor":6.0,"key":"SMITH"},{"data":"Neutralize","floor":6.0,"key":"SMITH"},{"floor":15.0,"key":"RECALL"},{"data":"Bane","floor":16.0,"key":"SMITH"},{"data":"Survivor","floor":16.0,"key":"SMITH"},{"floor":26.0,"key":"REST"},{"floor":28.0,"key":"REST"},{"floor":31.0,"key":"REST"},{"floor":33.0,"key":"REST"},{"floor":44.0,"key":"REST"},{"floor":53,"key":"REST"},{"floor":56,"key":"REST"}],"circlet_count":0,"master_deck":["AscendersBane","Strike_G+1","Defend_G+1","Defend_G+1","Defend_G+1","Defend_G+1","Survivor+1","Neutralize+1","Blade Dance+1","Dash+1","Cloak And Dagger+1","Blade Dance+1","Blade Dance+1","Replay:Poison Smokescreen+1","Storm of Steel+1","Deflect+1","Caltrops+1","Bane+1","Blade Dance+1","Adrenaline+1","Blade Dance+1","ReplayTheSpireMod:Shiv Toss+1","Infinite Blades+1","hermit:Quickdraw+1","Disarm+1","Feed+1","ReplayTheSpireMod:Speed Training+1","Acrobatics+1","Shrug It Off+1","Sneak Up+1","Madness+1","Madness+1","Disarm+1","Deep Breath+1","Backflip+1","Pot Of Greed+1","Pot Of Greed+1","Pot Of Greed+1","Pot Of Greed+1","Prepared+1","Envenom","Envenom"],"relics":["Ring of the Snake","Gremlin Horn","Toxic Egg 2","Tiny Chest","Thread and Needle","ReplayFunnel","HandDrill","Replay:Arrowhead","Membership Card","Ninja Scroll","Basket Of Snakes","Gremlin Food","Dream Catcher","Darkstone Periapt","Omamori","Meat on the Bone","BargainBundle","WristBlade","theJungle:WildPear","Matryoshka","theJungle:ParSnip","Juzu Bracelet","Iron Hammer","Whetstone","PrismaticShard","Replay:Baseball","MealTicket","Snack Pack","Dead Branch","Toy Ornithopter","MawBank","Bird Faced Urn","StoneCalendar","Pear","Replay:Rubber Ducky","TwistedFunnel","Grinning Jar","Lee\u0027s Waffle","Replay:Bottled Flurry"],"acts_visited":["Exordium","Exordium","TheBeyond","TheEnding"],"potions_floor_usage":[59],"damage_taken":[{"damage":0.0,"enemies":"2 Louse","floor":1.0,"turns":1.0},{"damage":0.0,"enemies":"Small Slimes","floor":4.0,"turns":2.0},{"damage":0.0,"enemies":"Cultist","floor":5.0,"turns":1.0},{"damage":0.0,"enemies":"Replay:BlueRogue","floor":7.0,"turns":2.0},{"damage":0.0,"enemies":"3 Louse","floor":8.0,"turns":1.0},{"damage":0.0,"enemies":"Exordium Thugs","floor":10.0,"turns":3.0},{"damage":0.0,"enemies":"Blue Slaver","floor":13.0,"turns":1.0},{"damage":0.0,"enemies":"2 Fungi Beasts","floor":14.0,"turns":1.0},{"damage":0.0,"enemies":"Fading Forest","floor":17.0,"turns":11.0},{"damage":0.0,"enemies":"theJungle:Flameango_and_Byrd","floor":19.0,"turns":3.0},{"damage":0.0,"enemies":"theJungle:2_Phrogs","floor":24.0,"turns":3.0},{"damage":0.0,"enemies":"theJungle:Cassacara","floor":29.0,"turns":3.0},{"damage":0.0,"enemies":"theJungle:MUSHROOMGANG","floor":30.0,"turns":1.0},{"damage":0.0,"enemies":"theJungle:2_Snecko_Cultists","floor":32.0,"turns":2.0},{"damage":0.0,"enemies":"theJungle:QueenSpyder","floor":34.0,"turns":4.0},{"damage":0.0,"enemies":"3 Shapes","floor":36.0,"turns":2.0},{"damage":0.0,"enemies":"3 Darklings","floor":37.0,"turns":2.0},{"damage":0.0,"enemies":"Reptomancer","floor":42.0,"turns":1.0},{"damage":14.0,"enemies":"Writhing Mass","floor":43.0,"turns":3.0},{"damage":0.0,"enemies":"Jaw Worm Horde","floor":48.0,"turns":1.0},{"damage":3.0,"enemies":"R_Hoarder","floor":49.0,"turns":5.0},{"damage":0.0,"enemies":"3 Darklings","floor":50.0,"turns":1.0},{"damage":9.0,"enemies":"Spire Growth","floor":51.0,"turns":2.0},{"damage":8,"enemies":"Donu and Deca","floor":54,"turns":3},{"damage":17,"enemies":"Shield and Spear","floor":58,"turns":6},{"damage":93,"enemies":"The Heart","floor":59,"turns":8}],"seed_played":"-8627647987890644003","potions_obtained":[{"floor":5.0,"key":"SpeedPotion"},{"floor":10.0,"key":"EssenceOfSteel"},{"floor":19.0,"key":"GhostInAJar"}],"is_trial":false,"path_per_floor":["M","?","?","M","M","R","E","M","T","M","T","$","M","M","R","R","B",null,"M","?","?","T","?","E","$","R","T","R","E","M","R","M","R","B",null,"M","M","?","?","$","T","E","M","R","T","T","?","M","E","M","M","R","R","B",null,"R","$","E","B"],"character_chosen":"THE_SILENT","items_purchased":["Gremlin Horn","Toxic Egg 2","Tiny Chest","ReplayFunnel","HandDrill","Blade Dance+1","Dash","Membership Card","Ninja Scroll","Basket Of Snakes","Omamori","Meat on the Bone","BargainBundle","Deflect+1","Caltrops+1","SkillPotion","Bane","Iron Hammer","Whetstone","PrismaticShard","Infinite Blades","Dead Branch","ReplayTheSpireMod:Speed Training+1","Acrobatics+1","Replay:Rubber Ducky","Backflip+1","TwistedFunnel","Grinning Jar","Lee\u0027s Waffle","Prepared+1","Envenom"],"campfire_rested":7,"item_purchase_floors":[0,0,0,0,0,0,0,0,0,0,12,12,12,12,12,12,12,25,25,25,25,40,40,40,57,57,57,57,57,57,57],"current_hp_per_floor":[21,19,70,70,70,70,70,70,70,70,70,70,70,70,70,70,70,70,70,80,68,68,68,68,68,80,80,80,80,80,80,80,80,80,80,80,80,80,80,80,80,80,68,80,80,80,70,78,91,94,87,87,94,94,94,94,101,101,31,31],"gold":87,"neow_bonus":"","is_daily":false,"chose_seed":false,"campfire_upgraded":4,"win_rate":0.0,"timestamp":1610983688,"path_taken":["M","?","?","?","M","R","E","M","T","M","?","?","M","M","R","R","BOSS","M","?","?","?","?","E","$","R","T","R","E","M","R","M","R","BOSS","M","M","?","?","$","?","E","M","R","T","T","?","M","E","M","M","R","R","BOSS","R","$","E","BOSS"],"items_purchased_type":["Relic","Relic","Relic","Relic","Relic","Card","Card","Relic","Relic","Relic","Relic","Relic","Relic","Card","Card","Potion","Card","Relic","Relic","Relic","Card","Relic","Card","Card","Relic","Card","Relic","Relic","Relic","Card","Card"],"build_version":"2020-12-22","purchased_purges":3,"victory":false,"max_hp_per_floor":[70,70,70,70,70,70,70,70,70,70,70,70,70,70,70,70,70,70,70,80,80,80,80,80,80,80,80,80,80,80,80,80,80,80,80,80,80,80,80,80,80,80,80,80,80,80,80,80,94,94,94,94,94,94,94,94,101,101,101,101],"card_choices":[{"not_picked":["Quick Slash","Sucker Punch"],"picked":"Well Laid Plans","floor":1.0},{"not_picked":["Acrobatics+1","ReplayTheSpireMod:Tripwire+1"],"picked":"Cloak And Dagger+1","floor":4.0},{"not_picked":["Acrobatics+1","Slice"],"picked":"Blade Dance+1","floor":5.0},{"not_picked":["Slice","Dagger Spray"],"picked":"Blade Dance+1","floor":7.0},{"not_picked":["Slice","Hidden Blade+1"],"picked":"Replay:Poison Smokescreen+1","floor":8.0},{"not_picked":["Sucker Punch","Slice"],"picked":"Storm of Steel+1","floor":10.0},{"not_picked":["Noxious Fumes","ReplayTheSpireMod:Tripwire+1","Flying Knee"],"picked":"SKIP","floor":13.0},{"not_picked":["Deflect+1","Deadly Poison+1"],"picked":"Blade Dance+1","floor":14.0},{"not_picked":["ReplayTheSpireMod:From All Sides","Night Terror+1"],"picked":"Adrenaline+1","floor":17.0},{"not_picked":["Deadly Poison+1","Noxious Fumes"],"picked":"Blade Dance+1","floor":19.0},{"not_picked":["Blade Dance+1","Riddle With Holes"],"picked":"ReplayTheSpireMod:Shiv Toss+1","floor":24.0},{"not_picked":["Barrage","Perfected Strike"],"picked":"hermit:Quickdraw+1","floor":28.0},{"not_picked":["hermit:ItchyTrigger+1","Chrysalis+1","Replay:DivineShield+1"],"picked":"SKIP","floor":29.0},{"not_picked":["Second Wind+1","InnerPeace+1","True Grit+1"],"picked":"SKIP","floor":30.0},{"not_picked":["Reinforced Body+1","Chaos+1","Rebound"],"picked":"SKIP","floor":32.0},{"not_picked":["Reflex+1","Adaptation"],"picked":"Disarm+1","floor":33.0},{"not_picked":["Hemogenesis","ReplayTheSpireMod:Omega Cannon"],"picked":"Feed","floor":34.0},{"not_picked":["Crescendo+1","hermit:WideOpen","Perfected Strike"],"picked":"SKIP","floor":36.0},{"not_picked":["Streamline","Outmaneuver+1","Demon Form"],"picked":"SKIP","floor":37.0},{"not_picked":["Beam Cell","ReplayTheSpireMod:Exploit Weakness+1","Recycle+1"],"picked":"SKIP","floor":42.0},{"not_picked":["Cleave","hermit:Malice+1"],"picked":"Shrug It Off+1","floor":43.0},{"not_picked":["Havoc+1","hermit:TakeAim"],"picked":"Sneak Up+1","floor":44.0},{"not_picked":["hermit:WideOpen","FearNoEvil+1","Sentinel+1"],"picked":"SKIP","floor":48.0},{"not_picked":["TalkToTheHand","SashWhip"],"picked":"Disarm+1","floor":49.0},{"not_picked":["Havoc+1","hermit:Glare+1","Infernal Blade+1"],"picked":"SKIP","floor":50.0},{"not_picked":["ReplayTheSpireMod:The Works+1","Chaos+1","Reflex+1"],"picked":"SKIP","floor":51.0},{"not_picked":["Pray+1","Burning Pact+1"],"picked":"Deep Breath+1","floor":53},{"not_picked":["MasterReality","ReplayTheSpireMod:Uncanny Aura+1","ReplayReversal+1"],"picked":"SKIP","floor":58}],"player_experience":286724,"relics_obtained":[{"floor":7.0,"key":"Gremlin Food"},{"floor":9.0,"key":"Dream Catcher"},{"floor":11.0,"key":"Darkstone Periapt"},{"floor":22.0,"key":"Matryoshka"},{"floor":24.0,"key":"Juzu Bracelet"},{"floor":27.0,"key":"Replay:Baseball"},{"floor":27.0,"key":"MealTicket"},{"floor":29.0,"key":"Snack Pack"},{"floor":41.0,"key":"Toy Ornithopter"},{"floor":42.0,"key":"MawBank"},{"floor":45.0,"key":"Bird Faced Urn"},{"floor":46.0,"key":"StoneCalendar"},{"floor":49.0,"key":"Pear"},{"floor":58,"key":"Replay:Bottled Flurry"}],"event_choices":[{"damage_healed":0.0,"max_hp_gain":0.0,"max_hp_loss":0.0,"gold_gain":1.0,"event_name":"betterThird:BetterScrap","player_choice":"LEAVE","floor":2.0,"gold_loss":0.0,"damage_taken":2.0,"cards_obtained":["Genetic Algorithm"]},{"cards_removed":["Well Laid Plans"],"damage_healed":51.0,"max_hp_gain":0.0,"max_hp_loss":0.0,"gold_gain":0.0,"event_name":"Bonfire Elementals","player_choice":"Offered Uncommon","floor":3.0,"gold_loss":0.0,"damage_taken":0.0},{"cards_removed":["Strike_G"],"damage_healed":0.0,"max_hp_gain":0.0,"max_hp_loss":0.0,"gold_gain":0.0,"event_name":"Designer","player_choice":"Single Remove","floor":38.0,"gold_loss":60.0,"damage_taken":0.0},{"cards_removed":["Defend_G"],"damage_healed":0.0,"max_hp_gain":0.0,"max_hp_loss":0.0,"gold_gain":0.0,"event_name":"Falling","player_choice":"Removed Skill","floor":39.0,"gold_loss":0.0,"damage_taken":0.0},{"damage_healed":0.0,"max_hp_gain":0.0,"max_hp_loss":0.0,"gold_gain":0.0,"event_name":"Winding Halls","player_choice":"Embrace Madness","floor":47.0,"gold_loss":0.0,"damage_taken":10.0,"cards_obtained":["Madness","Madness"]}],"is_beta":false,"boss_relics":[{"not_picked":["Philosopher\u0027s Stone","Replay:Drink Me"],"picked":"WristBlade"},{"not_picked":["Replay:Bronze Core","Painkiller Herb","Honey Jar"]}],"items_purged_floors":[12,25,57],"is_endless":false,"potions_floor_spawned":[5,10,13,19,34,36,37,48,49,50],"killed_by":"The Heart","ascension_level":12}}