{"host":"cxvb37eaaiijvrl4","time":1610952937,"event":{"mods":["ATMod(°¢èªMod)","BaseMod","Better Third Choice","Minty Spire (QoL Compilation)","MostiFishMod","Quick Restart","Rare Cards Sparkle","Shop Mod","Spicy Shops","StSLib","TestMod","Uncapped","²ÐÁôÖ®Îï"],"gold_per_floor":[362,362,287,302,320,353,373,408,432,498,498,549,549,588,588,712,762,855,892,942,978,878,878,913,1021,1021,896,1006,1006,1006,1069,1069,1167,1167,1254,1254,1397,1482,1482,1482,1537,1537,1605,178,284,320,356,181,181,306,331,331,331,74,154,179],"floor_reached":57,"language":"ZHS","playtime":1217,"items_purged":["Strike_R","Strike_R","Strike_R","Bash","Strike_R+1","Sword Boomerang"],"score":3444,"play_id":"139ab789-4ef1-41ad-804f-7972f00fe79d","local_time":"20210117225537","is_ascension_mode":true,"campfire_choices":[{"data":"Body Slam","floor":11,"key":"SMITH"},{"data":"Dark Embrace","floor":15,"key":"SMITH"},{"data":"AT_MyraUnstableElement","floor":23,"key":"SMITH"},{"data":"MostiFishMod:404NotFound","floor":29,"key":"SMITH"},{"data":"Second Wind","floor":32,"key":"SMITH"},{"data":"Offering","floor":40,"key":"SMITH"},{"floor":42,"key":"RECALL"},{"data":"Power Through","floor":49,"key":"SMITH"},{"data":"AT_GerminateFire","floor":53,"key":"SMITH"}],"circlet_count":0,"master_deck":["AscendersBane","Defend_R","Defend_R","Defend_R+1","Defend_R","AT_MyraUnstableElement+1","Shrug It Off+1","Body Slam+1","Second Wind+1","Power Through+1","Dark Embrace+1","MostiFishMod:404NotFound+1","AT_GerminateFire+1","Offering+1","MostiFishMod:FlyOverUtopia","Feel No Pain"],"relics":["Burning Blood","testmod-TestBox","DaveBox","AT_ATBox","ShadowXiaoBlade","testmod-RealStoneCalender","SynthV:TestCard","AT_ChloranthyRing","Bag of Preparation","AT_MibuBalloonWealth","Toy Ornithopter","testmod-LifeArmor","Tiny House","AT_BellowingDragoncrestRing","testmod-TimeTraveler","MealTicket","Ornamental Fan","MerchantsRug","BirthdayGift-Tetrahedron","PlaceholderMod:DeVermisMysteriis","AT_SilvercatRing"],"acts_visited":["TheCity","TheBeyond","TheEnding"],"potions_floor_usage":[12,25],"damage_taken":[{"damage":0,"enemies":"Small Slimes","floor":1,"turns":2},{"damage":4,"enemies":"Jaw Worm","floor":4,"turns":3},{"damage":0,"enemies":"Cultist","floor":5,"turns":3},{"damage":11,"enemies":"Gremlin Nob","floor":6,"turns":3},{"damage":0,"enemies":"Exordium Wildlife","floor":7,"turns":4},{"damage":15,"enemies":"Lagavulin","floor":8,"turns":4},{"damage":23,"enemies":"Exordium Thugs","floor":10,"turns":4},{"damage":0,"enemies":"Gremlin Nob","floor":12,"turns":2},{"damage":0,"enemies":"Blue Slaver","floor":14,"turns":2},{"damage":0,"enemies":"Slime Boss","floor":16,"turns":5},{"damage":2,"enemies":"3 Byrds","floor":18,"turns":2},{"damage":8,"enemies":"Shell Parasite","floor":19,"turns":2},{"damage":0,"enemies":"Snecko","floor":21,"turns":2},{"damage":8,"enemies":"Snake Plant","floor":24,"turns":2},{"damage":14,"enemies":"Gremlin Leader","floor":25,"turns":3},{"damage":14,"enemies":"Slavers","floor":28,"turns":2},{"damage":0,"enemies":"Cultist and Chosen","floor":31,"turns":3},{"damage":9,"enemies":"Champ","floor":33,"turns":3},{"damage":0,"enemies":"3 Shapes","floor":35,"turns":1},{"damage":0,"enemies":"3 Darklings","floor":37,"turns":1},{"damage":0,"enemies":"Sphere and 2 Shapes","floor":38,"turns":2},{"damage":6,"enemies":"Nemesis","floor":41,"turns":2},{"damage":4,"enemies":"Reptomancer","floor":45,"turns":1},{"damage":0,"enemies":"Maw","floor":46,"turns":1},{"damage":0,"enemies":"Transient","floor":47,"turns":1},{"damage":3,"enemies":"Awakened One","floor":50,"turns":2},{"damage":0,"enemies":"Time Eater","floor":51,"turns":1},{"damage":0,"enemies":"Shield and Spear","floor":55,"turns":1},{"damage":3,"enemies":"The Heart","floor":56,"turns":2}],"seed_played":"-6943547879613466759","potions_obtained":[{"floor":4,"key":"Swift Potion"},{"floor":10,"key":"FearPotion"},{"floor":12,"key":"SmokeBomb"},{"floor":16,"key":"FairyPotion"},{"floor":28,"key":"BlessingOfTheForge"},{"floor":33,"key":"Block Potion"},{"floor":41,"key":"ElixirPotion"}],"is_trial":false,"path_per_floor":["M","?","$","M","M","E","M","E","T","M","R","E","T","M","R","B",null,"M","M","?","M","$","R","M","E","T","$","E","R","T","M","R","B",null,"M","?","M","M","?","R","E","R","T","$","E","M","M","$","R","B","B",null,"R","$","E","B",null],"character_chosen":"IRONCLAD","items_purchased":["MerchantsRug","BirthdayGift-Tetrahedron","Feel No Pain"],"campfire_rested":0,"item_purchase_floors":[44,44,54],"current_hp_per_floor":[56,33,33,35,41,36,42,33,33,16,16,22,22,28,28,34,70,74,72,72,78,78,78,76,72,72,72,74,74,74,80,80,77,87,90,90,90,90,85,85,85,85,85,85,85,85,85,85,85,85,85,85,85,85,85,85],"gold":179,"neow_bonus":"TWO_FIFTY_GOLD","is_daily":false,"chose_seed":false,"campfire_upgraded":8,"win_rate":0.0,"timestamp":1610952937,"path_taken":["M","?","?","M","M","E","M","E","T","M","R","E","?","?","R","BOSS","M","M","?","M","$","R","M","E","T","$","E","R","?","M","R","BOSS","M","?","M","?","?","R","E","R","T","$","E","M","M","$","R","BOSS","BOSS","R","$","E","BOSS"],"items_purchased_type":["Relic","Relic","Card"],"build_version":"2020-12-22","purchased_purges":6,"victory":true,"max_hp_per_floor":[75,75,75,75,75,75,75,75,75,75,75,75,75,75,75,75,80,80,80,80,80,80,80,80,80,80,80,90,90,90,90,90,90,90,90,90,90,90,85,85,85,85,85,85,85,85,85,85,85,85,85,85,85,85,85,85],"card_choices":[{"not_picked":["Thunderclap","Burning Pact","AT_IchimonjiDouble"],"picked":"SKIP","floor":1},{"not_picked":["Thunderclap","Burning Pact","AT_IchimonjiDouble"],"picked":"SKIP","floor":1},{"not_picked":["Twin Strike","True Grit","Headbutt","Armaments"],"picked":"Shrug It Off","floor":4},{"not_picked":["Wild Strike","Heavy Blade","Searing Blow","Combust"],"picked":"Sword Boomerang","floor":5},{"not_picked":["Anger","Spot Weakness","Cleave","Flex","Twin Strike"],"picked":"SKIP","floor":6},{"not_picked":["Ghostly Armor","AT_GerminateFire","Carnage","Iron Wave"],"picked":"Body Slam","floor":7},{"not_picked":["Perfected Strike","Pommel Strike","Wild Strike","Juggernaut"],"picked":"Second Wind","floor":8},{"not_picked":["True Grit","Warcry","Intimidate","Shrug It Off"],"picked":"Power Through","floor":10},{"not_picked":["Perfected Strike","Havoc","Whirlwind","Armaments"],"picked":"Dark Embrace","floor":12},{"not_picked":["Pummel","Shrug It Off","Armaments","True Grit","Perfected Strike"],"picked":"SKIP","floor":14},{"not_picked":["MostiFishMod:Chiaki","MostiFishMod:FlyOverUtopia","MostiFishMod:RainCloud","MostiFishMod:TemporaryOutbreak"],"picked":"MostiFishMod:404NotFound","floor":16},{"not_picked":["Warcry","Flex+1","Heavy Blade","Spot Weakness","Headbutt"],"picked":"SKIP","floor":18},{"not_picked":["Twin Strike","Disarm","MostiFishMod:BrandingRite","True Grit+1","Armaments+1"],"picked":"SKIP","floor":19},{"not_picked":["Havoc","True Grit","Armaments","Headbutt+1","Clash"],"picked":"SKIP","floor":21},{"not_picked":["Impervious","Blood for Blood+1","Heavy Blade","AT_IchimonjiDouble","Headbutt"],"picked":"SKIP","floor":24},{"not_picked":["True Grit","MostiFishMod:Chiaki","Fire Breathing","Rupture+1"],"picked":"AT_GerminateFire","floor":25},{"not_picked":["Cleave","AT_IchimonjiDouble","Dual Wield","Iron Wave","Rampage"],"picked":"SKIP","floor":28},{"not_picked":["Anger","Hemokinesis+1","Spot Weakness","Blood for Blood+1","AT_ManFootWork"],"picked":"SKIP","floor":31},{"not_picked":["Demon Form","MostiFishMod:FlyOverUtopia","MostiFishMod:404NotFound","MostiFishMod:Chiaki"],"picked":"Offering","floor":33},{"not_picked":["Pommel Strike","Headbutt","AT_DrawKnifeCut","Sever Soul+1","Twin Strike"],"picked":"SKIP","floor":35},{"not_picked":["True Grit+1","Reckless Charge","Havoc","Perfected Strike+1","Shrug It Off"],"picked":"SKIP","floor":37},{"not_picked":["Headbutt+1","Perfected Strike","Havoc+1","Rampage","Carnage+1"],"picked":"SKIP","floor":38},{"not_picked":["AT_CaressingTears","Bludgeon","Pommel Strike","Inflame+1","Carnage+1"],"picked":"SKIP","floor":41},{"not_picked":["Juggernaut","AT_CaressingTears+1","Armaments","Flex","True Grit"],"picked":"SKIP","floor":45},{"not_picked":["Shrug It Off","Iron Wave","Power Through","Body Slam","Carnage"],"picked":"SKIP","floor":46},{"not_picked":["Uppercut","Inflame","Cleave","AT_IchimonjiDouble","Havoc+1"],"picked":"SKIP","floor":47},{"not_picked":["Seeing Red","True Grit","Bloodletting","Cleave","AT_DiedThrough"],"picked":"SKIP","floor":55}],"player_experience":684072,"relics_obtained":[{"floor":1,"key":"SynthV:TestCard"},{"floor":6,"key":"AT_ChloranthyRing"},{"floor":8,"key":"Bag of Preparation"},{"floor":9,"key":"AT_MibuBalloonWealth"},{"floor":12,"key":"Toy Ornithopter"},{"floor":13,"key":"testmod-LifeArmor"},{"floor":25,"key":"AT_BellowingDragoncrestRing"},{"floor":28,"key":"Pear"},{"floor":30,"key":"testmod-InfectionSource"},{"floor":41,"key":"MealTicket"},{"floor":43,"key":"Ornamental Fan"},{"floor":45,"key":"PlaceholderMod:DeVermisMysteriis"},{"floor":55,"key":"AT_SilvercatRing"}],"event_choices":[{"damage_healed":56,"gold_gain":0,"player_choice":"Upgrade","damage_taken":23,"max_hp_gain":0,"max_hp_loss":75,"event_name":"betterThird:BetterShining","floor":2,"gold_loss":0,"cards_upgraded":["Defend_R","Strike_R"]},{"damage_healed":0,"gold_gain":50,"player_choice":"Steal","damage_taken":0,"max_hp_gain":0,"max_hp_loss":0,"event_name":"betterThird:BetterNest","floor":20,"gold_loss":0},{"damage_healed":0,"gold_gain":0,"cards_transformed":["Strike_R"],"player_choice":"Transformed","damage_taken":0,"max_hp_gain":0,"max_hp_loss":0,"event_name":"Transmorgrifier","floor":36,"gold_loss":0,"cards_obtained":["MostiFishMod:FlyOverUtopia"]},{"damage_healed":0,"gold_gain":0,"player_choice":"Max HP","damage_taken":0,"max_hp_gain":0,"max_hp_loss":5,"event_name":"Winding Halls","floor":39,"gold_loss":0}],"is_beta":false,"boss_relics":[{"not_picked":["testmod-Nine","TakeMeEscape"],"picked":"Tiny House"},{"not_picked":["SlaversCollar","FixedStarFall"],"picked":"testmod-TimeTraveler"}],"items_purged_floors":[3,22,27,44,48,54],"is_endless":false,"potions_floor_spawned":[4,10,12,16,21,24,28,33,35,41,47],"ascension_level":20}}