{"host":"5c3kjl7nos5i2inu","time":1610952874,"event":{"mods":["AchievementEnabler","BaseMod","Dark Map","Downfall","Hermit","Minty Spire (QoL Compilation)","StSLib"],"gold_per_floor":[119,138,48,58,78,78,98,132,209,219,219,219,239,255,255,357,357,376,37,48,48,48,76,76,76,76,88,88,1,1,1,1,105,105,119,56,67,67,67],"floor_reached":38,"language":"ENG","playtime":2269,"items_purged":["Well Laid Plans","Shame","Setup"],"score":396,"play_id":"be208c5b-a507-4222-af1b-fee84c9932e2","local_time":"20210118015434","is_ascension_mode":false,"campfire_choices":[{"data":"Backflip","floor":6.0,"key":"SMITH"},{"data":"Deadly Poison","floor":12,"key":"SMITH"},{"data":"Survivor","floor":15,"key":"SMITH"},{"floor":24,"key":"REST"},{"data":"Slice","floor":28,"key":"SMITH"},{"data":"Backstab","floor":32,"key":"SMITH"}],"circlet_count":0,"master_deck":["Survivor+1","Neutralize","Prepared","Concentrate","Noxious Fumes","Slice","Backstab+1","Backflip+1","Leg Sweep","Deadly Poison+1","Outmaneuver","Poisoned Stab","Cloak And Dagger","Grand Finale","Corpse Explosion","Well Laid Plans","Dodge and Roll","Phantasmal Killer","Malaise","After Image","Slice","Accuracy","Cloak And Dagger","Dagger Spray","Leg Sweep","Slice+1","Backflip","Blade Dance+1","Infinite Blades","Unload","CurseOfTheBell"],"relics":["Ring of the Snake","NeowsBlessing","Toy Ornithopter","Eternal Feather","Pandora\u0027s Box","Membership Card","Nunchaku","Pocketwatch","Juzu Bracelet","Paper Crane","The Courier","Calling Bell","Omamori","Matryoshka","Dead Branch"],"acts_visited":["Exordium","TheCity","TheBeyond"],"potions_floor_usage":[16,18,20,33,33,33,38],"damage_taken":[{"damage":0.0,"enemies":"Small Slimes","floor":1.0,"turns":1.0},{"damage":0.0,"enemies":"Jaw Worm","floor":2.0,"turns":1.0},{"damage":0.0,"enemies":"2 Louse","floor":4.0,"turns":1.0},{"damage":0.0,"enemies":"Looter","floor":5.0,"turns":4.0},{"damage":3.0,"enemies":"Lots of Slimes","floor":7.0,"turns":4.0},{"damage":30.0,"enemies":"Gremlin Nob","floor":8.0,"turns":6.0},{"damage":1,"enemies":"Blue Slaver","floor":10,"turns":3},{"damage":3,"enemies":"Large Slime","floor":13,"turns":6},{"damage":2,"enemies":"Gremlin Gang","floor":14,"turns":5},{"damage":23,"enemies":"Hexaghost","floor":16,"turns":10},{"damage":11,"enemies":"2 Thieves","floor":18,"turns":2},{"damage":11,"enemies":"Shell Parasite","floor":20,"turns":7},{"damage":31,"enemies":"Slavers","floor":23,"turns":4},{"damage":0,"enemies":"Chosen and Byrds","floor":27,"turns":7},{"damage":26,"enemies":"Collector","floor":33,"turns":7},{"damage":36,"enemies":"3 Darklings","floor":35,"turns":4},{"damage":0,"enemies":"Orb Walker","floor":37,"turns":4},{"damage":59,"enemies":"Transient","floor":38,"turns":4}],"seed_played":"-4074552190466532819","potions_obtained":[{"floor":1.0,"key":"ColorlessPotion"},{"floor":7.0,"key":"CultistPotion"},{"floor":8.0,"key":"PowerPotion"},{"floor":14,"key":"Explosive Potion"},{"floor":18,"key":"ColorlessPotion"},{"floor":20,"key":"ColorlessPotion"},{"floor":23,"key":"Dexterity Potion"},{"floor":37,"key":"Regen Potion"}],"is_trial":false,"path_per_floor":["M","M","$","M","M","R","M","E","T","M","?","R","M","M","R","B",null,"M","$","M","?","$","E","R","?","T","M","R","$","?","T","R","B",null,"M","$","M","M"],"character_chosen":"THE_SILENT","items_purchased":["Noxious Fumes","Slice","Membership Card","Dagger Spray","Leg Sweep","Nunchaku","Infinite Blades"],"campfire_rested":1,"item_purchase_floors":[3,3,19,19,19,19,29],"current_hp_per_floor":[70,70,70,70,70,70,67,37,37,36,59,70,67,65,70,47,70,59,59,53,53,53,22,58,45,45,45,63,63,63,63,75,59,75,39,39,39,0,0],"gold":67,"neow_bonus":"THREE_ENEMY_KILL","is_daily":false,"chose_seed":false,"campfire_upgraded":5,"win_rate":0.0,"timestamp":1610952874,"path_taken":["M","M","$","M","M","R","M","E","T","M","?","R","M","M","R","BOSS","M","$","M","?","$","E","R","?","T","M","R","?","?","?","R","BOSS","M","$","M","M"],"items_purchased_type":["Card","Card","Relic","Card","Card","Relic","Card"],"build_version":"2020-12-22","purchased_purges":3,"victory":false,"max_hp_per_floor":[70,70,70,70,70,70,70,70,70,70,70,70,70,70,70,70,70,70,70,70,70,70,70,70,75,75,75,75,75,75,75,75,75,75,75,75,75,75,75],"card_choices":[{"not_picked":["Accuracy","Predator"],"picked":"Prepared","floor":1.0},{"not_picked":["Acrobatics","Blade Dance"],"picked":"Concentrate","floor":2.0},{"not_picked":["Bane","Blade Dance"],"picked":"Backstab","floor":4.0},{"not_picked":["Expertise","Blade Dance"],"picked":"Backflip","floor":5.0},{"not_picked":["Bane","Heel Hook"],"picked":"Leg Sweep","floor":7.0},{"not_picked":["Underhanded Strike","Concentrate"],"picked":"Deadly Poison","floor":8.0},{"not_picked":["Concentrate","PiercingWail"],"picked":"Outmaneuver","floor":10},{"not_picked":["Flying Knee","Bullet Time"],"picked":"Poisoned Stab","floor":13},{"not_picked":["Setup","Tactician"],"picked":"Cloak And Dagger","floor":14},{"not_picked":["Doppelganger","Venomology"],"picked":"Grand Finale","floor":16},{"not_picked":["Eviscerate","Backflip"],"picked":"Cloak And Dagger","floor":18},{"not_picked":["Bane","Dodge and Roll"],"picked":"Slice","floor":20},{"not_picked":["Concentrate+1","Dodge and Roll"],"picked":"Backflip","floor":23},{"not_picked":["Finisher","PiercingWail+1"],"picked":"Blade Dance+1","floor":27},{"not_picked":["Burst","Bullet Time"],"picked":"Unload","floor":33},{"not_picked":["Riddle With Holes+1","Slice","Tactician+1"],"picked":"SKIP","floor":35},{"not_picked":["Cloak And Dagger","Footwork","Sucker Punch"],"picked":"SKIP","floor":37}],"player_experience":100458,"relics_obtained":[{"floor":8.0,"key":"Toy Ornithopter"},{"floor":9,"key":"Eternal Feather"},{"floor":23,"key":"Juzu Bracelet"},{"floor":26,"key":"Paper Crane"},{"floor":31,"key":"The Courier"},{"floor":34,"key":"Omamori"},{"floor":34,"key":"Matryoshka"},{"floor":34,"key":"Dead Branch"}],"event_choices":[{"damage_healed":23,"gold_gain":0,"player_choice":"Banana","damage_taken":0,"max_hp_gain":0,"max_hp_loss":0,"event_name":"Big Fish","floor":11,"gold_loss":0},{"damage_healed":0,"gold_gain":0,"player_choice":"Stole Relic","damage_taken":0,"relics_obtained":["Pocketwatch"],"max_hp_gain":0,"max_hp_loss":0,"event_name":"Addict","floor":21,"gold_loss":0,"cards_obtained":["Shame"]},{"damage_healed":0,"gold_gain":0,"player_choice":"Shed Blood","damage_taken":18,"max_hp_gain":5,"max_hp_loss":0,"event_name":"Forgotten Altar","floor":25,"gold_loss":0}],"is_beta":false,"boss_relics":[{"not_picked":["Snecko Eye","SacredBark"],"picked":"Pandora\u0027s Box"},{"not_picked":["Philosopher\u0027s Stone","Tiny House"],"picked":"Calling Bell"}],"items_purged_floors":[19,29,36],"is_endless":false,"potions_floor_spawned":[1,7,8,10,14,18,20,23,37],"killed_by":"Transient","ascension_level":0}}