{"host":"yptvp0rjza9g9li7","time":1610981559,"event":{"mods":["AchievementEnabler","BaseMod","Colored Map","Colored Powertips","DeckTracker","Minty Spire (QoL Compilation)","SuperFastMode"],"gold_per_floor":[119,194,213,224,244,273,273,306,331,360,360,375,375,6,6,104,104,121,140,140,152,152,152,67,101,101,101,124,135,149,163,163,258,258,269,269,319,338,338,372,372,403,403,157,169,32,32,46,46,46,46],"floor_reached":50,"language":"KOR","playtime":1998,"items_purged":["Strike_R","Dropkick+1"],"score":567,"play_id":"43420f43-3a91-4219-bb5a-e6dc59ca03b4","local_time":"20210118235239","is_ascension_mode":true,"campfire_choices":[{"data":"Demon Form","floor":7.0,"key":"SMITH"},{"data":"Intimidate","floor":13.0,"key":"SMITH"},{"data":"Carnage","floor":15.0,"key":"SMITH"},{"data":"Body Slam","floor":23.0,"key":"SMITH"},{"data":"Dark Embrace","floor":27.0,"key":"SMITH"},{"data":"Offering","floor":32.0,"key":"SMITH"},{"data":"Panacea","floor":41,"key":"SMITH"},{"data":"Havoc","floor":49,"key":"SMITH"}],"circlet_count":0,"master_deck":["Bash","Headbutt","Anger+1","Demon Form+1","Intimidate+1","Carnage+1","Shrug It Off","Second Wind","Offering+1","Dark Embrace+1","Power Through","Body Slam+1","Disarm","Impervious","Wild Strike+1","Twin Strike+1","Evolve","Inflame+1","Exhume","Panacea+1","Flex","Havoc+1","True Grit+1","Pummel+1","Barricade+1","Pommel Strike+1"],"relics":["Burning Blood","Lantern","Whetstone","MealTicket","Pen Nib","Akabeko","HandDrill","Pandora\u0027s Box","Boot","TungstenRod","Frozen Egg 2","Tiny Chest","Philosopher\u0027s Stone","Bird Faced Urn","Lizard Tail","Bronze Scales","Vajra","Letter Opener","OrangePellets"],"acts_visited":["Exordium","TheCity","TheBeyond"],"potions_floor_usage":[40,40,50],"damage_taken":[{"damage":5.0,"enemies":"Small Slimes","floor":1.0,"turns":3.0},{"damage":12.0,"enemies":"2 Louse","floor":3.0,"turns":3.0},{"damage":1.0,"enemies":"Cultist","floor":4.0,"turns":3.0},{"damage":4.0,"enemies":"Exordium Wildlife","floor":5.0,"turns":3.0},{"damage":18.0,"enemies":"Lagavulin","floor":6.0,"turns":5.0},{"damage":6.0,"enemies":"Gremlin Nob","floor":8.0,"turns":3.0},{"damage":26.0,"enemies":"Lagavulin","floor":10.0,"turns":6.0},{"damage":5.0,"enemies":"2 Fungi Beasts","floor":12.0,"turns":3.0},{"damage":20.0,"enemies":"Hexaghost","floor":16.0,"turns":5.0},{"damage":6.0,"enemies":"3 Byrds","floor":18.0,"turns":4.0},{"damage":6.0,"enemies":"Spheric Guardian","floor":19.0,"turns":2.0},{"damage":15.0,"enemies":"Centurion and Healer","floor":21.0,"turns":4.0},{"damage":13.0,"enemies":"Book of Stabbing","floor":25.0,"turns":4.0},{"damage":10.0,"enemies":"Cultist and Chosen","floor":29.0,"turns":3.0},{"damage":12.0,"enemies":"Shelled Parasite and Fungi","floor":30.0,"turns":4.0},{"damage":5.0,"enemies":"Snecko","floor":31.0,"turns":4.0},{"damage":46.0,"enemies":"Collector","floor":33.0,"turns":7.0},{"damage":10.0,"enemies":"3 Darklings","floor":35.0,"turns":2.0},{"damage":20.0,"enemies":"Mind Bloom Boss Battle","floor":37.0,"turns":6.0},{"damage":13.0,"enemies":"3 Shapes","floor":38.0,"turns":2.0},{"damage":61,"enemies":"Reptomancer","floor":40,"turns":6},{"damage":13,"enemies":"Giant Head","floor":42,"turns":6},{"damage":5,"enemies":"3 Darklings","floor":45,"turns":2},{"damage":19,"enemies":"Spire Growth","floor":48,"turns":3},{"damage":77,"enemies":"Time Eater","floor":50,"turns":8}],"seed_played":"-7899129234803165732","potions_obtained":[{"floor":3.0,"key":"Regen Potion"},{"floor":4.0,"key":"SpeedPotion"},{"floor":6.0,"key":"Fire Potion"},{"floor":10.0,"key":"AttackPotion"},{"floor":12.0,"key":"AttackPotion"},{"floor":19.0,"key":"PowerPotion"},{"floor":21.0,"key":"FearPotion"},{"floor":29.0,"key":"SpeedPotion"},{"floor":35.0,"key":"Explosive Potion"},{"floor":48,"key":"Strength Potion"}],"is_trial":false,"path_per_floor":["M","?","M","M","M","E","R","E","T","E","?","M","R","$","R","B",null,"M","M","?","M","?","R","?","E","T","R","T","M","M","M","R","B",null,"M","?","?","M","T","E","R","E","T","$","M","$","?","M","R","B"],"character_chosen":"IRONCLAD","items_purchased":["Akabeko","HandDrill","OrangePellets","Barricade+1"],"campfire_rested":0,"item_purchase_floors":[14,14,44,46],"current_hp_per_floor":[72,61,55,60,62,60,60,60,60,40,72,72,72,72,72,58,72,72,72,72,63,63,63,63,56,56,56,56,52,46,47,47,7,72,68,68,54,53,53,42,42,43,43,58,63,72,72,63,63,0,0],"gold":46,"neow_bonus":"REMOVE_TWO","is_daily":false,"chose_seed":false,"campfire_upgraded":8,"win_rate":0.0,"timestamp":1610981559,"path_taken":["M","?","M","M","M","E","R","E","T","E","?","M","R","$","R","BOSS","M","M","?","M","?","R","?","E","T","R","?","?","M","M","R","BOSS","M","?","?","M","?","E","R","E","T","$","M","$","?","?","R","BOSS"],"items_purchased_type":["Relic","Relic","Relic","Card"],"build_version":"2020-12-22","purchased_purges":2,"victory":false,"max_hp_per_floor":[72,72,72,72,72,72,72,72,72,72,72,72,72,72,72,72,72,72,72,72,72,72,72,72,72,72,72,72,72,72,72,72,72,72,72,72,72,72,72,72,72,72,72,72,72,72,72,72,72,72,72],"card_choices":[{"not_picked":["Flex","Warcry"],"picked":"Headbutt","floor":1.0},{"not_picked":["Cleave","Rupture"],"picked":"Anger","floor":3.0},{"not_picked":["Rampage","Sever Soul"],"picked":"Demon Form","floor":4.0},{"not_picked":["Anger","Headbutt"],"picked":"Whirlwind","floor":5.0},{"not_picked":["Combust","Reckless Charge"],"picked":"Intimidate","floor":6.0},{"not_picked":["Hemokinesis","Disarm"],"picked":"Carnage","floor":8.0},{"not_picked":["Perfected Strike","Burning Pact"],"picked":"Shrug It Off","floor":10.0},{"not_picked":["Sentinel","Cleave"],"picked":"Second Wind","floor":12.0},{"not_picked":["Berserk","Bludgeon"],"picked":"Offering","floor":16.0},{"not_picked":["Thunderclap","Body Slam"],"picked":"Wild Strike+1","floor":18.0},{"not_picked":["Armaments+1","Dropkick"],"picked":"Twin Strike+1","floor":19.0},{"not_picked":["Headbutt+1","Thunderclap","Heavy Blade"],"picked":"SKIP","floor":21.0},{"not_picked":["Havoc","Demon Form"],"picked":"Dropkick+1","floor":25.0},{"not_picked":["Iron Wave+1","Shrug It Off","Metallicize+1"],"picked":"SKIP","floor":29.0},{"not_picked":["Carnage+1","Thunderclap"],"picked":"Inflame+1","floor":30.0},{"not_picked":["Whirlwind","Dropkick","Dark Embrace+1"],"picked":"SKIP","floor":31.0},{"not_picked":["Feed","Brutality+1"],"picked":"Exhume","floor":33.0},{"not_picked":["Wild Strike","Warcry","Iron Wave+1"],"picked":"SKIP","floor":35.0},{"not_picked":["Thinking Ahead","Dramatic Entrance"],"picked":"Panacea","floor":36.0},{"not_picked":["Twin Strike+1","Warcry+1"],"picked":"Flex","floor":37.0},{"not_picked":["Anger","Combust+1"],"picked":"Havoc","floor":38.0},{"not_picked":["Spot Weakness+1","Ghostly Armor+1"],"picked":"True Grit+1","floor":40},{"not_picked":["Dark Embrace+1","Demon Form+1","Clash+1"],"picked":"SKIP","floor":42},{"not_picked":["Clash","Inflame+1"],"picked":"Pummel+1","floor":45},{"not_picked":["Clothesline+1","Thunderclap+1"],"picked":"Pommel Strike+1","floor":48}],"player_experience":208431,"relics_obtained":[{"floor":6.0,"key":"Lantern"},{"floor":8.0,"key":"Whetstone"},{"floor":9.0,"key":"MealTicket"},{"floor":10.0,"key":"Pen Nib"},{"floor":25.0,"key":"TungstenRod"},{"floor":26.0,"key":"Frozen Egg 2"},{"floor":28.0,"key":"Tiny Chest"},{"floor":37.0,"key":"Bird Faced Urn"},{"floor":39.0,"key":"Lizard Tail"},{"floor":40,"key":"Bronze Scales"},{"floor":42,"key":"Vajra"},{"floor":43,"key":"Letter Opener"}],"event_choices":[{"damage_healed":0.0,"max_hp_gain":0.0,"max_hp_loss":0.0,"gold_gain":75.0,"event_name":"World of Goop","player_choice":"Gather Gold","floor":2.0,"gold_loss":0.0,"damage_taken":11.0},{"cards_removed":["Whirlwind"],"damage_healed":32.0,"max_hp_gain":0.0,"max_hp_loss":0.0,"gold_gain":0.0,"event_name":"Bonfire Elementals","player_choice":"Offered Uncommon","floor":11.0,"gold_loss":0.0,"damage_taken":0.0},{"cards_removed":["Impervious"],"damage_healed":0.0,"max_hp_gain":0.0,"max_hp_loss":0.0,"gold_gain":0.0,"event_name":"Back to Basics","player_choice":"Elegance","floor":20.0,"gold_loss":0.0,"damage_taken":0.0},{"damage_healed":0.0,"max_hp_gain":0.0,"max_hp_loss":0.0,"gold_gain":0.0,"event_name":"The Library","player_choice":"Read","floor":22.0,"gold_loss":0.0,"damage_taken":0.0,"cards_obtained":["Evolve"]},{"damage_healed":0.0,"max_hp_gain":0.0,"max_hp_loss":0.0,"gold_gain":0.0,"event_name":"Addict","player_choice":"Obtained Relic","floor":24.0,"gold_loss":85.0,"damage_taken":0.0,"relics_obtained":["Boot"]},{"damage_healed":0.0,"max_hp_gain":0.0,"max_hp_loss":0.0,"gold_gain":0.0,"event_name":"SensoryStone","player_choice":"Memory 1","floor":36.0,"gold_loss":0.0,"damage_taken":0.0},{"damage_healed":0.0,"max_hp_gain":0.0,"max_hp_loss":0.0,"gold_gain":0.0,"event_name":"MindBloom","player_choice":"Fight","floor":37.0,"gold_loss":0.0,"damage_taken":0.0},{"damage_healed":0,"gold_gain":0,"player_choice":"Ignored","damage_taken":0,"max_hp_gain":0,"max_hp_loss":0,"event_name":"SecretPortal","floor":47,"gold_loss":0}],"is_beta":false,"boss_relics":[{"not_picked":["Ectoplasm","Snecko Eye"],"picked":"Pandora\u0027s Box"},{"not_picked":["Runic Pyramid","Coffee Dripper"],"picked":"Philosopher\u0027s Stone"}],"items_purged_floors":[14,44],"is_endless":false,"potions_floor_spawned":[3,4,6,10,12,19,21,29,31,35,38,48],"killed_by":"Time Eater","ascension_level":1}}