{"host":"7vcinojww5gy0fs8","time":1610951269,"event":{"mods":["100% Spire Juice","ATMod(°¢èªMod)","Alarm Clock","Arknights The Spire","Ascension Reborn","Aspiration","BaseMod","Better Vampires","BetterRewards","Dota2Spire","Fox Events","Googly Eyes","Highlight Path","Marked Mod","Minty Spire (QoL Compilation)","Nova Terra(ÅµÍÞ¡¤Ì©À­)","Quick Restart","Spicy Shops","StSLib","The Gatherer","The Hierophant","The Runesmith","[GremlinLeader]The Maniac","vexMod","¡¾ÒÅÎï¿¨ÅÆ¡¿REMEMod"],"gold_per_floor":[115,129,129,147,165,165,200,200,226,123,123,140,72,72,72,169,169,184,194,94,127,7,7,7,42,116,136,136,155,175,187,187,282,282,294,306,356,356,370,280,294,294,320,335,335,60,77,77,77,77,77,77,77,104,104,104],"floor_reached":55,"language":"ZHS","playtime":6991,"items_purged":["Moonworks:Strike","Shame"],"score":821,"play_id":"062bed95-8dcf-4805-959f-af54685292e9","local_time":"20210118142749","is_ascension_mode":true,"campfire_choices":[{"floor":6.0,"key":"REST"},{"data":"AT_Dispersion","floor":8.0,"key":"SMITH"},{"data":"Echo Form","floor":15.0,"key":"SMITH"},{"floor":24.0,"key":"REST"},{"floor":28.0,"key":"REST"},{"data":"Moonworks:Dash","floor":32.0,"key":"SMITH"},{"floor":42.0,"key":"RECALL"},{"data":"Moonworks:Strike","floor":45.0,"key":"PURGE"},{"data":"Moonworks:Strike","floor":49.0,"key":"PURGE"},{"data":"Moonworks:MixPhenomenon","floor":52.0,"key":"SMITH"}],"circlet_count":0,"master_deck":["Moonworks:Defend","Moonworks:Defend","Moonworks:Defend","Moonworks:Defend","Moonworks:Ambush","Moonworks:LongDistanceShot","Echo Form+1","AT_Dispersion+1","Moonworks:RagingMadness","Moonworks:AngelHand","Moonworks:LuckyCharm","Moonworks:Flamethrower","Moonworks:MixPhenomenon+1","Moonworks:IntelligenceOfficer","Moonworks:NicePresent","Iron Wave","Moonworks:SakisCookie","Moonworks:Gamble+1","Moonworks:NicePresent","Moonworks:Dash+1","Moonworks:BigBangBell","Moonworks:MiracleRedBeanIceCream","Moonworks:PlushieMaster+1","Madness","Madness","Moonworks:NicePresent"],"relics":["Moonworks:SBBomb","Moonworks:Homemark","AT_ATBox","REME_ComplimentaryCards","CaptainsWheel","FossilizedHelix","Dota2Spire:BattleFury","vexMod:BarristanHead","Dota2Spire:EyeOfSkadi","Red Mask","Kunai","AT_ImmortalShieldbow","AT_TrinityForce","Peace Pipe","AT_SunfireAegis","vexMod:PaidLearning","AT_SilvercatRing"],"acts_visited":["Exordium","TheCity","TheBeyond","TheEnding"],"potions_floor_usage":[55],"damage_taken":[{"damage":0.0,"enemies":"Cultist","floor":1.0,"turns":5.0},{"damage":0.0,"enemies":"2 Louse","floor":2.0,"turns":5.0},{"damage":0.0,"enemies":"Small Slimes","floor":4.0,"turns":4.0},{"damage":16.0,"enemies":"Exordium Thugs","floor":5.0,"turns":5.0},{"damage":2.0,"enemies":"3 Sentries","floor":7.0,"turns":8.0},{"damage":3.0,"enemies":"Large Slime","floor":10.0,"turns":7.0},{"damage":0.0,"enemies":"Exordium Wildlife","floor":12.0,"turns":4.0},{"damage":0.0,"enemies":"Hexaghost","floor":16.0,"turns":9.0},{"damage":0.0,"enemies":"2 Thieves","floor":18.0,"turns":2.0},{"damage":0.0,"enemies":"Shell Parasite","floor":19.0,"turns":1.0},{"damage":0.0,"enemies":"Masked Bandits","floor":21.0,"turns":3.0},{"damage":0.0,"enemies":"REME_1_Revenger","floor":25.0,"turns":1.0},{"damage":0.0,"enemies":"Chosen and Byrds","floor":27.0,"turns":4.0},{"damage":0.0,"enemies":"Snake Plant","floor":29.0,"turns":3.0},{"damage":3.0,"enemies":"Cultist and Chosen","floor":30.0,"turns":6.0},{"damage":0.0,"enemies":"Snecko","floor":31.0,"turns":7.0},{"damage":26.0,"enemies":"Collector","floor":33.0,"turns":8.0},{"damage":0.0,"enemies":"3 Darklings","floor":35.0,"turns":3.0},{"damage":0.0,"enemies":"3 Shapes","floor":36.0,"turns":3.0},{"damage":0.0,"enemies":"2 Orb Walkers","floor":37.0,"turns":4.0},{"damage":5.0,"enemies":"Jaw Worm Horde","floor":39.0,"turns":3.0},{"damage":3.0,"enemies":"Giant Head","floor":40.0,"turns":9.0},{"damage":0.0,"enemies":"4 Shapes","floor":41.0,"turns":3.0},{"damage":0.0,"enemies":"Sphere and 2 Shapes","floor":44.0,"turns":3.0},{"damage":0.0,"enemies":"Spire Growth","floor":47.0,"turns":4.0},{"damage":0.0,"enemies":"Time Eater","floor":50.0,"turns":11.0},{"damage":12,"enemies":"Shield and Spear","floor":54,"turns":6},{"damage":1485,"enemies":"The Heart","floor":55,"turns":3}],"seed_played":"5801578486194317327","potions_obtained":[{"floor":4.0,"key":"Energy Potion"},{"floor":5.0,"key":"Dota2Spire:Clarity"},{"floor":12.0,"key":"Dota2Spire:HealingSalve"},{"floor":21.0,"key":"CultistPotion"},{"floor":25.0,"key":"Dota2Spire:HealingSalve"},{"floor":36.0,"key":"Weak Potion"},{"floor":40.0,"key":"ColorlessPotion"}],"is_trial":false,"path_per_floor":["M","M","?","M","M","R","E","R","T","M","?","M","$","?","R","B",null,"M","M","$","?","$","?","R","E","T","M","R","M","M","M","R","B",null,"M","M","?","?","M","E","M","R","T","M","R","$","M","?","R","B",null,"R","$","E","B"],"character_chosen":"THE_STARBREAKER","items_purchased":["FossilizedHelix","Moonworks:RagingMadness","Dota2Spire:EyeOfSkadi","vexMod:PaidLearning"],"campfire_rested":3,"item_purchase_floors":[0,0,13,46],"current_hp_per_floor":[42,42,42,42,26,44,42,42,42,39,39,39,44,44,44,44,65,65,1,1,3,3,3,22,1,1,1,20,20,17,40,40,25,65,65,65,65,57,59,62,65,65,65,65,65,65,65,65,65,65,65,65,65,58,0,0],"gold":104,"neow_bonus":"","is_daily":false,"chose_seed":false,"campfire_upgraded":4,"win_rate":0.0,"timestamp":1610951269,"path_taken":["M","M","?","?","M","R","E","R","T","M","?","M","?","?","R","BOSS","M","M","?","?","$","?","R","E","T","M","R","M","?","M","R","BOSS","M","M","?","?","M","E","M","R","T","M","R","$","M","?","R","BOSS","R","$","E","BOSS"],"items_purchased_type":["Relic","Card","Relic","Relic"],"build_version":"2020-12-22","purchased_purges":2,"victory":false,"max_hp_per_floor":[60,60,60,60,60,60,60,60,60,60,60,60,65,65,65,65,65,65,65,65,65,65,65,65,65,65,65,65,65,65,65,65,65,65,65,65,65,65,65,65,65,65,65,65,65,65,65,65,65,65,65,65,65,65,65,65],"card_choices":[{"not_picked":["Moonworks:CloudOfSeagulls","Moonworks:TacticalRetreat"],"picked":"Moonworks:AngelHand","floor":1.0},{"not_picked":["Moonworks:LulusLuckyEgg","Moonworks:StiffCrystal"],"picked":"Moonworks:LuckyCharm","floor":2.0},{"not_picked":["Moonworks:EvilSpyWorkPreparation","Moonworks:DeployBits"],"picked":"Moonworks:Flamethrower","floor":4.0},{"not_picked":["Moonworks:FinalSurgery","Moonworks:Bloodlust"],"picked":"Moonworks:MixPhenomenon","floor":5.0},{"not_picked":["Moonworks:FinalSurgery","Moonworks:RagingMadness"],"picked":"Moonworks:IntelligenceOfficer","floor":7.0},{"not_picked":["Moonworks:SweetBattle","Moonworks:CompletionReward"],"picked":"Moonworks:NicePresent","floor":10.0},{"not_picked":["Moonworks:CloudOfSeagulls","Moonworks:JonathanRush","Moonworks:Assault"],"picked":"SKIP","floor":12.0},{"not_picked":["Moonworks:StarBlastingFuse","Moonworks:EvilMastermind"],"picked":"Moonworks:Gamble","floor":16.0},{"not_picked":["Moonworks:CloudOfSeagulls","Moonworks:Assault"],"picked":"Moonworks:NicePresent","floor":18.0},{"not_picked":["Moonworks:SelfDestruct+1","Moonworks:LulusLuckyEgg+1"],"picked":"Moonworks:Dash","floor":19.0},{"not_picked":["Moonworks:ImOnFire","Moonworks:JonathanRush+1"],"picked":"Moonworks:BigBangBell","floor":25.0},{"not_picked":["Moonworks:NicePresent+1","Moonworks:SakisCookie","Moonworks:FullSpeedAlicianrone+1"],"picked":"SKIP","floor":27.0},{"not_picked":["Moonworks:SelfDestruct","Moonworks:Dinner","Moonworks:AngelHand"],"picked":"SKIP","floor":29.0},{"not_picked":["Moonworks:RedAndBlue","Moonworks:EvilSpyWorkPreparation"],"picked":"Moonworks:MiracleRedBeanIceCream","floor":30.0},{"not_picked":["Moonworks:SakisCookie","Moonworks:x16BigRocket","Moonworks:CompletionReward"],"picked":"SKIP","floor":31.0},{"not_picked":["Moonworks:Gamble","Moonworks:EvilMastermind"],"picked":"Moonworks:PlushieMaster","floor":33.0},{"not_picked":["Moonworks:AngelHand+1","Moonworks:FinalSurgery","Moonworks:CloudOfSeagulls"],"picked":"SKIP","floor":35.0},{"not_picked":["Moonworks:BigMagnum","Moonworks:EvilSpyWorkPreparation+1","Moonworks:LuckyCharm+1"],"picked":"SKIP","floor":36.0},{"not_picked":["Moonworks:SakisCookie","Moonworks:CloudOfSeagulls+1","Moonworks:AngelHand"],"picked":"SKIP","floor":39.0},{"not_picked":["Moonworks:StiffCrystal+1","Moonworks:DeployBits+1","Moonworks:AwakeningOfTalent"],"picked":"SKIP","floor":40.0},{"not_picked":["Moonworks:ForcedRevival","Moonworks:CompletionReward"],"picked":"Moonworks:NicePresent","floor":41.0},{"not_picked":["Moonworks:ImOnFire+1","Moonworks:CookingTime+1","Moonworks:BigBangBell+1"],"picked":"SKIP","floor":44.0},{"not_picked":["Moonworks:LulusLuckyEgg","Moonworks:IndiscriminateFireSupport","Moonworks:MiracleRedBeanIceCream+1"],"picked":"SKIP","floor":47.0},{"not_picked":["Moonworks:BigMagnum+1","Moonworks:AngelHand","Moonworks:BackdoorTrade"],"picked":"SKIP","floor":54}],"player_experience":312490,"relics_obtained":[{"floor":7.0,"key":"Dota2Spire:BattleFury"},{"floor":9.0,"key":"vexMod:BarristanHead"},{"floor":21.0,"key":"Red Mask"},{"floor":25.0,"key":"Kunai"},{"floor":26.0,"key":"AT_ImmortalShieldbow"},{"floor":37.0,"key":"Peace Pipe"},{"floor":40.0,"key":"AT_SunfireAegis"},{"floor":54,"key":"AT_SilvercatRing"}],"event_choices":[{"damage_healed":0.0,"max_hp_gain":0.0,"max_hp_loss":0.0,"gold_gain":0.0,"event_name":"Wheel of Change","player_choice":"Cursed","floor":3.0,"gold_loss":0.0,"damage_taken":0.0,"cards_obtained":["Decay"]},{"cards_removed":["Decay"],"damage_healed":0.0,"max_hp_gain":0.0,"max_hp_loss":0.0,"gold_gain":0.0,"event_name":"NoteForYourself","player_choice":"Took Card","floor":11.0,"gold_loss":0.0,"damage_taken":0.0,"cards_obtained":["Iron Wave"]},{"damage_healed":0.0,"max_hp_gain":0.0,"max_hp_loss":0.0,"gold_gain":0.0,"cards_transformed":["Moonworks:Strike"],"event_name":"Transmorgrifier","player_choice":"Transformed","floor":14.0,"gold_loss":0.0,"damage_taken":0.0,"cards_obtained":["Moonworks:SakisCookie"]},{"damage_healed":0.0,"max_hp_gain":0.0,"max_hp_loss":0.0,"gold_gain":0.0,"event_name":"Masked Bandits","player_choice":"Fought Bandits","floor":21.0,"gold_loss":0.0,"damage_taken":0.0},{"damage_healed":0.0,"max_hp_gain":0.0,"max_hp_loss":0.0,"gold_gain":0.0,"event_name":"Mysterious Sphere","player_choice":"Fight","floor":37.0,"gold_loss":0.0,"damage_taken":0.0},{"damage_healed":0.0,"max_hp_gain":0.0,"max_hp_loss":0.0,"gold_gain":0.0,"event_name":"Winding Halls","player_choice":"Embrace Madness","floor":38.0,"gold_loss":0.0,"damage_taken":8.0,"cards_obtained":["Madness","Madness"]},{"damage_healed":0.0,"max_hp_gain":0.0,"max_hp_loss":0.0,"gold_gain":0.0,"event_name":"The Woman in Blue","player_choice":"Bought 0 Potions","floor":48.0,"gold_loss":0.0,"damage_taken":0.0}],"is_beta":false,"boss_relics":[{"not_picked":["AT_MortalBlade","Tiny House"],"picked":"Moonworks:SBBomb"},{"not_picked":["REME_ChargedStone","vexMod:DeviousBotling"],"picked":"AT_TrinityForce"}],"items_purged_floors":[0,20],"is_endless":false,"potions_floor_spawned":[4,5,12,16,18,21,25,30,36,37,40,47,54],"killed_by":"The Heart","ascension_level":0}}