{"host":"fmwbmnqnrup981we","time":1610931868,"event":{"mods":["AchievementEnabler","Act Like it!","Alarm Clock","BaseMod","Better Altar","Better Match","Better Note","Better Skull","Better Synergies","Better Third Choice","Better Vampires","Block Reminder","Curses Come First","Displayed Cursed Tome","Downfall","Duelist Mod","Ekko","Elementarium","GungeonMod","HexUI Lib","HornydragonMod","Kratos Character Expansion","Marked Mod","Minty Spire (QoL Compilation)","Pikachu Mod","Poor People Problems","Quick Restart","Relic Stats","SIMod","StSLib","The Bug Knight","The Death Knight","The Forsaken","The Marked","The Necromancer","The Runesmith","The Servant 0.9.4","The Wild Card","TheHero","TheVacant","TheVelvet","Thieving Mod","Transform Curses","Waifu the Spire","Yuri Mod","everything is the same but u backflip on backflip"],"gold_per_floor":[114,114,114,64,84,119,119,154,154,67,88,109,147,168,168,168,168],"floor_reached":16,"language":"ENG","playtime":365,"items_purged":[],"score":152,"play_id":"4ee81c33-cb4e-44ac-bcf3-c5f40d2799ea","local_time":"20210118010428","is_ascension_mode":true,"campfire_choices":[{"floor":7,"key":"RECALL"},{"floor":15,"key":"REST"}],"circlet_count":0,"master_deck":["Strike_P","Strike_P","Strike_P","Strike_P","Defend_P","Defend_P","Defend_P","Defend_P","Eruption","Vigilance","FollowUp","FollowUp","FlurryOfBlows","Madness","LikeWater"],"relics":["PureWater","NeowsBlessing","Pyrelight","Golden Idol","Kunai","DemoMod:JetPack","Omamori"],"acts_visited":["Exordium"],"potions_floor_usage":[8],"damage_taken":[{"damage":0,"enemies":"Cultist","floor":1,"turns":1},{"damage":0,"enemies":"Jaw Worm","floor":5,"turns":1},{"damage":0,"enemies":"Gremlin Nob","floor":6,"turns":1},{"damage":27,"enemies":"Lagavulin","floor":8,"turns":3},{"damage":7,"enemies":"2 Louse","floor":11,"turns":2},{"damage":4,"enemies":"Blue Slaver","floor":12,"turns":5},{"damage":19,"enemies":"3 Sentries","floor":13,"turns":6},{"damage":2,"enemies":"3 Louse","floor":14,"turns":3},{"damage":45,"enemies":"The Guardian","floor":16,"turns":5}],"seed_played":"8260112008867947464","potions_obtained":[{"floor":1,"key":"GamblersBrew"},{"floor":5,"key":"Strength Potion"},{"floor":6,"key":"Guardian:BlockOnCardUsePotion"}],"is_trial":false,"path_per_floor":["M","?","?","?","M","E","R","E","T","$","M","M","E","M","R","B"],"character_chosen":"WATCHER","items_purchased":["Madness"],"campfire_rested":1,"item_purchase_floors":[10],"current_hp_per_floor":[72,72,72,72,72,72,72,45,45,45,38,34,15,13,34,0,0],"gold":168,"neow_bonus":"THREE_ENEMY_KILL","is_daily":false,"chose_seed":false,"campfire_upgraded":0,"win_rate":0.0,"timestamp":1610931868,"path_taken":["M","?","?","?","M","E","R","E","T","?","M","M","E","M","R","BOSS"],"items_purchased_type":["Card"],"build_version":"2020-12-22","purchased_purges":0,"victory":false,"max_hp_per_floor":[72,72,72,72,72,72,72,72,72,72,72,72,72,72,72,72,72],"relic_stats":{"counters":[9,27],"Golden Idol":38,"Kunai":[9],"obtain_stats":[{"NeowsBlessing":0,"Golden Idol":3,"DemoMod:GlassGuonStoneRelic":1,"Pyrelight":2,"Omamori":13,"Kunai":6,"PureWater":0,"DemoMod:JetPack":8},{"NeowsBlessing":0,"Golden Idol":1,"DemoMod:GlassGuonStoneRelic":1,"Pyrelight":1,"Omamori":7,"Kunai":3,"PureWater":0,"DemoMod:JetPack":4},{"NeowsBlessing":0,"Golden Idol":1,"DemoMod:GlassGuonStoneRelic":1,"Pyrelight":1,"Omamori":19,"Kunai":3,"PureWater":0,"DemoMod:JetPack":6}]},"card_choices":[{"not_picked":["FlyingSleeves","WheelKick"],"picked":"FollowUp","floor":1},{"not_picked":["Protect","CrushJoints"],"picked":"FollowUp","floor":5},{"not_picked":["MarkedMod:FirstStrike","EmptyMind"],"picked":"FlurryOfBlows","floor":6},{"not_picked":["Sanctity","Wallop","CarveReality"],"picked":"SKIP","floor":8},{"not_picked":["EmptyFist","EmptyBody"],"picked":"LikeWater","floor":11},{"not_picked":["SashWhip","ThirdEye","EmptyFist"],"picked":"SKIP","floor":12},{"not_picked":["Meditate","CrushJoints","BowlingBash"],"picked":"SKIP","floor":13},{"not_picked":["MarkedMod:NorthStar","Crescendo","MarkedMod:GracefulMovements"],"picked":"SKIP","floor":14}],"player_experience":454182,"relics_obtained":[{"floor":6,"key":"Kunai"},{"floor":8,"key":"DemoMod:JetPack"},{"floor":13,"key":"Omamori"}],"event_choices":[{"damage_healed":0,"gold_gain":0,"player_choice":"Take Wound","damage_taken":0,"relics_obtained":["Golden Idol"],"max_hp_gain":0,"max_hp_loss":0,"event_name":"Golden Idol","floor":3,"gold_loss":0,"cards_obtained":["Injury"]},{"cards_removed":["Injury"],"damage_healed":0,"gold_gain":0,"player_choice":"Card Removal","damage_taken":0,"max_hp_gain":0,"max_hp_loss":0,"event_name":"The Cleric","floor":4,"gold_loss":50}],"is_beta":false,"boss_relics":[],"items_purged_floors":[],"is_endless":false,"potions_floor_spawned":[1,5,6],"killed_by":"The Guardian","ascension_level":1}}