{"host":"q9718omregw4er46","time":1610988844,"event":{"mods":["BaseMod","Bestiary","Colored Powertips","Minty Spire (QoL Compilation)","Quick Restart","Relic Stats"],"gold_per_floor":[118,22,58,71,115,141,154,154,177,212,212,262,318,332,332,332,332],"floor_reached":16,"language":"ENG","playtime":754,"items_purged":[],"score":298,"play_id":"298c6adf-c2d0-4d43-82a2-ca301cd2f401","local_time":"20210118215404","is_ascension_mode":true,"campfire_choices":[{"floor":8.0,"key":"REST"},{"data":"Wish","floor":11.0,"key":"SMITH"},{"floor":15.0,"key":"REST"}],"circlet_count":0,"master_deck":["AscendersBane","Strike_P","Strike_P","Strike_P","Strike_P","Defend_P","Defend_P","Defend_P","Defend_P","Eruption","Vigilance","Wish+1","FlurryOfBlows","EmptyMind","Tantrum","SashWhip","WheelKick","Meditate","Halt"],"relics":["PureWater","MealTicket","Art of War","Centennial Puzzle","Boot"],"acts_visited":["Exordium"],"potions_floor_usage":[],"damage_taken":[{"damage":7.0,"enemies":"2 Louse","floor":1.0,"turns":4.0},{"damage":3.0,"enemies":"Small Slimes","floor":3.0,"turns":4.0},{"damage":6.0,"enemies":"Cultist","floor":4.0,"turns":4.0},{"damage":8.0,"enemies":"Looter","floor":5.0,"turns":5.0},{"damage":14.0,"enemies":"Lagavulin","floor":6.0,"turns":6.0},{"damage":12.0,"enemies":"Blue Slaver","floor":7.0,"turns":4.0},{"damage":0.0,"enemies":"Gremlin Nob","floor":10.0,"turns":2.0},{"damage":7.0,"enemies":"Lots of Slimes","floor":12.0,"turns":3.0},{"damage":6.0,"enemies":"Lagavulin","floor":13.0,"turns":7.0},{"damage":13.0,"enemies":"Exordium Wildlife","floor":14.0,"turns":3.0},{"damage":31,"enemies":"Hexaghost","floor":16,"turns":7}],"seed_played":"-6829823704685558762","potions_obtained":[{"floor":3.0,"key":"Explosive Potion"},{"floor":7.0,"key":"AttackPotion"},{"floor":10.0,"key":"SpeedPotion"},{"floor":12.0,"key":"SkillPotion"},{"floor":13.0,"key":"Weak Potion"}],"is_trial":false,"path_per_floor":["M","$","M","M","M","E","M","R","T","E","R","M","E","M","R","B"],"character_chosen":"WATCHER","items_purchased":["EmptyMind","SkillPotion"],"campfire_rested":2,"item_purchase_floors":[2,2],"current_hp_per_floor":[54,54,51,45,37,23,11,31,31,31,31,24,18,5,25,0,0],"gold":332,"neow_bonus":"ONE_RANDOM_RARE_CARD","is_daily":false,"chose_seed":false,"campfire_upgraded":1,"win_rate":0.0,"timestamp":1610988844,"path_taken":["M","$","M","M","M","E","M","R","T","E","R","M","E","M","R","BOSS"],"items_purchased_type":["Card","Potion"],"build_version":"2020-12-22","purchased_purges":0,"victory":false,"max_hp_per_floor":[68,68,68,68,68,68,68,68,68,68,68,68,68,68,68,68,68],"relic_stats":{"Centennial Puzzle":[12],"counters":[11,49],"MealTicket":0,"Art of War":[4],"Boot":[29],"obtain_stats":[{"Centennial Puzzle":10,"MealTicket":6,"Art of War":9,"PureWater":0,"Boot":13},{"Centennial Puzzle":7,"MealTicket":5,"Art of War":6,"PureWater":0,"Boot":9},{"Centennial Puzzle":29,"MealTicket":23,"Art of War":27,"PureWater":0,"Boot":39}]},"card_choices":[{"not_picked":["Protect","ThirdEye"],"picked":"FlurryOfBlows","floor":1.0},{"not_picked":["ForeignInfluence","SandsOfTime","EmptyBody"],"picked":"SKIP","floor":3.0},{"not_picked":["FearNoEvil","ClearTheMind"],"picked":"Tantrum","floor":4.0},{"not_picked":["FlyingSleeves","Devotion"],"picked":"SashWhip","floor":5.0},{"not_picked":["Crescendo","FollowUp"],"picked":"WheelKick","floor":6.0},{"not_picked":["EmptyFist","FollowUp"],"picked":"Meditate","floor":7.0},{"not_picked":["EmptyFist","BattleHymn","MasterReality"],"picked":"SKIP","floor":10.0},{"not_picked":["CrushJoints","ClearTheMind","SashWhip"],"picked":"SKIP","floor":12.0},{"not_picked":["Crescendo","Evaluate","MasterReality"],"picked":"SKIP","floor":13.0},{"not_picked":["JustLucky","EmptyFist"],"picked":"Halt","floor":14.0}],"player_experience":1220125,"relics_obtained":[{"floor":6.0,"key":"MealTicket"},{"floor":9.0,"key":"Art of War"},{"floor":10.0,"key":"Centennial Puzzle"},{"floor":13.0,"key":"Boot"}],"event_choices":[],"is_beta":false,"boss_relics":[],"items_purged_floors":[],"is_endless":false,"potions_floor_spawned":[3,7,10,12,13],"killed_by":"Hexaghost","ascension_level":20}}