{"host":"d66n7ln59ex8canu","time":1610943405,"event":{"mods":["AchievementEnabler","BaseMod","Colored Map","Minty Spire (QoL Compilation)","Quick Restart","StSLib"],"gold_per_floor":[109,120,120,120,120,120,120,120,120,120,147,161,194,194,194,299,299,310,310,323,323,338,338,338],"floor_reached":23,"language":"ENG","playtime":423,"items_purged":[],"score":266,"play_id":"4282e4e6-ac90-4b70-8b12-c5a17ef2aad6","local_time":"20210117231645","is_ascension_mode":true,"campfire_choices":[{"data":"Neutralize","floor":6,"key":"SMITH"},{"data":"All Out Attack","floor":8,"key":"SMITH"},{"data":"Survivor","floor":10,"key":"SMITH"},{"data":"Deadly Poison","floor":15,"key":"SMITH"}],"circlet_count":0,"master_deck":["Strike_G+1","Strike_G","Strike_G","Strike_G","Strike_G","Defend_G","Defend_G","Defend_G+1","Defend_G","Survivor+1","Neutralize+1","Deadly Poison+1","All Out Attack+1","Deadly Poison+1","Cloak And Dagger","Blur","Burst","Deadly Poison","J.A.X.","Blur+1"],"relics":["Ring of the Snake","NeowsBlessing","The Specimen","Mango","Bag of Marbles","Vajra","WristBlade"],"acts_visited":["Exordium","TheCity"],"potions_floor_usage":[13,16,18],"damage_taken":[{"damage":0,"enemies":"Cultist","floor":1,"turns":1},{"damage":0,"enemies":"2 Louse","floor":2,"turns":1},{"damage":0,"enemies":"Gremlin Nob","floor":11,"turns":1},{"damage":0,"enemies":"Small Slimes","floor":12,"turns":3},{"damage":11,"enemies":"3 Sentries","floor":13,"turns":5},{"damage":10,"enemies":"The Guardian","floor":16,"turns":10},{"damage":5,"enemies":"2 Thieves","floor":18,"turns":2},{"damage":6,"enemies":"Spheric Guardian","floor":20,"turns":3},{"damage":2,"enemies":"Snecko","floor":22,"turns":3},{"damage":74,"enemies":"Slavers","floor":23,"turns":4}],"seed_played":"-3817407718530000021","potions_obtained":[{"floor":1,"key":"LiquidBronze"},{"floor":13,"key":"Ancient Potion"},{"floor":16,"key":"AttackPotion"},{"floor":20,"key":"Fruit Juice"}],"is_trial":false,"path_per_floor":["M","M","?","?","$","R","?","R","T","R","E","M","E","?","R","B",null,"M","?","M","?","M","E"],"character_chosen":"THE_SILENT","items_purchased":[],"campfire_rested":0,"item_purchase_floors":[],"current_hp_per_floor":[70,70,70,45,45,45,45,45,59,59,59,59,48,31,31,21,84,79,79,73,73,71,0,0],"gold":338,"neow_bonus":"THREE_ENEMY_KILL","is_daily":false,"chose_seed":false,"campfire_upgraded":4,"win_rate":0.0,"timestamp":1610943405,"path_taken":["M","M","?","?","$","R","?","R","T","R","E","?","E","?","R","BOSS","M","?","M","?","M","E"],"items_purchased_type":[],"build_version":"2020-12-22","purchased_purges":0,"victory":false,"max_hp_per_floor":[70,70,70,70,70,70,70,70,84,84,84,84,84,84,84,84,84,84,84,84,84,84,84,84],"card_choices":[{"not_picked":["Calculated Gamble","Slice"],"picked":"Deadly Poison","floor":1},{"not_picked":["Acrobatics","Backstab"],"picked":"All Out Attack","floor":2},{"not_picked":["Blade Dance","Flying Knee"],"picked":"Deadly Poison","floor":11},{"not_picked":["Underhanded Strike","Blade Dance"],"picked":"Cloak And Dagger","floor":12},{"not_picked":["Sucker Punch","Doppelganger"],"picked":"Blur","floor":13},{"not_picked":["After Image","Venomology"],"picked":"Burst","floor":16},{"not_picked":["Underhanded Strike","Calculated Gamble","Prepared+1"],"picked":"SKIP","floor":18},{"not_picked":["Dagger Throw+1","Bane"],"picked":"Deadly Poison","floor":20},{"not_picked":["Distraction","Sucker Punch+1"],"picked":"Blur+1","floor":22}],"player_experience":330410,"relics_obtained":[{"floor":9,"key":"Mango"},{"floor":11,"key":"Bag of Marbles"},{"floor":13,"key":"Vajra"}],"event_choices":[{"damage_healed":0,"gold_gain":0,"player_choice":"Grow","damage_taken":0,"max_hp_gain":0,"max_hp_loss":0,"event_name":"Living Wall","floor":3,"gold_loss":0,"cards_upgraded":["Deadly Poison"]},{"damage_healed":0,"gold_gain":0,"player_choice":"Success","damage_taken":25,"relics_obtained":["The Specimen"],"max_hp_gain":0,"max_hp_loss":0,"event_name":"Scrap Ooze","floor":4,"gold_loss":0},{"cards_removed":["Defend_G"],"damage_healed":0,"gold_gain":0,"player_choice":"Offered Basic","damage_taken":0,"max_hp_gain":0,"max_hp_loss":0,"event_name":"Bonfire Elementals","floor":7,"gold_loss":0},{"damage_healed":0,"gold_gain":0,"player_choice":"Entered Light","damage_taken":17,"max_hp_gain":0,"max_hp_loss":0,"event_name":"Shining Light","floor":14,"gold_loss":0,"cards_upgraded":["Defend_G","Strike_G"]},{"damage_healed":0,"gold_gain":0,"player_choice":"Ignored","damage_taken":0,"max_hp_gain":0,"max_hp_loss":0,"event_name":"Cursed Tome","floor":19,"gold_loss":0},{"damage_healed":0,"gold_gain":0,"player_choice":"Obtain J.A.X.","damage_taken":0,"max_hp_gain":0,"max_hp_loss":0,"event_name":"Drug Dealer","floor":21,"gold_loss":0,"cards_obtained":["J.A.X."]}],"is_beta":false,"boss_relics":[{"not_picked":["Empty Cage","SacredBark"],"picked":"WristBlade"}],"items_purged_floors":[],"is_endless":false,"potions_floor_spawned":[1,13,16,20],"killed_by":"Slavers","ascension_level":4}}