{"host":"e52c7hvho6xny3hd","time":1610935962,"event":{"mods":["AchievementEnabler","BaseMod","Colored Map","DeckTracker","Minty Spire (QoL Compilation)","Permanent Neow","StSLib"],"gold_per_floor":[109,123,137,151,226,226,151,151,151,151,167,167,183,183,183,284,284,295,310,310,310,310],"floor_reached":21,"language":"KOR","playtime":839,"items_purged":["Strike_P"],"score":265,"play_id":"64f6c30e-2e07-4d7a-8abc-4bfb25f9284a","local_time":"20210118111242","is_ascension_mode":true,"campfire_choices":[{"data":"PathToVictory","floor":6.0,"key":"SMITH"},{"data":"Vigilance","floor":8.0,"key":"SMITH"},{"data":"InnerPeace","floor":10.0,"key":"SMITH"},{"floor":12.0,"key":"REST"},{"floor":15.0,"key":"REST"}],"circlet_count":0,"master_deck":["AscendersBane","Strike_P","Defend_P","Defend_P","Defend_P","Defend_P","Eruption","Vigilance+1","EmptyBody","Consecrate","PathToVictory+1","Meditate","InnerPeace+1","MentalFortress","Omniscience","CurseOfTheBell","Perseverance","Evaluate"],"relics":["PureWater","The Courier","Calling Bell","PreservedInsect","Mercury Hourglass","Incense Burner","White Beast Statue"],"acts_visited":["Exordium","TheCity"],"potions_floor_usage":[],"damage_taken":[{"damage":0.0,"enemies":"2 Louse","floor":1.0,"turns":3.0},{"damage":4.0,"enemies":"Jaw Worm","floor":2.0,"turns":5.0},{"damage":7.0,"enemies":"Small Slimes","floor":3.0,"turns":4.0},{"damage":3.0,"enemies":"Blue Slaver","floor":4.0,"turns":4.0},{"damage":20.0,"enemies":"Large Slime","floor":11.0,"turns":9.0},{"damage":2.0,"enemies":"2 Fungi Beasts","floor":13.0,"turns":4.0},{"damage":21.0,"enemies":"The Guardian","floor":16.0,"turns":8.0},{"damage":8,"enemies":"Shell Parasite","floor":18,"turns":8},{"damage":32,"enemies":"3 Byrds","floor":19,"turns":6},{"damage":7,"enemies":"Centurion and Healer","floor":21,"turns":3}],"seed_played":"5527369123920931914","potions_obtained":[{"floor":1.0,"key":"Dexterity Potion"},{"floor":16.0,"key":"Explosive Potion"}],"is_trial":false,"path_per_floor":["M","M","M","M","?","R","$","R","T","R","M","R","M","?","R","B",null,"M","M","?","M"],"character_chosen":"WATCHER","items_purchased":[],"campfire_rested":2,"item_purchase_floors":[],"current_hp_per_floor":[65,61,54,51,40,40,40,40,40,40,20,41,39,32,53,32,62,54,22,22,15,15],"gold":310,"neow_bonus":"TRANSFORM_CARD","is_daily":false,"chose_seed":false,"campfire_upgraded":3,"win_rate":0.0,"timestamp":1610935962,"path_taken":["M","M","M","M","?","R","$","R","T","R","M","R","M","?","R","BOSS","M","M","?","M"],"items_purchased_type":[],"build_version":"2020-12-22","purchased_purges":1,"victory":false,"max_hp_per_floor":[72,72,72,72,72,72,72,72,72,72,72,72,72,72,72,72,72,72,72,72,72,72],"card_choices":[{"not_picked":["EmptyFist","EmptyBody"],"picked":"Consecrate","floor":1.0},{"not_picked":["SignatureMove","Meditate"],"picked":"PathToVictory","floor":2.0},{"not_picked":["SandsOfTime","ThirdEye"],"picked":"Meditate","floor":3.0},{"not_picked":["EmptyBody","JustLucky"],"picked":"InnerPeace","floor":4.0},{"not_picked":["CrushJoints","ThirdEye"],"picked":"MentalFortress","floor":11.0},{"not_picked":["Crescendo","WreathOfFlame","ForeignInfluence"],"picked":"SKIP","floor":13.0},{"not_picked":["Devotion","LessonLearned"],"picked":"Omniscience","floor":16.0},{"not_picked":["FollowUp+1","CrushJoints"],"picked":"Perseverance","floor":18},{"not_picked":["EmptyFist","SandsOfTime+1"],"picked":"Evaluate","floor":19}],"player_experience":685056,"relics_obtained":[{"floor":9.0,"key":"The Courier"},{"floor":17.0,"key":"PreservedInsect"},{"floor":17.0,"key":"Mercury Hourglass"},{"floor":17.0,"key":"Incense Burner"}],"event_choices":[{"damage_healed":0.0,"max_hp_gain":0.0,"max_hp_loss":0.0,"gold_gain":75.0,"event_name":"World of Goop","player_choice":"Gather Gold","floor":5.0,"gold_loss":0.0,"damage_taken":11.0},{"cards_removed":["Strike_P"],"damage_healed":0.0,"max_hp_gain":0.0,"max_hp_loss":0.0,"gold_gain":0.0,"event_name":"Golden Wing","player_choice":"Card Removal","floor":14.0,"gold_loss":0.0,"damage_taken":7.0},{"damage_healed":0,"gold_gain":0,"player_choice":"Opened","damage_taken":0,"relics_obtained":["White Beast Statue"],"max_hp_gain":0,"max_hp_loss":0,"event_name":"The Mausoleum","floor":20,"gold_loss":0}],"is_beta":false,"boss_relics":[{"not_picked":["SlaversCollar","Fusion Hammer"],"picked":"Calling Bell"}],"items_purged_floors":[7],"is_endless":false,"potions_floor_spawned":[1,16,19],"killed_by":"Centurion and Healer","ascension_level":11}}