{"host":"sav7uxregyirlf69","time":1610962727,"event":{"mods":["AchievementEnabler","BaseMod","Colored Map","DeckTracker","Keyboard Shortcuts","Minty Spire (QoL Compilation)","READ ME - Guardian Mod","StSLib","SuperFastMode"],"gold_per_floor":[118,118,4,4,16,46,64,92,92,92,104,120,145,220,220,220,220],"floor_reached":16,"language":"KOR","playtime":231,"items_purged":["Strike_R"],"score":290,"play_id":"a57928da-8020-45e2-8c50-7ea175d833f5","local_time":"20210118183847","is_ascension_mode":true,"campfire_choices":[{"data":"Carnage","floor":10.0,"key":"SMITH"},{"data":"Fire Breathing","floor":15,"key":"SMITH"}],"circlet_count":0,"master_deck":["AscendersBane","Strike_R","Strike_R","Strike_R","Strike_R","Defend_R","Defend_R","Defend_R","Bash","Sword Boomerang","Carnage+1","Warcry","Power Through","Fire Breathing+1"],"relics":["Burning Blood","NeowsBlessing","Pear","Singing Bowl","Mummified Hand"],"acts_visited":["Exordium"],"potions_floor_usage":[16],"damage_taken":[{"damage":0.0,"enemies":"Jaw Worm","floor":1.0,"turns":1.0},{"damage":0.0,"enemies":"Cultist","floor":5.0,"turns":1.0},{"damage":0.0,"enemies":"Lagavulin","floor":6.0,"turns":1.0},{"damage":0.0,"enemies":"2 Louse","floor":7.0,"turns":3.0},{"damage":45.0,"enemies":"3 Sentries","floor":8.0,"turns":13.0},{"damage":6.0,"enemies":"Looter","floor":11.0,"turns":3.0},{"damage":0.0,"enemies":"Exordium Thugs","floor":12.0,"turns":4.0},{"damage":5.0,"enemies":"Lagavulin","floor":13.0,"turns":4.0},{"damage":56,"enemies":"The Guardian","floor":16,"turns":9}],"seed_played":"5063042226222414817","potions_obtained":[{"floor":7.0,"key":"Regen Potion"},{"floor":11.0,"key":"PowerPotion"}],"is_trial":false,"path_per_floor":["M","?","$","?","M","E","M","E","T","R","M","M","E","?","R","B"],"character_chosen":"IRONCLAD","items_purchased":["Carnage"],"campfire_rested":0,"item_purchase_floors":[3],"current_hp_per_floor":[74,74,74,67,73,85,85,48,48,48,50,56,59,48,48,0,0],"gold":220,"neow_bonus":"THREE_ENEMY_KILL","is_daily":false,"chose_seed":false,"campfire_upgraded":2,"win_rate":0.0,"timestamp":1610962727,"path_taken":["M","?","?","?","M","E","M","E","T","R","M","M","E","?","R","BOSS"],"items_purchased_type":["Card"],"build_version":"2020-12-22","purchased_purges":1,"victory":false,"max_hp_per_floor":[75,75,75,75,75,85,85,87,87,87,89,89,91,91,91,91,91],"card_choices":[{"not_picked":["Entrench","Havoc"],"picked":"Sword Boomerang","floor":1.0},{"not_picked":["Body Slam","Perfected Strike"],"picked":"Warcry","floor":5.0},{"not_picked":["Flex","Rage"],"picked":"Power Through","floor":6.0},{"not_picked":["Twin Strike","Perfected Strike","Anger"],"picked":"SKIP","floor":7.0},{"not_picked":["Corruption","Spot Weakness","True Grit"],"picked":"Singing Bowl","floor":8.0},{"not_picked":["Havoc","Clothesline","Pommel Strike"],"picked":"Singing Bowl","floor":11.0},{"not_picked":["Dropkick","Seeing Red"],"picked":"Fire Breathing","floor":12.0},{"not_picked":["Hemokinesis","Dropkick","Cleave"],"picked":"Singing Bowl","floor":13}],"player_experience":1307569,"relics_obtained":[{"floor":6.0,"key":"Pear"},{"floor":8.0,"key":"Singing Bowl"},{"floor":9.0,"key":"Mummified Hand"}],"event_choices":[{"damage_healed":0.0,"max_hp_gain":0.0,"max_hp_loss":0.0,"gold_gain":0.0,"event_name":"Match and Keep!","player_choice":"0 cards matched","floor":2.0,"gold_loss":0.0,"damage_taken":0.0,"cards_obtained":[]},{"cards_removed":["Defend_R"],"damage_healed":0.0,"max_hp_gain":0.0,"max_hp_loss":0.0,"gold_gain":0.0,"event_name":"Golden Wing","player_choice":"Card Removal","floor":4.0,"gold_loss":0.0,"damage_taken":7.0},{"damage_healed":0,"gold_gain":75,"player_choice":"Gather Gold","damage_taken":11,"max_hp_gain":0,"max_hp_loss":0,"event_name":"World of Goop","floor":14,"gold_loss":0}],"is_beta":false,"boss_relics":[],"items_purged_floors":[3],"is_endless":false,"potions_floor_spawned":[7,11,12],"killed_by":"The Guardian","ascension_level":20}}