{"host":"l8n56n8abrvcftzc","time":1610970684,"event":{"mods":["Aspiration","BaseMod","Better Note","Better Third Choice","Colored Map","DeckTracker","Googly Eyes","Highlight Path","Hubris","Minty Spire (QoL Compilation)","Permanent Neow","Relic Stats","Replay The Spire","StSLib","SuperFastMode","Uncapped"],"gold_per_floor":[110,123,143,143,162,162,193,193,193,206,206,233,233,233,233,336,336,350,350,366,381,155,155,155,155],"floor_reached":24,"language":"ENG","playtime":1738,"items_purged":["Strike_G"],"score":231,"play_id":"666dc350-5e04-4fd0-baf2-69467f5fc772","local_time":"20210118035124","is_ascension_mode":false,"campfire_choices":[{"data":"Fluid Movement","floor":6.0,"key":"SMITH"},{"data":"Calculated Gamble","floor":8,"key":"SMITH"},{"data":"Acrobatics","floor":15,"key":"SMITH"},{"floor":23,"key":"REST"}],"circlet_count":0,"master_deck":["Strike_G","Strike_G","Strike_G","Defend_G","Defend_G","Defend_G","Defend_G","Defend_G","Survivor","Neutralize","Calculated Gamble+1","Blade Dance","ReplayTheSpireMod:The Works","PiercingWail","Neutralize","Fluid Movement+1","Calculated Gamble+1","Acrobatics+1","Envenom","Prepared+1","hubris:Sniper+1"],"relics":["Ring of the Snake","Garlic","Bottled Tornado","Pen Nib","Toxic Egg 2","Black Star","Juzu Bracelet"],"acts_visited":["Exordium","TheCity"],"potions_floor_usage":[7,16,21,21,24,24],"damage_taken":[{"damage":1.0,"enemies":"Cultist","floor":1.0,"turns":4.0},{"damage":0.0,"enemies":"Small Slimes","floor":2.0,"turns":3.0},{"damage":0.0,"enemies":"Jaw Worm","floor":3.0,"turns":4.0},{"damage":8.0,"enemies":"Large Slime","floor":5.0,"turns":10.0},{"damage":4,"enemies":"Lagavulin","floor":7,"turns":11},{"damage":0,"enemies":"Lots of Slimes","floor":10,"turns":6},{"damage":25,"enemies":"3 Sentries","floor":12,"turns":14},{"damage":13,"enemies":"Fading Forest","floor":16,"turns":11},{"damage":0,"enemies":"2 Thieves","floor":18,"turns":4},{"damage":7,"enemies":"Shell Parasite","floor":20,"turns":6},{"damage":44,"enemies":"Shelled Parasite and Fungi","floor":21,"turns":7},{"damage":22,"enemies":"Slavers","floor":24,"turns":5}],"seed_played":"3664848708330639788","potions_obtained":[{"floor":2.0,"key":"Explosive Potion"},{"floor":3.0,"key":"Doom Potion"},{"floor":12,"key":"Weak Potion"},{"floor":16,"key":"PowerPotion"},{"floor":20,"key":"DuplicationPotion"},{"floor":21,"key":"Weak Potion"}],"is_trial":false,"path_per_floor":["M","M","M","?","M","R","E","R","T","M","?","E","?","?","R","B",null,"M","?","M","M","$","R","E"],"character_chosen":"THE_SILENT","items_purchased":["Juzu Bracelet"],"campfire_rested":1,"item_purchase_floors":[22],"current_hp_per_floor":[69,69,69,69,61,61,57,57,57,57,57,32,32,25,25,22,70,70,70,63,19,19,40,18,18],"gold":155,"neow_bonus":"TRANSFORM_CARD","is_daily":false,"chose_seed":false,"campfire_upgraded":3,"win_rate":0.0,"timestamp":1610970684,"path_taken":["M","M","M","?","?","R","E","R","T","M","?","E","?","?","R","BOSS","M","?","M","M","$","R","E"],"items_purchased_type":["Relic"],"build_version":"2020-12-22","purchased_purges":1,"victory":false,"max_hp_per_floor":[70,70,70,70,70,70,70,70,70,70,70,70,70,70,70,70,70,70,70,70,70,70,70,70,70],"relic_stats":{"counters":[12,84],"Pen Nib":[8],"Black Star":0,"Juzu Bracelet":0,"obtain_stats":[{"Pen Nib":12,"Garlic":7,"Black Star":17,"Juzu Bracelet":22,"Bottled Tornado":9,"Toxic Egg 2":13,"Ring of the Snake":0},{"Pen Nib":7,"Garlic":5,"Black Star":8,"Juzu Bracelet":11,"Bottled Tornado":5,"Toxic Egg 2":7,"Ring of the Snake":0},{"Pen Nib":51,"Garlic":31,"Black Star":62,"Juzu Bracelet":79,"Bottled Tornado":31,"Toxic Egg 2":51,"Ring of the Snake":0}],"Ring of the Snake":[24]},"card_choices":[{"not_picked":["Flying Knee","Dodge and Roll"],"picked":"Blade Dance","floor":1.0},{"not_picked":["Slice","Flying Knee"],"picked":"ReplayTheSpireMod:The Works","floor":2.0},{"not_picked":["hubris:Counter","Setup"],"picked":"PiercingWail","floor":3.0},{"not_picked":["PiercingWail","Bane"],"picked":"Fluid Movement","floor":5.0},{"not_picked":["ReplayTheSpireMod:Necrosis","Deadly Poison"],"picked":"Calculated Gamble","floor":7},{"not_picked":["Sucker Punch","Setup"],"picked":"Acrobatics","floor":10},{"not_picked":["Quick Slash","Flying Knee","Sucker Punch"],"picked":"SKIP","floor":12},{"not_picked":["Atom Bomb","Doppelganger+1"],"picked":"Envenom","floor":16},{"not_picked":["hubris:SlightOfHand+1","Dagger Throw","Predator+1"],"picked":"SKIP","floor":18},{"not_picked":["Crippling Poison+1","Slice+1"],"picked":"Prepared+1","floor":20},{"not_picked":["Dagger Throw","Infinite Blades"],"picked":"hubris:Sniper+1","floor":21}],"player_experience":744936,"relics_obtained":[{"floor":7,"key":"Garlic"},{"floor":9,"key":"Bottled Tornado"},{"floor":12,"key":"Pen Nib"}],"event_choices":[{"damage_healed":0.0,"max_hp_gain":0.0,"max_hp_loss":0.0,"gold_gain":0.0,"event_name":"Match and Keep!","player_choice":"1 cards matched","floor":4.0,"gold_loss":0.0,"damage_taken":0.0,"cards_obtained":["Neutralize"]},{"cards_removed":["Injury"],"damage_healed":0,"gold_gain":0,"player_choice":"Card Removal","damage_taken":7,"max_hp_gain":0,"max_hp_loss":0,"event_name":"Golden Wing","floor":14,"gold_loss":0},{"cards_removed":["Strike_G"],"damage_healed":0,"gold_gain":0,"player_choice":"Give","damage_taken":0,"max_hp_gain":0,"max_hp_loss":0,"event_name":"betterNote:BetterNote","floor":19,"gold_loss":0,"cards_obtained":["Normality"]}],"is_beta":false,"boss_relics":[{"not_picked":["aspiration:RunicSpoon","hubris:CrackedHourglass"],"picked":"Black Star"}],"items_purged_floors":[22],"is_endless":false,"potions_floor_spawned":[2,3,12,16,20,21],"killed_by":"Slavers","ascension_level":0}}