{"host":"qrbkigq52dd42dk0","time":1610974155,"event":{"mods":["AchievementEnabler","BaseMod","Colored Map","Colored Powertips","Minty Spire (QoL Compilation)","Quick Restart","StSLib","SuperFastMode","The IronCluck"],"gold_per_floor":[116,66,66,81,100,100,51,51,78,94,107,141,141,173,173,270,270,270,281,51,51,51,51,51],"floor_reached":23,"language":"ENG","playtime":640,"items_purged":["Strike_R"],"score":308,"play_id":"6af19708-fc68-421f-8882-ce624ba36510","local_time":"20210118134915","is_ascension_mode":true,"campfire_choices":[{"data":"Armaments","floor":6.0,"key":"SMITH"},{"floor":8.0,"key":"RECALL"},{"data":"Seeing Red","floor":13.0,"key":"SMITH"},{"floor":15.0,"key":"REST"}],"circlet_count":0,"master_deck":["AscendersBane","Strike_R","Strike_R","Strike_R","Defend_R","Defend_R","Defend_R","Bash","Offering","Armaments+1","Rage","Pommel Strike","Seeing Red+1","Impervious","Barricade","Shrug It Off","Entrench","Uppercut"],"relics":["Burning Blood","Bag of Marbles","HornCleat","Shuriken","Mark of Pain","Membership Card"],"acts_visited":["Exordium","TheCity"],"potions_floor_usage":[23],"damage_taken":[{"damage":7.0,"enemies":"Cultist","floor":1.0,"turns":3.0},{"damage":8.0,"enemies":"Jaw Worm","floor":4.0,"turns":3.0},{"damage":12.0,"enemies":"Small Slimes","floor":5.0,"turns":5.0},{"damage":6.0,"enemies":"2 Fungi Beasts","floor":10.0,"turns":1.0},{"damage":10.0,"enemies":"Red Slaver","floor":11.0,"turns":2.0},{"damage":31.0,"enemies":"3 Sentries","floor":12.0,"turns":11.0},{"damage":16.0,"enemies":"Lagavulin","floor":14.0,"turns":4.0},{"damage":31.0,"enemies":"The Guardian","floor":16.0,"turns":15.0},{"damage":6.0,"enemies":"2 Thieves","floor":18.0,"turns":1.0},{"damage":6.0,"enemies":"Spheric Guardian","floor":19.0,"turns":8.0},{"damage":46,"enemies":"Slavers","floor":23,"turns":4}],"seed_played":"8901385418209944835","potions_obtained":[{"floor":4.0,"key":"SmokeBomb"},{"floor":10.0,"key":"LiquidMemories"},{"floor":14.0,"key":"LiquidMemories"},{"floor":19.0,"key":"Ancient Potion"}],"is_trial":false,"path_per_floor":["M","?","?","M","M","R","$","R","T","M","M","E","R","E","R","B",null,"M","M","$","?","?","E"],"character_chosen":"IRONCLAD","items_purchased":["Pommel Strike","Membership Card","Entrench"],"campfire_rested":1,"item_purchase_floors":[7,20,20],"current_hp_per_floor":[71,71,71,69,63,63,63,63,63,63,59,34,34,24,48,23,66,66,66,66,66,66,20,20],"gold":51,"neow_bonus":"ONE_RANDOM_RARE_CARD","is_daily":false,"chose_seed":false,"campfire_upgraded":2,"win_rate":0.0,"timestamp":1610974155,"path_taken":["M","?","?","M","M","R","?","R","T","M","M","E","R","E","R","BOSS","M","M","$","?","?","E"],"items_purchased_type":["Card","Relic","Card"],"build_version":"2020-12-22","purchased_purges":1,"victory":false,"max_hp_per_floor":[80,80,80,80,80,80,80,80,80,80,80,80,80,80,80,80,80,80,80,80,80,80,80,80],"card_choices":[{"not_picked":["Warcry","Thunderclap","Heavy Blade"],"picked":"SKIP","floor":1.0},{"not_picked":["Blood for Blood","Burning Pact"],"picked":"Rage","floor":4.0},{"not_picked":["True Grit","Inflame","Thunderclap"],"picked":"SKIP","floor":5.0},{"not_picked":["Perfected Strike","Clothesline"],"picked":"Seeing Red","floor":10.0},{"not_picked":["Pommel Strike","Body Slam"],"picked":"Impervious","floor":11.0},{"not_picked":["Power Through","Dark Embrace","Infernal Blade"],"picked":"SKIP","floor":12.0},{"not_picked":["Searing Blow","Pummel","Brutality"],"picked":"SKIP","floor":14.0},{"not_picked":["Fiend Fire","Demon Form"],"picked":"Barricade","floor":16.0},{"not_picked":["Warcry","Bloodletting"],"picked":"Shrug It Off","floor":19.0}],"player_experience":162689,"relics_obtained":[{"floor":9.0,"key":"Bag of Marbles"},{"floor":12.0,"key":"HornCleat"},{"floor":14.0,"key":"Shuriken"}],"event_choices":[{"cards_removed":["Strike_R"],"damage_healed":0.0,"max_hp_gain":0.0,"max_hp_loss":0.0,"gold_gain":0.0,"event_name":"The Cleric","player_choice":"Card Removal","floor":2.0,"gold_loss":50.0,"damage_taken":0.0},{"damage_healed":0.0,"max_hp_gain":0.0,"max_hp_loss":0.0,"gold_gain":0.0,"cards_transformed":["Defend_R"],"event_name":"Living Wall","player_choice":"Change","floor":3.0,"gold_loss":0.0,"damage_taken":0.0,"cards_obtained":["Armaments"]},{"damage_healed":0.0,"max_hp_gain":0.0,"max_hp_loss":0.0,"gold_gain":0.0,"event_name":"Ghosts","player_choice":"Ignored","floor":21.0,"gold_loss":0.0,"damage_taken":0.0},{"damage_healed":0.0,"max_hp_gain":0.0,"max_hp_loss":0.0,"gold_gain":0.0,"event_name":"The Library","player_choice":"Read","floor":22.0,"gold_loss":0.0,"damage_taken":0.0,"cards_obtained":["Uppercut"]}],"is_beta":false,"boss_relics":[{"not_picked":["Tiny House","Black Star"],"picked":"Mark of Pain"}],"items_purged_floors":[20],"is_endless":false,"potions_floor_spawned":[4,10,11,14,19],"killed_by":"Slavers","ascension_level":11}}