{"host":"wogey4gsknv4ot2d","time":1610946056,"event":{"mods":["2.2 Compatiblity","AchievementEnabler","BaseMod","Bestiary","Better Third Choice","Colored Map","Colored Powertips","Googly Eyes","Key Reminder","Minty Spire (QoL Compilation)","Permanent Neow","Rare Cards Sparkle","Relic Stats","StSLib"],"gold_per_floor":[117,137,83,83,101,101,130,140,165,165,193,153,172,187,187,285,285,296,126,216,232,267,267,296,296,296,329,381,19,38,49,49,49,49],"floor_reached":33,"language":"ENG","playtime":972,"items_purged":[],"score":310,"play_id":"cc27ad17-05ac-49c2-bb72-0a05568eab76","local_time":"20210117230056","is_ascension_mode":true,"campfire_choices":[{"data":"Conserve Battery","floor":6,"key":"SMITH"},{"floor":15,"key":"REST"},{"floor":23,"key":"REST"},{"floor":25,"key":"REST"},{"floor":32,"key":"REST"}],"circlet_count":0,"master_deck":["Strike_B","Strike_B+1","Strike_B","Strike_B","Defend_B","Defend_B","Defend_B","Defend_B","Zap","Dualcast+1","Conserve Battery+1","Fusion","Go for the Eyes","Beam Cell","Ball Lightning","Beam Cell","Doom and Gloom","Lockon","Steam","Core Surge","Static Discharge+1","Stack","Sweeping Beam+1","Reinforced Body","Hello World"],"relics":["Cracked Core","NeowsBlessing","Smiling Mask","Oddly Smooth Stone","DataDisk","Busted Crown","Sling","Red Mask","Blue Candle","Singing Bowl","Bottled Flame","Potion Belt","Pear"],"acts_visited":["Exordium","TheCity"],"potions_floor_usage":[11,18,18,21,27,30,33,33],"damage_taken":[{"damage":0,"enemies":"2 Louse","floor":1,"turns":1},{"damage":0,"enemies":"Small Slimes","floor":2,"turns":1},{"damage":0,"enemies":"Cultist","floor":5,"turns":1},{"damage":24,"enemies":"3 Sentries","floor":7,"turns":7},{"damage":8,"enemies":"Large Slime","floor":8,"turns":4},{"damage":44,"enemies":"Gremlin Nob","floor":11,"turns":5},{"damage":18,"enemies":"Exordium Thugs","floor":13,"turns":2},{"damage":7,"enemies":"Blue Slaver","floor":14,"turns":2},{"damage":12,"enemies":"Slime Boss","floor":16,"turns":7},{"damage":11,"enemies":"3 Byrds","floor":18,"turns":4},{"damage":9,"enemies":"Spheric Guardian","floor":21,"turns":3},{"damage":10,"enemies":"Masked Bandits","floor":22,"turns":4},{"damage":8,"enemies":"Gremlin Leader","floor":24,"turns":5},{"damage":32,"enemies":"Slavers","floor":27,"turns":5},{"damage":7,"enemies":"Snake Plant","floor":30,"turns":2},{"damage":19,"enemies":"Sentry and Sphere","floor":31,"turns":3},{"damage":66,"enemies":"Champ","floor":33,"turns":8}],"seed_played":"-5766901895262220349","potions_obtained":[{"floor":2,"key":"Dexterity Potion"},{"floor":5,"key":"FocusPotion"},{"floor":7,"key":"PowerPotion"},{"floor":14,"key":"EssenceOfSteel"},{"floor":24,"key":"DistilledChaos"},{"floor":31,"key":"Weak Potion"}],"is_trial":false,"path_per_floor":["M","M","$","?","M","R","E","M","T","?","E","$","M","M","R","B",null,"M","$","?","M","?","R","E","R","T","E","T","$","M","M","R","B"],"character_chosen":"DEFECT","items_purchased":["Go for the Eyes","Doom and Gloom","Sling","Stack","Pear","DistilledChaos","Explosive Potion"],"campfire_rested":4,"item_purchase_floors":[3,12,19,19,29,29,29],"current_hp_per_floor":[75,75,75,60,60,60,36,28,28,75,31,31,13,6,28,16,75,64,64,52,43,33,55,47,69,69,37,37,47,42,25,51,0,0],"gold":49,"neow_bonus":"THREE_ENEMY_KILL","is_daily":false,"chose_seed":false,"campfire_upgraded":1,"win_rate":0.0,"timestamp":1610946056,"path_taken":["M","M","$","?","M","R","E","M","T","?","E","$","M","M","R","BOSS","M","?","?","?","?","R","E","R","T","E","?","$","M","M","R","BOSS"],"items_purchased_type":["Card","Card","Relic","Card","Relic","Potion","Potion"],"build_version":"2020-12-22","purchased_purges":0,"victory":false,"max_hp_per_floor":[75,75,75,75,75,75,75,75,75,75,75,75,75,75,75,75,75,75,75,75,75,75,75,75,75,75,75,75,85,87,89,89,89,89],"relic_stats":{"Busted Crown":14,"Singing Bowl":4,"counters":[17,64],"Blue Candle":[0],"Smiling Mask":0,"obtain_stats":[{"Potion Belt":28,"Pear":29,"NeowsBlessing":0,"Singing Bowl":26,"Blue Candle":24,"Oddly Smooth Stone":9,"Smiling Mask":7,"Sling":19,"DataDisk":11,"Bottled Flame":27,"Busted Crown":17,"Red Mask":22,"Cracked Core":0},{"Potion Belt":14,"Pear":14,"NeowsBlessing":0,"Singing Bowl":13,"Blue Candle":13,"Oddly Smooth Stone":5,"Smiling Mask":4,"Sling":10,"DataDisk":6,"Bottled Flame":14,"Busted Crown":9,"Red Mask":12,"Cracked Core":0},{"Potion Belt":51,"Pear":51,"NeowsBlessing":0,"Singing Bowl":46,"Blue Candle":46,"Oddly Smooth Stone":14,"Smiling Mask":10,"Sling":34,"DataDisk":19,"Bottled Flame":51,"Busted Crown":30,"Red Mask":41,"Cracked Core":0}]},"card_choices":[{"not_picked":["Cold Snap","Hologram"],"picked":"Conserve Battery","floor":1},{"not_picked":["Gash","Stack"],"picked":"Fusion","floor":2},{"not_picked":["Double Energy","Aggregate"],"picked":"Tempest","floor":5},{"not_picked":["Steam","Machine Learning"],"picked":"Beam Cell","floor":7},{"not_picked":["Steam","FTL"],"picked":"Ball Lightning","floor":8},{"not_picked":["Ball Lightning","Barrage"],"picked":"Beam Cell","floor":11},{"not_picked":["Streamline","Skim"],"picked":"Lockon","floor":13},{"not_picked":["Streamline","Hologram"],"picked":"Steam","floor":14},{"not_picked":["Echo Form","Fission"],"picked":"Core Surge","floor":16},{"not_picked":[],"picked":"Static Discharge+1","floor":18},{"not_picked":["Hologram"],"picked":"SKIP","floor":21},{"not_picked":[],"picked":"Sweeping Beam+1","floor":22},{"not_picked":[],"picked":"Reinforced Body","floor":24},{"not_picked":[],"picked":"Hello World","floor":27},{"not_picked":["Hologram"],"picked":"Singing Bowl","floor":30},{"not_picked":["Turbo"],"picked":"Singing Bowl","floor":31}],"player_experience":52193,"relics_obtained":[{"floor":7,"key":"Smiling Mask"},{"floor":9,"key":"Oddly Smooth Stone"},{"floor":11,"key":"DataDisk"},{"floor":22,"key":"Red Mask"},{"floor":24,"key":"Blue Candle"},{"floor":26,"key":"Singing Bowl"},{"floor":27,"key":"Bottled Flame"},{"floor":28,"key":"Potion Belt"}],"event_choices":[{"damage_healed":75,"gold_gain":0,"player_choice":"Upgrade","damage_taken":15,"max_hp_gain":0,"max_hp_loss":75,"event_name":"betterThird:BetterShining","floor":4,"gold_loss":0,"cards_upgraded":["Dualcast","Strike_B"]},{"cards_removed":["Tempest"],"damage_healed":47,"gold_gain":0,"player_choice":"Offered Uncommon","damage_taken":0,"max_hp_gain":0,"max_hp_loss":0,"event_name":"Bonfire Elementals","floor":10,"gold_loss":0},{"damage_healed":0,"gold_gain":90,"player_choice":"GOLD ","damage_taken":12,"max_hp_gain":0,"max_hp_loss":0,"event_name":"Knowing Skull","floor":20,"potions_obtained":[],"gold_loss":0,"cards_obtained":[]},{"damage_healed":0,"gold_gain":0,"player_choice":"Fought Bandits","damage_taken":0,"max_hp_gain":0,"max_hp_loss":0,"event_name":"Masked Bandits","floor":22,"gold_loss":0}],"is_beta":false,"boss_relics":[{"not_picked":["FrozenCore","Empty Cage"],"picked":"Busted Crown"}],"items_purged_floors":[],"is_endless":false,"potions_floor_spawned":[2,5,7,8,14,21,24,31],"killed_by":"Champ","ascension_level":1}}