{"host":"1ekl8hlbnopmdapi","time":1610940450,"event":{"mods":["AchievementEnabler","BaseMod","Colored Map","Colored Powertips","DeckTracker","Googly Eyes","Highlight Path","Minty Spire (QoL Compilation)","Relic Sorter","StSLib","Synergy Search"],"gold_per_floor":[209,209,223,223,242,242,322,322,322,322,352,321,321,347,347,450,450,461,461,461,475,92,126,145,109,109,124,124,137,137,149,149,246,246,265,23,23,34,45,71,71,71,94,94,108,125,125,125,125,125,125],"floor_reached":50,"language":"ENG","playtime":1405,"items_purged":[],"score":673,"play_id":"6928a75e-2d9d-4e64-9c5d-eafaac9ec0c3","local_time":"20210117222730","is_ascension_mode":true,"campfire_choices":[{"floor":6,"key":"RECALL"},{"data":"Poisoned Stab","floor":8,"key":"SMITH"},{"data":"Poisoned Stab","floor":10,"key":"SMITH"},{"floor":13,"key":"REST"},{"floor":15,"key":"REST"},{"floor":28,"key":"REST"},{"data":"Envenom","floor":30,"key":"SMITH"},{"floor":32,"key":"REST"},{"floor":41,"key":"REST"},{"data":"Cloak And Dagger","floor":44,"key":"SMITH"},{"data":"Cloak And Dagger","floor":49,"key":"SMITH"}],"circlet_count":0,"master_deck":["Strike_G","Strike_G","Strike_G","Strike_G","Defend_G","Defend_G","Defend_G","Defend_G","Defend_G","Survivor","Neutralize+1","Poisoned Stab+1","Poisoned Stab+1","Backstab","Bane","Poisoned Stab","Envenom+1","Crippling Poison","Outmaneuver","Cloak And Dagger+1","Accuracy","Blur+1","Cloak And Dagger+1","Caltrops","Dodge and Roll+1","Cloak And Dagger+1","Cloak And Dagger+1","Phantasmal Killer+1","Choke+1","Flash of Steel","Accuracy","Blade Dance+1","Finisher+1","Bane","Finesse+1"],"relics":["Ring of the Snake","Ninja Scroll","Darkstone Periapt","Snake Skull","StrikeDummy","SlaversCollar","Bag of Marbles","Bronze Scales","Anchor","MealTicket","Toxic Egg 2","Sozu","Blood Vial","Paper Crane"],"acts_visited":["Exordium","TheCity","TheBeyond"],"potions_floor_usage":[23,33,38,39,50],"damage_taken":[{"damage":0,"enemies":"Small Slimes","floor":1,"turns":3},{"damage":0,"enemies":"Jaw Worm","floor":3,"turns":5},{"damage":0,"enemies":"2 Louse","floor":5,"turns":2},{"damage":24,"enemies":"Gremlin Nob","floor":11,"turns":4},{"damage":30,"enemies":"3 Sentries","floor":14,"turns":6},{"damage":36,"enemies":"Slime Boss","floor":16,"turns":10},{"damage":10,"enemies":"Shell Parasite","floor":18,"turns":3},{"damage":0,"enemies":"3 Byrds","floor":21,"turns":3},{"damage":21,"enemies":"Gremlin Leader","floor":23,"turns":5},{"damage":12,"enemies":"Centurion and Healer","floor":24,"turns":4},{"damage":1,"enemies":"Snecko","floor":27,"turns":4},{"damage":3,"enemies":"3 Cultists","floor":29,"turns":5},{"damage":4,"enemies":"Centurion and Healer","floor":31,"turns":3},{"damage":41,"enemies":"Automaton","floor":33,"turns":9},{"damage":0,"enemies":"3 Shapes","floor":35,"turns":3},{"damage":3,"enemies":"3 Darklings","floor":38,"turns":3},{"damage":3,"enemies":"Transient","floor":39,"turns":5},{"damage":21,"enemies":"Giant Head","floor":40,"turns":6},{"damage":10,"enemies":"Jaw Worm Horde","floor":45,"turns":3},{"damage":19,"enemies":"Maw","floor":46,"turns":5},{"damage":60,"enemies":"Time Eater","floor":50,"turns":5}],"seed_played":"6055450819356421129","potions_obtained":[{"floor":5,"key":"LiquidBronze"},{"floor":11,"key":"Ancient Potion"},{"floor":23,"key":"FearPotion"},{"floor":27,"key":"FearPotion"},{"floor":33,"key":"Swift Potion"}],"is_trial":false,"path_per_floor":["M","?","M","?","M","R","T","R","T","R","E","?","R","E","R","B",null,"M","?","?","M","$","E","M","$","T","M","R","M","R","M","R","B",null,"M","$","?","M","M","E","R","?","T","R","M","M","$","?","R","B"],"character_chosen":"THE_SILENT","items_purchased":["Bronze Scales","Anchor","Cloak And Dagger","Accuracy","Caltrops","Blood Vial","Flash of Steel"],"campfire_rested":5,"item_purchase_floors":[22,22,22,22,25,36,36],"current_hp_per_floor":[70,70,70,70,70,70,70,70,70,70,46,46,67,37,58,22,58,48,48,48,48,48,27,15,30,30,29,50,47,47,43,64,23,58,58,70,70,67,66,47,68,68,68,68,60,43,58,58,58,0,0],"gold":125,"neow_bonus":"HUNDRED_GOLD","is_daily":false,"chose_seed":false,"campfire_upgraded":5,"win_rate":0.0,"timestamp":1610940450,"path_taken":["M","?","M","?","M","R","?","R","T","R","E","?","R","E","R","BOSS","M","?","?","M","$","E","?","$","T","?","R","M","R","M","R","BOSS","M","$","?","M","M","E","R","?","T","R","M","?","?","?","R","BOSS"],"items_purchased_type":["Relic","Relic","Card","Card","Card","Relic","Card"],"build_version":"2020-12-22","purchased_purges":0,"victory":false,"max_hp_per_floor":[70,70,70,70,70,70,70,70,70,70,70,70,70,70,70,70,70,70,70,70,70,70,70,70,70,70,70,70,70,70,70,70,70,70,70,70,70,70,70,70,70,70,70,70,70,70,70,70,70,70,70],"card_choices":[{"not_picked":["Acrobatics","Outmaneuver"],"picked":"Poisoned Stab","floor":1},{"not_picked":["Well Laid Plans","Slice"],"picked":"Poisoned Stab","floor":3},{"not_picked":["Deflect","Outmaneuver"],"picked":"Backstab","floor":5},{"not_picked":["Slice","Poisoned Stab"],"picked":"Bane","floor":11},{"not_picked":["Outmaneuver","Deflect"],"picked":"Poisoned Stab","floor":14},{"not_picked":["Doppelganger","Corpse Explosion"],"picked":"Envenom","floor":16},{"not_picked":["Catalyst","Acrobatics"],"picked":"Crippling Poison","floor":18},{"not_picked":["PiercingWail","Leg Sweep"],"picked":"Noxious Fumes","floor":21},{"not_picked":["Deflect","Slice"],"picked":"Blur+1","floor":23},{"not_picked":["Heel Hook","Reflex+1"],"picked":"Cloak And Dagger","floor":24},{"not_picked":["Dagger Throw","Quick Slash"],"picked":"Dodge and Roll+1","floor":27},{"not_picked":["Backflip+1","Acrobatics+1"],"picked":"Cloak And Dagger+1","floor":29},{"not_picked":["Predator","Skewer+1"],"picked":"Cloak And Dagger+1","floor":31},{"not_picked":["Tools of the Trade","Burst+1"],"picked":"Phantasmal Killer+1","floor":33},{"not_picked":["Deflect+1","Slice+1"],"picked":"Choke+1","floor":35},{"not_picked":["Backflip+1","Flying Knee"],"picked":"Accuracy","floor":38},{"not_picked":["Slice+1","Dodge and Roll+1"],"picked":"Blade Dance+1","floor":39},{"not_picked":["Reflex+1","Prepared+1","PiercingWail+1"],"picked":"SKIP","floor":40},{"not_picked":["Riddle With Holes","Quick Slash+1"],"picked":"Finisher+1","floor":45},{"not_picked":["Concentrate+1","Outmaneuver+1"],"picked":"Bane","floor":46},{"not_picked":["Chrysalis+1","Mind Blast"],"picked":"Finesse+1","floor":48}],"player_experience":460547,"relics_obtained":[{"floor":7,"key":"Ninja Scroll"},{"floor":9,"key":"Darkstone Periapt"},{"floor":11,"key":"Snake Skull"},{"floor":14,"key":"StrikeDummy"},{"floor":23,"key":"MealTicket"},{"floor":26,"key":"Toxic Egg 2"},{"floor":40,"key":"Paper Crane"}],"event_choices":[{"damage_healed":0,"gold_gain":0,"player_choice":"Ignored","damage_taken":0,"max_hp_gain":0,"max_hp_loss":0,"event_name":"Liars Game","floor":2,"gold_loss":0},{"damage_healed":0,"gold_gain":0,"player_choice":"Grow","damage_taken":0,"max_hp_gain":0,"max_hp_loss":0,"event_name":"Living Wall","floor":4,"gold_loss":0,"cards_upgraded":["Neutralize"]},{"damage_healed":0,"gold_gain":0,"player_choice":"Left Gold","damage_taken":0,"max_hp_gain":0,"max_hp_loss":0,"event_name":"World of Goop","floor":12,"gold_loss":31},{"damage_healed":0,"gold_gain":0,"player_choice":"Opened","damage_taken":0,"relics_obtained":["Bag of Marbles"],"max_hp_gain":0,"max_hp_loss":0,"event_name":"The Mausoleum","floor":19,"gold_loss":0},{"damage_healed":0,"gold_gain":0,"cards_transformed":["Strike_G"],"player_choice":"Transformed","damage_taken":0,"max_hp_gain":0,"max_hp_loss":0,"event_name":"Transmorgrifier","floor":20,"gold_loss":0,"cards_obtained":["Outmaneuver"]},{"cards_removed":["Noxious Fumes"],"damage_healed":0,"gold_gain":0,"player_choice":"Removed Power","damage_taken":0,"max_hp_gain":0,"max_hp_loss":0,"event_name":"Falling","floor":37,"gold_loss":0},{"damage_healed":0,"gold_gain":0,"player_choice":"Bought 0 Potions","damage_taken":0,"max_hp_gain":0,"max_hp_loss":0,"event_name":"The Woman in Blue","floor":42,"gold_loss":0},{"damage_healed":0,"gold_gain":0,"player_choice":"Memory 1","damage_taken":0,"max_hp_gain":0,"max_hp_loss":0,"event_name":"SensoryStone","floor":48,"gold_loss":0}],"is_beta":false,"boss_relics":[{"not_picked":["Runic Dome","Coffee Dripper"],"picked":"SlaversCollar"},{"not_picked":["Busted Crown","Fusion Hammer"],"picked":"Sozu"}],"items_purged_floors":[],"is_endless":false,"potions_floor_spawned":[5,11,23,27,31,33,45,46],"killed_by":"Time Eater","ascension_level":5}}