{"host":"osk2oboccoevp2u5","time":1610950877,"event":{"mods":["AchievementEnabler","Alarm Clock","BaseMod","Colored Powertips","Disable Question Mark Monsters","Displayed Cursed Tome","Key Reminder","Minty Spire (QoL Compilation)","Potion Indicator Mod","Quick Restart","Rare Cards Sparkle","Reorder Act Four","StSLib","Steal the Spire","The Wild Card","Useless Jewels Mod"],"gold_per_floor":[118,218,234,251,268,268,6,16,16,33,52,77,77,27,27,128,128,138,138,154,169,34,34,49,84,111,111,26,26,4,16,16,113,113,132,142,158,40,85,85,85,85,155,155,155,170,170,184,184,184],"floor_reached":51,"language":"ENG","playtime":5617,"items_purged":["Regret","theWildCard:BasicStrike","theWildCard:BasicDefend","theWildCard:BasicDefend"],"score":712,"play_id":"bd1f7110-25a2-4290-b79e-81dc9afee922","local_time":"20210118022117","is_ascension_mode":true,"campfire_choices":[{"floor":6,"key":"REST"},{"floor":15,"key":"REST"},{"floor":23,"key":"REST"},{"data":"Apotheosis","floor":27,"key":"SMITH"},{"floor":29,"key":"RECALL"},{"data":"theWildCard:Arsene","floor":32,"key":"SMITH"},{"floor":40,"key":"REST"},{"floor":42,"key":"REST"},{"data":"Madness","floor":45,"key":"SMITH"},{"floor":49,"key":"REST"}],"circlet_count":0,"master_deck":["theWildCard:BasicDefend","theWildCard:BasicDefend","theWildCard:CallToAdventure","theWildCard:Arsene+1","theWildCard:StingingStrike","theWildCard:MaskChange","theWildCard:Sakuya","theWildCard:Sakuya","theWildCard:Safeguard","theWildCard:ManOfManyFaces","Apotheosis+1","theWildCard:EnergizedStroke","theWildCard:StingingStrike","theWildCard:StingingStrike","theWildCard:Patience","theWildCard:EnergizedStroke","theWildCard:Impatience+1","theWildCard:PaleRider+1","Swift Strike","theWildCard:StalwartBlade","theWildCard:ManOfManyFaces","theWildCard:BladeOfGenerations","theWildCard:Patience","theWildCard:IdentityTheft","theWildCard:SeveringSlash+1","Madness+1","Madness","theWildCard:MaskChange","Good Instincts","theWildCard:MagicalMight","theWildCard:Patience","theWildCard:Salvation+1"],"relics":["theWildCard:VelvetContract","Smiling Mask","Bag of Preparation","Philosopher\u0027s Stone","Letter Opener","PreservedInsect","Juzu Bracelet","keyreminder:keyreminder","SacredBark","Ginger","uselessJewelsMod:UselessJewelsRelic"],"acts_visited":["Exordium","TheCity","TheBeyond"],"potions_floor_usage":[8,8,25,25,31,39,50],"damage_taken":[{"damage":24,"enemies":"Jaw Worm","floor":1,"turns":7},{"damage":8,"enemies":"Cultist","floor":3,"turns":4},{"damage":6,"enemies":"Small Slimes","floor":4,"turns":3},{"damage":6,"enemies":"2 Fungi Beasts","floor":5,"turns":5},{"damage":2,"enemies":"3 Louse","floor":8,"turns":3},{"damage":0,"enemies":"Exordium Wildlife","floor":10,"turns":4},{"damage":0,"enemies":"Large Slime","floor":11,"turns":6},{"damage":3,"enemies":"3 Sentries","floor":12,"turns":11},{"damage":8,"enemies":"The Guardian","floor":16,"turns":11},{"damage":0,"enemies":"Spheric Guardian","floor":18,"turns":4},{"damage":32,"enemies":"Chosen","floor":20,"turns":9},{"damage":10,"enemies":"Snake Plant","floor":21,"turns":6},{"damage":38,"enemies":"Shelled Parasite and Fungi","floor":24,"turns":3},{"damage":10,"enemies":"Gremlin Leader","floor":25,"turns":6},{"damage":10,"enemies":"3 Cultists","floor":31,"turns":4},{"damage":27,"enemies":"Collector","floor":33,"turns":7},{"damage":0,"enemies":"3 Darklings","floor":35,"turns":4},{"damage":7,"enemies":"Orb Walker","floor":36,"turns":4},{"damage":31,"enemies":"4 Shapes","floor":37,"turns":5},{"damage":31,"enemies":"2 Orb Walkers","floor":39,"turns":7},{"damage":0,"enemies":"Maw","floor":46,"turns":6},{"damage":9,"enemies":"Sphere and 2 Shapes","floor":48,"turns":4},{"damage":4,"enemies":"Donu and Deca","floor":50,"turns":7}],"seed_played":"-2556400803849568553","potions_obtained":[{"floor":4,"key":"DistilledChaos"},{"floor":5,"key":"Fire Potion"},{"floor":16,"key":"BlessingOfTheForge"},{"floor":24,"key":"Regen Potion"},{"floor":25,"key":"Explosive Potion"},{"floor":35,"key":"PowerPotion"},{"floor":46,"key":"DistilledChaos"}],"is_trial":false,"path_per_floor":["M","?","M","M","M","R","$","M","T","M","M","E","?","$","R","B",null,"M","?","M","M","$","R","M","E","T","R","?","R","$","M","R","B",null,"M","M","M","$","?","R","?","R","T","?","R","M","?","M","R","B",null],"character_chosen":"THE_WILD_CARD","items_purchased":["Apotheosis","Swift Strike","theWildCard:BladeOfGenerations","theWildCard:IdentityTheft"],"campfire_rested":6,"item_purchase_floors":[7,22,30,38],"current_hp_per_floor":[36,36,28,22,16,34,34,32,32,32,37,41,34,34,52,44,60,60,60,33,23,23,41,3,56,56,56,56,56,56,46,46,19,60,60,53,22,22,43,60,52,60,60,60,60,60,70,61,70,70],"gold":184,"neow_bonus":"TRANSFORM_TWO_CARDS","is_daily":false,"chose_seed":false,"campfire_upgraded":3,"win_rate":0.0,"timestamp":1610950877,"path_taken":["M","?","M","M","M","R","$","?","T","M","M","E","?","$","R","BOSS","M","?","M","M","$","R","M","E","T","R","?","R","$","M","R","BOSS","M","M","M","$","?","R","?","R","T","?","R","M","?","M","R","BOSS"],"items_purchased_type":["Card","Card","Card","Card"],"build_version":"2020-12-22","purchased_purges":4,"victory":true,"max_hp_per_floor":[60,60,60,60,60,60,60,60,60,60,60,60,60,60,60,60,60,60,60,60,60,60,60,60,60,60,60,60,60,60,60,60,60,60,60,60,60,60,60,60,60,60,60,60,60,60,70,70,70,70],"card_choices":[{"not_picked":["theWildCard:StalwartBlade","theWildCard:ArchaicAssault"],"picked":"theWildCard:Sakuya","floor":1},{"not_picked":["theWildCard:Proficiency","theWildCard:ArcaneArts"],"picked":"theWildCard:Sakuya","floor":3},{"not_picked":["theWildCard:Odin","theWildCard:SeveringSlash"],"picked":"theWildCard:Safeguard","floor":4},{"not_picked":["theWildCard:Proficiency","theWildCard:MagicMettle"],"picked":"theWildCard:ManOfManyFaces","floor":5},{"not_picked":["theWildCard:Impatience","theWildCard:Sakuya"],"picked":"theWildCard:EnergizedStroke","floor":8},{"not_picked":["theWildCard:PowerOfTheArcana","theWildCard:TheGreatSeal"],"picked":"theWildCard:StingingStrike","floor":10},{"not_picked":["theWildCard:Polydeuces","theWildCard:EnergizedStroke"],"picked":"theWildCard:StingingStrike","floor":11},{"not_picked":["theWildCard:IdentityTheft","theWildCard:Desolation"],"picked":"theWildCard:Patience","floor":12},{"not_picked":["theWildCard:SeveringSlash+1","theWildCard:StingingStrike","theWildCard:PaleRider"],"picked":"SKIP","floor":18},{"not_picked":["theWildCard:PowerOfTheArcana+1","theWildCard:SeveringSlash"],"picked":"theWildCard:Impatience+1","floor":20},{"not_picked":["theWildCard:Scathach","theWildCard:ArcanaArtistry"],"picked":"theWildCard:PaleRider+1","floor":21},{"not_picked":["theWildCard:StingingStrike","theWildCard:Patience"],"picked":"theWildCard:StalwartBlade","floor":24},{"not_picked":["theWildCard:EnergizedStroke+1","theWildCard:Metatron"],"picked":"theWildCard:ManOfManyFaces","floor":25},{"not_picked":["theWildCard:CryOfAgony","theWildCard:Polydeuces"],"picked":"theWildCard:Patience","floor":31},{"not_picked":["theWildCard:Caesar","theWildCard:Satanael"],"picked":"theWildCard:ChangingDestiny","floor":33},{"not_picked":["theWildCard:UnderLockAndKey+1","theWildCard:CryOfAgony","theWildCard:Patience+1"],"picked":"SKIP","floor":35},{"not_picked":["theWildCard:Sakuya+1","theWildCard:Proficiency","theWildCard:Patience+1"],"picked":"SKIP","floor":36},{"not_picked":["theWildCard:StalwartBlade","theWildCard:Unburden","theWildCard:MaskChange"],"picked":"SKIP","floor":37},{"not_picked":["theWildCard:Unburden","theWildCard:StalwartBlade+1"],"picked":"theWildCard:SeveringSlash+1","floor":39},{"not_picked":["theWildCard:StingingStrike","theWildCard:PowerOfTheArcana"],"picked":"theWildCard:Patience","floor":46},{"not_picked":["theWildCard:SeveringSlash+1","theWildCard:LadyLuck"],"picked":"theWildCard:Salvation+1","floor":48}],"player_experience":944285,"relics_obtained":[{"floor":9,"key":"Smiling Mask"},{"floor":12,"key":"Bag of Preparation"},{"floor":25,"key":"Letter Opener"},{"floor":26,"key":"PreservedInsect"},{"floor":39,"key":"Ginger"},{"floor":43,"key":"uselessJewelsMod:UselessJewelsRelic"}],"event_choices":[{"damage_healed":0,"gold_gain":100,"player_choice":"Pray","damage_taken":0,"max_hp_gain":0,"max_hp_loss":0,"event_name":"Golden Shrine","floor":2,"gold_loss":0},{"cards_removed":["theWildCard:BasicStrike"],"damage_healed":0,"gold_gain":0,"player_choice":"Card Removal","damage_taken":7,"max_hp_gain":0,"max_hp_loss":0,"event_name":"Golden Wing","floor":13,"gold_loss":0},{"damage_healed":0,"gold_gain":0,"player_choice":"Read","damage_taken":0,"max_hp_gain":0,"max_hp_loss":0,"event_name":"The Library","floor":19,"gold_loss":0,"cards_obtained":["theWildCard:EnergizedStroke"]},{"damage_healed":0,"gold_gain":0,"player_choice":"Obtained Relic","damage_taken":0,"relics_obtained":["Juzu Bracelet"],"max_hp_gain":0,"max_hp_loss":0,"event_name":"Addict","floor":28,"gold_loss":85},{"damage_healed":0,"gold_gain":0,"player_choice":"Fight","damage_taken":0,"max_hp_gain":0,"max_hp_loss":0,"event_name":"Mysterious Sphere","floor":39,"gold_loss":0},{"damage_healed":0,"gold_gain":0,"player_choice":"Embrace Madness","damage_taken":8,"max_hp_gain":0,"max_hp_loss":0,"event_name":"Winding Halls","floor":41,"gold_loss":0,"cards_obtained":["Madness","Madness"]},{"damage_healed":0,"gold_gain":0,"player_choice":"3 cards matched","damage_taken":0,"max_hp_gain":0,"max_hp_loss":0,"event_name":"Match and Keep!","floor":44,"gold_loss":0,"cards_obtained":["theWildCard:MaskChange","Good Instincts","theWildCard:MagicalMight"]},{"cards_removed":["theWildCard:ChangingDestiny"],"damage_healed":0,"gold_gain":0,"player_choice":"Offered Rare","damage_taken":0,"max_hp_gain":10,"max_hp_loss":0,"event_name":"Bonfire Elementals","floor":47,"gold_loss":0}],"is_beta":false,"boss_relics":[{"not_picked":["theWildCard:Wildcard","Cursed Key"],"picked":"Philosopher\u0027s Stone"},{"not_picked":["Black Star","Astrolabe"],"picked":"SacredBark"}],"items_purged_floors":[7,14,22,38],"is_endless":false,"potions_floor_spawned":[4,5,16,24,25,35,46],"ascension_level":3}}