{"host":"ux1e5jwgl66eze79","time":1610938904,"event":{"mods":["2.2 Compatiblity","Act Like it!","Aspiration","BaseMod","Conspire","Downfall","Duelist Mod","GifTheSpireLib","Hermit","Hubris","Minty Spire (QoL Compilation)","StSLib","The Cursed","Wandering Minibosses"],"gold_per_floor":[145,145,145,16,16,44,44,77,126,141,168,168,197,216,216,319,319,334,319,246,171,190,222,137,166,211,211,211],"floor_reached":27,"language":"ENG","playtime":1812,"items_purged":["theDuelist:CastleWalls"],"score":415,"play_id":"81c51f67-3edc-4684-817f-14d11ece11b0","local_time":"20210118040144","is_ascension_mode":true,"campfire_choices":[{"data":"theDuelist:InjectionFairy","floor":7,"key":"SMITH"},{"data":"theDuelist:ThousandEyesRestrict","floor":15,"key":"SMITH"}],"circlet_count":0,"master_deck":["theDuelist:DarkMagician","theDuelist:MysticalElf","theDuelist:NeoMagic","theDuelist:NeoMagic","theDuelist:ExodiaNecross+1","theDuelist:InjectionFairy+1","theDuelist:Yami","theDuelist:DarkMagician","theDuelist:ChangeHeart","theDuelist:ThousandEyesRestrict+1","theDuelist:RainbowMagician","theDuelist:ExodiaHead","theDuelist:MagiciansRod","theDuelist:BlizzardPrincess","theDuelist:ExodiaNecross","theDuelist:FrontierWiseman"],"relics":["theDuelist:MillenniumPuzzle","theDuelist:CardPoolRelic","theDuelist:CardPoolBasicRelic","theDuelist:BoosterPackPoolRelic","theDuelist:CardPoolAddRelic","theDuelist:CardPoolMinusRelic","theDuelist:CardPoolSaveRelic","theDuelist:CardPoolOptionsRelic","theDuelist:MillenniumScale","theDuelist:StoneExxod","Juzu Bracelet","Bag of Marbles","hubris:CrystalStatue","Pen Nib","Empty Cage","Anchor","Tiny Chest","Toy Ornithopter","Blood Vial"],"acts_visited":["Exordium","TheCity"],"potions_floor_usage":[19,19,27],"damage_taken":[{"damage":1,"enemies":"2 Louse","floor":1,"turns":2},{"damage":7,"enemies":"Gremlin Nob","floor":6,"turns":5},{"damage":3,"enemies":"3 Sentries","floor":8,"turns":6},{"damage":3,"enemies":"Small Slimes","floor":10,"turns":3},{"damage":3,"enemies":"Gremlin Nob","floor":11,"turns":4},{"damage":0,"enemies":"3 Sentries","floor":13,"turns":6},{"damage":0,"enemies":"Jaw Worm","floor":14,"turns":2},{"damage":0,"enemies":"Slime Boss","floor":16,"turns":3},{"damage":0,"enemies":"Spheric Guardian","floor":18,"turns":3},{"damage":28,"enemies":"2 Thieves","floor":19,"turns":4},{"damage":8,"enemies":"Chosen and Byrds","floor":22,"turns":6},{"damage":62,"enemies":"Gremlin Leader","floor":23,"turns":8},{"damage":22,"enemies":"Book of Stabbing","floor":25,"turns":6},{"damage":20,"enemies":"Gremlin Leader","floor":27,"turns":2}],"seed_played":"-3173166571420810981","potions_obtained":[{"floor":1,"key":"theDuelist:SummonerBottle"},{"floor":8,"key":"SpeedPotion"},{"floor":13,"key":"PowerPotion"},{"floor":16,"key":"Fire Potion"},{"floor":23,"key":"theDuelist:BurningPotion"}],"is_trial":false,"path_per_floor":["M","?","?","$","?","E","R","E","T","M","E","?","E","M","R","B",null,"M","M","$","?","M","E","?","E","T","E"],"character_chosen":"THE_DUELIST","items_purchased":["theDuelist:InjectionFairy","theDuelist:BlizzardPrincess"],"campfire_rested":0,"item_purchase_floors":[4,20],"current_hp_per_floor":[79,79,79,79,72,73,73,80,80,80,80,80,80,80,80,80,80,80,62,62,62,69,22,22,10,10,0,0],"gold":211,"neow_bonus":"REMOVE_CARD","is_daily":false,"chose_seed":false,"campfire_upgraded":2,"win_rate":0.0,"timestamp":1610938904,"path_taken":["M","?","?","$","?","E","R","E","T","M","E","?","E","M","R","BOSS","M","M","$","?","M","E","?","E","T","E"],"items_purchased_type":["Card","Card"],"build_version":"2020-12-22","purchased_purges":1,"victory":false,"max_hp_per_floor":[80,80,80,80,80,80,80,80,80,80,80,80,80,80,80,80,80,80,80,80,80,80,80,80,80,80,80,80],"card_choices":[{"not_picked":["theDuelist:InfernoFireBlast+1","theDuelist:RainbowMagician+1"],"picked":"theDuelist:ExodiaNecross+1","floor":1},{"not_picked":["theDuelist:DarkHorizon","theDuelist:AltarTribute","theDuelist:FairyBox","theDuelist:IcyCrevasse","theDuelist:Graverobber"],"picked":"SKIP","floor":6},{"not_picked":["theDuelist:InariFire","theDuelist:StatueAnguishPattern","theDuelist:WonderWand"],"picked":"theDuelist:Yami","floor":8},{"not_picked":["theDuelist:BlizzardWarrior","theDuelist:CosmicHorrorGangiel","theDuelist:SangaThunder","theDuelist:NeoMagic"],"picked":"theDuelist:DarkMagician","floor":10},{"not_picked":["theDuelist:RainbowOverdragon","theDuelist:RainbowLife","theDuelist:EarthGiant","theDuelist:Electrowhip"],"picked":"theDuelist:ChangeHeart","floor":11},{"not_picked":["theDuelist:IrisEarthMother","theDuelist:SwordsRevealing","theDuelist:IceQueen","theDuelist:SangaWater"],"picked":"theDuelist:ThousandEyesRestrict","floor":13},{"not_picked":["theDuelist:SkilledDarkMagician","theDuelist:GuardianAngel"],"picked":"theDuelist:RainbowMagician","floor":14},{"not_picked":["theDuelist:RainbowDarkDragon","theDuelist:RainbowMagician","theDuelist:SwordsRevealing","theDuelist:ThousandEyesRestrict"],"picked":"theDuelist:ExodiaHead","floor":16},{"not_picked":["theDuelist:FuryFire","theDuelist:LabyrinthWall","theDuelist:BigKoala+1","theDuelist:ShardGreed","theDuelist:DarkMirrorForce"],"picked":"SKIP","floor":18},{"not_picked":["theDuelist:WhiteHowling+1","theDuelist:MagiciansRobe","theDuelist:InariFire+1"],"picked":"theDuelist:MagiciansRod","floor":19},{"not_picked":["theDuelist:QueenDragunDjinn","theDuelist:IceQueen"],"picked":"theDuelist:ExodiaNecross","floor":22},{"not_picked":["Deep Breath","Impatience","Magnetism+1","Violence+1"],"picked":"SKIP","floor":23},{"not_picked":["theDuelist:BattleOx","theDuelist:GilfordLegend","theDuelist:PotDichotomy","theDuelist:PreventRat"],"picked":"theDuelist:FrontierWiseman","floor":25}],"player_experience":136929,"relics_obtained":[{"floor":6,"key":"theDuelist:StoneExxod"},{"floor":8,"key":"Juzu Bracelet"},{"floor":9,"key":"Bag of Marbles"},{"floor":11,"key":"hubris:CrystalStatue"},{"floor":13,"key":"Pen Nib"},{"floor":23,"key":"Anchor"},{"floor":25,"key":"Toy Ornithopter"},{"floor":26,"key":"Blood Vial"}],"event_choices":[{"damage_healed":0,"gold_gain":0,"player_choice":"Took item - Received: Millennium Scale","duelist":true,"damage_taken":0,"max_hp_gain":0,"max_hp_loss":0,"event_name":"Millennium Items","floor":2,"gold_loss":0},{"damage_healed":0,"gold_gain":0,"player_choice":"Leave","damage_taken":0,"max_hp_gain":0,"max_hp_loss":0,"event_name":"conspire:Investor","floor":3,"gold_loss":0},{"cards_removed":["theDuelist:CastleWalls"],"damage_healed":0,"gold_gain":0,"player_choice":"Card Removal","damage_taken":7,"max_hp_gain":0,"max_hp_loss":0,"event_name":"Golden Wing","floor":5,"gold_loss":0},{"cards_removed":["theDuelist:CurseArmaments"],"damage_healed":0,"gold_gain":0,"player_choice":"Forget","damage_taken":0,"max_hp_gain":0,"max_hp_loss":0,"event_name":"Living Wall","floor":12,"gold_loss":0},{"cards_removed":["theDuelist:MysticalElf"],"damage_healed":0,"gold_gain":0,"player_choice":"Gave Gold","damage_taken":0,"max_hp_gain":0,"max_hp_loss":0,"event_name":"Beggar","floor":21,"gold_loss":75},{"damage_healed":0,"gold_gain":0,"player_choice":"Obtained Relic","damage_taken":0,"relics_obtained":["Tiny Chest"],"max_hp_gain":0,"max_hp_loss":0,"event_name":"Addict","floor":24,"gold_loss":85}],"is_beta":false,"boss_relics":[{"not_picked":["aspiration:FutureDiary","Pandora\u0027s Box"],"picked":"Empty Cage"}],"items_purged_floors":[4],"is_endless":false,"potions_floor_spawned":[1,8,13,16,23],"killed_by":"Gremlin Leader","ascension_level":2}}