{"host":"6h0diz2ap0m56grs","time":1610953192,"event":{"mods":["2.2 Compatiblity","BaseMod","Colored Map","Marisa????????","Minty Spire (QoL Compilation)","Quick Restart","Replay The Spire","Shop Mod","StSLib","The Servant 0.9.4"],"gold_per_floor":[114,132,53,53,53,87,128,169,169,204,240,240,275,299,299,420,420,435,435,475,390,390,430,471,471,471,471,512,556,590,634,634,760,760,785,785,785,402,312,312,312],"floor_reached":40,"language":"ENG","playtime":1272,"items_purged":[],"score":1011,"play_id":"06b59cb8-fa35-48b9-b135-90f1e987fd7b","local_time":"20210118005952","daily_mods":["SealedDeck","Heirloom","Time Dilation","Flight"],"is_ascension_mode":true,"campfire_choices":[{"data":"SoulSculpture","floor":12,"key":"SMITH"},{"data":"TheWorld","floor":15,"key":"SMITH"},{"data":"Barrier","floor":27,"key":"SMITH"},{"data":"SurpressingFire","floor":32,"key":"SMITH"}],"circlet_count":0,"master_deck":["Desolation+1","Defy+1","Rearm+1","Rearm+1","Misdirection+1","Orbit+1","Barrier+1","DancingSilver+1","InstantArmor+1","InstantArmor+1","Moonlight+1","SoulSculpture+1","Sabotage+1","Ricochet+1","GearUp+1","TheWorld+1","Misdirection+1","SurpressingFire+1","FlawlessForm+1","SilverMatrix+1","SurpressingFire+1"],"relics":["Uniform","replay:Trail_Library","Incense Burner","Golden Idol","Replay:Bottled Flurry","Mummified Hand","Oddly Smooth Stone","Sundial","Mercury Hourglass","Sozu","Nilry\u0027s Codex","Red Mask","Smiling Mask","Orichalcum","Ornamental Fan","The Courier","Replay:Bottled Steam","Iron Hammer","Omamori","Philosopher\u0027s Stone","Mark of the Bloom","Pan","PreservedInsect","MerchantsRug","Pen Nib"],"acts_visited":["Exordium","TheCity","TheBeyond"],"potions_floor_usage":[],"damage_taken":[{"damage":0,"enemies":"Small Slimes","floor":1,"turns":3},{"damage":0,"enemies":"Jaw Worm","floor":2,"turns":2},{"damage":0,"enemies":"3 Sentries","floor":6,"turns":4},{"damage":0,"enemies":"Lagavulin","floor":7,"turns":6},{"damage":2,"enemies":"3 Sentries","floor":8,"turns":5},{"damage":0,"enemies":"Lagavulin","floor":10,"turns":4},{"damage":0,"enemies":"Gremlin Nob","floor":11,"turns":3},{"damage":0,"enemies":"3 Sentries","floor":13,"turns":2},{"damage":0,"enemies":"2 Louse","floor":14,"turns":1},{"damage":0,"enemies":"Slime Boss","floor":16,"turns":4},{"damage":0,"enemies":"Chosen","floor":18,"turns":3},{"damage":0,"enemies":"Masked Bandits","floor":20,"turns":3},{"damage":0,"enemies":"Book of Stabbing","floor":23,"turns":3},{"damage":0,"enemies":"Replay:Snechameleon","floor":24,"turns":4},{"damage":0,"enemies":"Book of Stabbing","floor":28,"turns":4},{"damage":0,"enemies":"Slavers","floor":29,"turns":3},{"damage":0,"enemies":"Gremlin Leader","floor":30,"turns":5},{"damage":0,"enemies":"Book of Stabbing","floor":31,"turns":3},{"damage":0,"enemies":"Automaton","floor":33,"turns":8},{"damage":0,"enemies":"Orb Walker","floor":35,"turns":2},{"damage":0,"enemies":"R_Hoarder","floor":40,"turns":2}],"seed_played":"8285635602265724229","potions_obtained":[{"floor":1,"key":"Explosive Potion"},{"floor":6,"key":"GamblersBrew"},{"floor":8,"key":"Adrenaline Potion"},{"floor":11,"key":"Fire Potion"},{"floor":13,"key":"SpeedPotion"}],"is_trial":true,"path_per_floor":["M","M","$","?","?","E","E","E","T","E","E","R","E","M","R","B",null,"M","?","?","?","?","E","E","?","T","R","E","E","E","E","R","B",null,"M","?","?","$","?","E"],"character_chosen":"THE_SERVANT","items_purchased":["Moonlight","Pan","PreservedInsect","MerchantsRug","Pen Nib"],"campfire_rested":0,"item_purchase_floors":[3,38,38,38,38],"current_hp_per_floor":[65,65,65,49,49,49,49,47,47,47,47,47,47,47,47,47,65,65,49,49,49,49,49,49,49,49,49,49,49,49,49,49,49,65,65,65,65,65,65,65,65],"gold":312,"neow_bonus":"","is_daily":false,"chose_seed":false,"campfire_upgraded":4,"win_rate":0.0,"timestamp":1610953192,"path_taken":["M","M","$","?","?","E","E","E","T","E","E","R","E","?","R","BOSS","M","?","?","?","?","E","E","?","T","R","E","E","E","E","R","BOSS","M","?","?","?","?","E"],"items_purchased_type":["Card","Relic","Relic","Relic","Relic"],"build_version":"2020-12-22","purchased_purges":0,"victory":false,"max_hp_per_floor":[65,65,65,65,65,65,65,65,65,65,65,65,65,65,65,65,65,65,65,65,65,65,65,65,65,65,65,65,65,65,65,65,65,65,65,65,65,65,65,65,65],"card_choices":[{"not_picked":["Reset","Replace"],"picked":"InstantArmor","floor":1},{"not_picked":["Defy","DoubleEdge"],"picked":"InstantArmor","floor":2},{"not_picked":["BottledTime","Gouge"],"picked":"SoulSculpture","floor":6},{"not_picked":["Read","Reset"],"picked":"Sabotage","floor":7},{"not_picked":["Alleviate","SpecialFormula"],"picked":"Ricochet","floor":8},{"not_picked":["Reset","Ricochet","TimeWarp"],"picked":"SKIP","floor":10},{"not_picked":["BottledTime","BestPractice","ReturningBlade"],"picked":"SKIP","floor":11},{"not_picked":["Defy","TimeWarp"],"picked":"TheWorld","floor":13},{"not_picked":["BestPractice","WasteNot","Spin"],"picked":"SKIP","floor":14},{"not_picked":["Alleviate","Replace","MoonPhase"],"picked":"SKIP","floor":18},{"not_picked":["Luminosity","Shuttle","Alleviate"],"picked":"SKIP","floor":23},{"not_picked":["Hightail+1","Manipulate","Potential"],"picked":"SKIP","floor":24},{"not_picked":["SpecialFormula","Hightail","Defy"],"picked":"SKIP","floor":28},{"not_picked":["BestPractice+1","Alleviate"],"picked":"SurpressingFire","floor":29},{"not_picked":["Defy","WasteNot+1"],"picked":"FlawlessForm","floor":30},{"not_picked":["Desolation","Spin","FanOfKnives"],"picked":"SKIP","floor":31},{"not_picked":["Duplication","TrueSight"],"picked":"SilverMatrix","floor":33},{"not_picked":["Potential","Contraction+1"],"picked":"SurpressingFire","floor":35}],"player_experience":207301,"relics_obtained":[{"floor":6,"key":"Potion Belt"},{"floor":7,"key":"Replay:Bottled Flurry"},{"floor":8,"key":"Mummified Hand"},{"floor":9,"key":"Oddly Smooth Stone"},{"floor":10,"key":"Regal Pillow"},{"floor":11,"key":"Sundial"},{"floor":13,"key":"Mercury Hourglass"},{"floor":19,"key":"Nilry\u0027s Codex"},{"floor":20,"key":"Red Mask"},{"floor":23,"key":"Orichalcum"},{"floor":24,"key":"Ornamental Fan"},{"floor":26,"key":"The Courier"},{"floor":28,"key":"Replay:Bottled Steam"},{"floor":29,"key":"Iron Hammer"},{"floor":30,"key":"Omamori"},{"floor":31,"key":"Blue Candle"}],"event_choices":[{"damage_healed":0,"gold_gain":0,"player_choice":"Take Damage","damage_taken":16,"relics_obtained":["Golden Idol"],"max_hp_gain":0,"max_hp_loss":0,"event_name":"Golden Idol","floor":4,"gold_loss":0},{"damage_healed":0,"gold_gain":0,"player_choice":"Obtained Book","damage_taken":16,"max_hp_gain":0,"max_hp_loss":0,"event_name":"Cursed Tome","floor":19,"gold_loss":0},{"damage_healed":0,"gold_gain":0,"player_choice":"Fought Bandits","damage_taken":0,"max_hp_gain":0,"max_hp_loss":0,"event_name":"Masked Bandits","floor":20,"gold_loss":0},{"damage_healed":0,"gold_gain":0,"player_choice":"Obtained Relic","damage_taken":0,"relics_obtained":["Smiling Mask"],"max_hp_gain":0,"max_hp_loss":0,"event_name":"Addict","floor":21,"gold_loss":85},{"damage_healed":0,"gold_gain":0,"player_choice":"Ignored","damage_taken":0,"max_hp_gain":0,"max_hp_loss":0,"event_name":"Ghosts","floor":22,"gold_loss":0},{"cards_removed":["Ricochet"],"damage_healed":0,"gold_gain":0,"player_choice":"Elegance","damage_taken":0,"max_hp_gain":0,"max_hp_loss":0,"event_name":"Back to Basics","floor":25,"gold_loss":0},{"damage_healed":0,"gold_gain":0,"player_choice":"Memory 1","damage_taken":0,"max_hp_gain":0,"max_hp_loss":0,"event_name":"SensoryStone","floor":36,"gold_loss":0},{"damage_healed":0,"gold_gain":0,"player_choice":"Upgrade","damage_taken":0,"relics_obtained":["Mark of the Bloom"],"max_hp_gain":0,"max_hp_loss":0,"event_name":"MindBloom","floor":37,"gold_loss":0,"cards_upgraded":["BottledTime","Desolation","Defy","Rearm","Rearm","Misdirection","Orbit","DancingSilver","InstantArmor","InstantArmor","Moonlight","Sabotage","Ricochet","GearUp","Misdirection","FlawlessForm","SilverMatrix","SurpressingFire"]},{"cards_removed":["BottledTime"],"damage_healed":0,"gold_gain":0,"player_choice":"Removal","damage_taken":0,"max_hp_gain":0,"max_hp_loss":0,"event_name":"Designer","floor":39,"gold_loss":90}],"is_beta":false,"boss_relics":[{"not_picked":["Replay:Bronze Core","Runic Dome"],"picked":"Sozu"},{"not_picked":["StoneMask","SlaversCollar"],"picked":"Philosopher\u0027s Stone"}],"items_purged_floors":[],"is_endless":false,"potions_floor_spawned":[1,6,8,11,13,28,29,31],"killed_by":"R_Hoarder","ascension_level":1}}