{"host":"oehe2dxjvdgux73m","time":1610959880,"event":{"mods":["AchievementEnabler","BaseMod","Colored Map","Colored Powertips","DeckTracker","Keyboard Shortcuts","Minty Spire (QoL Compilation)","Permanent Neow","Quick Restart","StSLib","SuperFastMode"],"gold_per_floor":[111,111,126,126,149,149,224,224,224,245,245,91,91,141,141,239,239,255,155,155,30,54,54,54,75,100,100,100],"floor_reached":27,"language":"KOR","playtime":467,"items_purged":["Strike_G","Strike_G","Strike_G"],"score":398,"play_id":"d5e6109e-85b9-447a-8505-7f522cd6de27","local_time":"20210118175120","is_ascension_mode":true,"campfire_choices":[{"data":"Neutralize","floor":6.0,"key":"SMITH"},{"floor":8.0,"key":"REST"},{"data":"Bouncing Flask","floor":11.0,"key":"SMITH"},{"data":"Deadly Poison","floor":13.0,"key":"SMITH"},{"floor":15.0,"key":"REST"},{"data":"Burst","floor":23.0,"key":"SMITH"}],"circlet_count":0,"master_deck":["AscendersBane","Strike_G","Defend_G","Defend_G","Defend_G","Defend_G","Defend_G","Survivor","Neutralize+1","Deadly Poison+1","Infinite Blades","Grand Finale","Bouncing Flask+1","Burst+1","Dagger Throw"],"relics":["Ring of the Snake","Boot","Golden Idol","Pantograph","SacredBark","Happy Flower"],"acts_visited":["Exordium","TheCity"],"potions_floor_usage":[],"damage_taken":[{"damage":5.0,"enemies":"Cultist","floor":1.0,"turns":4.0},{"damage":4.0,"enemies":"2 Louse","floor":3.0,"turns":2.0},{"damage":11.0,"enemies":"Jaw Worm","floor":5.0,"turns":4.0},{"damage":9.0,"enemies":"Red Slaver","floor":10.0,"turns":4.0},{"damage":23.0,"enemies":"The Guardian","floor":16.0,"turns":9.0},{"damage":31.0,"enemies":"Shell Parasite","floor":18.0,"turns":5.0},{"damage":9.0,"enemies":"Chosen","floor":22.0,"turns":4.0},{"damage":46,"enemies":"Shelled Parasite and Fungi","floor":25,"turns":8},{"damage":0,"enemies":"Snake Plant","floor":27,"turns":1}],"seed_played":"3753586299274111288","potions_obtained":[{"floor":1.0,"key":"Strength Potion"},{"floor":18.0,"key":"Strength Potion"}],"is_trial":false,"path_per_floor":["M","?","M","?","M","R","?","R","T","M","R","$","R","?","R","B",null,"M","$","?","$","M","R","$","M","T","M"],"character_chosen":"THE_SILENT","items_purchased":["Regen Potion"],"campfire_rested":2,"item_purchase_floors":[12],"current_hp_per_floor":[54,54,50,50,39,39,28,46,46,37,37,37,37,37,55,37,54,23,23,23,23,48,48,48,2,2,2,2],"gold":100,"neow_bonus":"RANDOM_COMMON_RELIC","is_daily":false,"chose_seed":false,"campfire_upgraded":4,"win_rate":0.0,"timestamp":1610959880,"path_taken":["M","?","M","?","M","R","?","R","T","?","R","?","R","?","R","BOSS","M","?","?","?","M","R","$","M","T","M"],"items_purchased_type":["Potion"],"build_version":"2020-12-22","purchased_purges":3,"victory":false,"max_hp_per_floor":[66,60,60,60,60,60,60,60,60,60,60,60,60,60,60,60,60,60,60,60,60,60,60,60,60,60,60,60],"card_choices":[{"not_picked":["Outmaneuver","Flying Knee"],"picked":"Deadly Poison","floor":1.0},{"not_picked":["Choke","Flying Knee"],"picked":"Infinite Blades","floor":3.0},{"not_picked":["Prepared","Acrobatics"],"picked":"Grand Finale","floor":5.0},{"not_picked":["Dodge and Roll","Poisoned Stab"],"picked":"Bouncing Flask","floor":10.0},{"not_picked":["Adrenaline","After Image"],"picked":"Burst","floor":16.0},{"not_picked":["Finisher","Bouncing Flask","Endless Agony"],"picked":"SKIP","floor":18.0},{"not_picked":["Bouncing Flask+1","Underhanded Strike","Dodge and Roll"],"picked":"SKIP","floor":22.0},{"not_picked":["Expertise","Skewer"],"picked":"Dagger Throw","floor":25}],"player_experience":283776,"relics_obtained":[{"floor":9.0,"key":"Pantograph"},{"floor":26,"key":"Happy Flower"}],"event_choices":[{"damage_healed":0.0,"max_hp_gain":0.0,"max_hp_loss":6.0,"gold_gain":0.0,"event_name":"Golden Idol","player_choice":"Lose Max HP","floor":2.0,"gold_loss":0.0,"damage_taken":0.0,"relics_obtained":["Golden Idol"]},{"damage_healed":0.0,"max_hp_gain":0.0,"max_hp_loss":0.0,"gold_gain":0.0,"event_name":"Liars Game","player_choice":"Ignored","floor":4.0,"gold_loss":0.0,"damage_taken":0.0},{"damage_healed":0.0,"max_hp_gain":0.0,"max_hp_loss":0.0,"gold_gain":75.0,"event_name":"World of Goop","player_choice":"Gather Gold","floor":7.0,"gold_loss":0.0,"damage_taken":11.0},{"damage_healed":0.0,"max_hp_gain":0.0,"max_hp_loss":0.0,"gold_gain":50.0,"event_name":"Golden Shrine","player_choice":"Pray","floor":14.0,"gold_loss":0.0,"damage_taken":0.0},{"cards_removed":["Strike_G"],"damage_healed":0.0,"max_hp_gain":0.0,"max_hp_loss":0.0,"gold_gain":0.0,"event_name":"Back to Basics","player_choice":"Elegance","floor":20.0,"gold_loss":0.0,"damage_taken":0.0}],"is_beta":false,"boss_relics":[{"not_picked":["Busted Crown","Runic Dome"],"picked":"SacredBark"}],"items_purged_floors":[12,19,21],"is_endless":false,"potions_floor_spawned":[1,18],"killed_by":"Snake Plant","ascension_level":20}}