{"host":"t6r1isv2bex5ovch","time":1610971211,"event":{"mods":["AchievementEnabler","Act Like it!","Aspiration","BaseMod","Better Altar","Better Match","Better Note","Better Sensory Stone","Better Skull","Better Third Choice","Better Vampires","Colored Powertips","Displayed Cursed Tome","Evolution","Fox Events","Hubris","Minty Spire (QoL Compilation)","StSLib","The Jungle"],"gold_per_floor":[109,34,53,53,70,104,122,150,204,204,104,122,149,166,166,265,265,279,279,219,219],"floor_reached":20,"language":"ENG","playtime":1121,"items_purged":["Defend_P","Defend_P"],"score":277,"play_id":"410f51d1-91ee-48d6-a77e-57cb5e165f30","local_time":"20210118220011","is_ascension_mode":true,"campfire_choices":[{"floor":10,"key":"RECALL"},{"data":"Eruption","floor":15,"key":"SMITH"}],"circlet_count":0,"master_deck":["FlyingSleeves","FlyingSleeves","FlyingSleeves","FlyingSleeves","ThirdEye","Defend_P","Eruption+1","Vigilance","Consecrate","Adaptation+1","Prostrate","DevaForm"],"relics":["PureWater","EVO:Axolotl","Pen Nib","Pantograph","Dream Catcher","VioletLotus","betterThird:NestCultRelic"],"acts_visited":["Exordium","TheCity"],"potions_floor_usage":[6,6,6,7,8,16,16],"damage_taken":[{"damage":0,"enemies":"Cultist","floor":1,"turns":2},{"damage":0,"enemies":"2 Louse","floor":3,"turns":1},{"damage":0,"enemies":"Jaw Worm","floor":5,"turns":2},{"damage":0,"enemies":"3 Sentries","floor":6,"turns":4},{"damage":0,"enemies":"3 Louse","floor":7,"turns":1},{"damage":32,"enemies":"Gremlin Nob","floor":8,"turns":3},{"damage":0,"enemies":"Looter","floor":12,"turns":2},{"damage":2,"enemies":"3 Sentries","floor":13,"turns":3},{"damage":10,"enemies":"Gremlin Gang","floor":14,"turns":2},{"damage":52,"enemies":"The Guardian","floor":16,"turns":7},{"damage":39,"enemies":"Shell Parasite","floor":18,"turns":3},{"damage":40,"enemies":"2 Thieves","floor":20,"turns":2}],"seed_played":"1986913212094767862","potions_obtained":[{"floor":5,"key":"EntropicBrew"},{"floor":7,"key":"PowerPotion"},{"floor":8,"key":"Regen Potion"},{"floor":13,"key":"Weak Potion"},{"floor":18,"key":"Strength Potion"}],"is_trial":false,"path_per_floor":["M","$","M","?","M","E","M","E","T","R","$","M","E","M","R","B",null,"M","?","M"],"character_chosen":"WATCHER","items_purchased":[],"campfire_rested":0,"item_purchase_floors":[],"current_hp_per_floor":[79,79,79,79,79,79,79,47,47,47,47,47,45,35,35,23,79,40,40,0,0],"gold":219,"neow_bonus":"TEN_PERCENT_HP_BONUS","is_daily":false,"chose_seed":false,"campfire_upgraded":1,"win_rate":0.0,"timestamp":1610971211,"path_taken":["M","?","M","?","M","E","?","E","T","R","$","M","E","M","R","BOSS","M","?","M"],"items_purchased_type":[],"build_version":"2020-12-22","purchased_purges":2,"victory":false,"max_hp_per_floor":[79,79,79,79,79,79,79,79,79,79,79,79,79,79,79,79,79,79,79,79,79],"card_choices":[{"not_picked":["FlurryOfBlows","ClearTheMind"],"picked":"Consecrate","floor":1},{"not_picked":["Vengeance","Meditate"],"picked":"Adaptation","floor":3},{"not_picked":["CrushJoints","CutThroughFate","WindmillStrike"],"picked":"SKIP","floor":5},{"not_picked":["Fasting2","CrushJoints","ClearTheMind"],"picked":"SKIP","floor":6},{"not_picked":["SashWhip","EmptyFist","CrushJoints"],"picked":"SKIP","floor":7},{"not_picked":["EmptyFist","PathToVictory","EmptyBody"],"picked":"SKIP","floor":8},{"not_picked":["EmptyBody","Brilliance","ThirdEye"],"picked":"SKIP","floor":12},{"not_picked":["ThirdEye","Brilliance"],"picked":"Prostrate","floor":13},{"not_picked":["Nirvana","Sanctity","Tantrum"],"picked":"SKIP","floor":14},{"not_picked":["Judgement","MasterReality"],"picked":"DevaForm","floor":16},{"not_picked":["ThirdEye","Adaptation","FlurryOfBlows"],"picked":"SKIP","floor":18}],"player_experience":347771,"relics_obtained":[{"floor":6,"key":"Pen Nib"},{"floor":8,"key":"Pantograph"},{"floor":13,"key":"Dream Catcher"}],"event_choices":[{"damage_healed":0,"gold_gain":0,"player_choice":"Upgraded","damage_taken":0,"max_hp_gain":0,"max_hp_loss":0,"event_name":"Upgrade Shrine","floor":4,"gold_loss":0,"cards_upgraded":["Adaptation"]},{"damage_healed":0,"gold_gain":0,"player_choice":"Madness","damage_taken":0,"relics_obtained":["betterThird:NestCultRelic"],"max_hp_gain":0,"max_hp_loss":0,"event_name":"betterThird:BetterNest","floor":19,"gold_loss":0}],"is_beta":false,"boss_relics":[{"not_picked":["aspiration:FutureDiary","Philosopher\u0027s Stone"],"picked":"VioletLotus"}],"items_purged_floors":[2,11],"is_endless":false,"potions_floor_spawned":[5,7,8,13,18],"killed_by":"2 Thieves","ascension_level":3}}