{"host":"1q02rw1wpi0nrsss","time":1610964440,"event":{"mods":["AchievementEnabler","BaseMod","Better Note","Custom Start","Dark Map","DeckTracker","Disable Question Mark Monsters","Minty Spire (QoL Compilation)","Permanent Neow","Quick Restart","Rare Cards Sparkle","Relic Stats","StSLib"],"gold_per_floor":[114,132,63,76,1,31,31,12,83,99,119,119,119],"floor_reached":12,"language":"ENG","playtime":473,"items_purged":["Strike_R"],"score":127,"play_id":"aa20beb3-9104-438e-92f4-57badd7fb2b7","local_time":"20210118020720","is_ascension_mode":true,"campfire_choices":[{"data":"Armaments","floor":7.0,"key":"SMITH"}],"circlet_count":0,"master_deck":["AscendersBane","Strike_R","Strike_R","Strike_R","Strike_R","Defend_R","Defend_R","Defend_R","Defend_R","Bash","Barricade","Body Slam","Armaments+1","Disarm","Ghostly Armor","Rampage"],"relics":["Burning Blood","WingedGreaves","Letter Opener"],"acts_visited":["Exordium"],"potions_floor_usage":[12],"damage_taken":[{"damage":5.0,"enemies":"Small Slimes","floor":1.0,"turns":3.0},{"damage":8.0,"enemies":"2 Louse","floor":2.0,"turns":3.0},{"damage":5.0,"enemies":"Cultist","floor":4.0,"turns":4.0},{"damage":46.0,"enemies":"3 Sentries","floor":6.0,"turns":17.0},{"damage":17.0,"enemies":"Exordium Thugs","floor":8.0,"turns":4.0},{"damage":3.0,"enemies":"3 Louse","floor":10.0,"turns":2.0},{"damage":3.0,"enemies":"Blue Slaver","floor":11.0,"turns":5.0},{"damage":29,"enemies":"Gremlin Nob","floor":12,"turns":3}],"seed_played":"6687648636804991276","potions_obtained":[{"floor":6.0,"key":"Explosive Potion"},{"floor":8.0,"key":"GamblersBrew"},{"floor":10.0,"key":"GamblersBrew"}],"is_trial":false,"path_per_floor":["M","M","$","M","$","E","R","M","T","M","M","E"],"character_chosen":"IRONCLAD","items_purchased":["Disarm"],"campfire_rested":0,"item_purchase_floors":[3],"current_hp_per_floor":[73,71,71,72,72,32,32,21,21,24,27,0,0],"gold":119,"neow_bonus":"ONE_RANDOM_RARE_CARD","is_daily":false,"chose_seed":false,"campfire_upgraded":1,"win_rate":0.0,"timestamp":1610964440,"path_taken":["M","M","$","M","$","E","R","M","T","M","M","E"],"items_purchased_type":["Card"],"build_version":"2020-12-22","purchased_purges":1,"victory":false,"max_hp_per_floor":[80,80,80,80,80,80,80,80,80,80,80,80,80],"relic_stats":{"counters":[8,41],"Letter Opener":[0],"obtain_stats":[{"WingedGreaves":6,"Letter Opener":9,"Burning Blood":0},{"WingedGreaves":4,"Letter Opener":5,"Burning Blood":0},{"WingedGreaves":27,"Letter Opener":31,"Burning Blood":0}],"Burning Blood":42},"card_choices":[{"not_picked":["Cleave","Warcry"],"picked":"Body Slam","floor":1.0},{"not_picked":["Hemokinesis","Reckless Charge"],"picked":"Armaments","floor":2.0},{"not_picked":["Rage","Uppercut"],"picked":"Ghostly Armor","floor":4.0},{"not_picked":["Flex","Clothesline"],"picked":"Rampage","floor":6.0},{"not_picked":["Bloodletting","Anger","Armaments"],"picked":"SKIP","floor":8.0},{"not_picked":["Dark Embrace","Sever Soul","Body Slam"],"picked":"SKIP","floor":10.0},{"not_picked":["Fire Breathing","Anger","Body Slam"],"picked":"SKIP","floor":11.0}],"player_experience":408789,"relics_obtained":[{"floor":6.0,"key":"WingedGreaves"},{"floor":9.0,"key":"Letter Opener"}],"event_choices":[],"is_beta":false,"boss_relics":[],"items_purged_floors":[5],"is_endless":false,"potions_floor_spawned":[6,8,10],"killed_by":"Gremlin Nob","ascension_level":11}}