{"host":"0zwwzr7xjr1wfyy3","time":1610959125,"event":{"mods":["BaseMod","Downfall","Hermit","Marisa????????","Minty Spire (QoL Compilation)","StSLib","The Cursed","The Servant 0.9.4","Waifu the Spire"],"gold_per_floor":[112,22,22,40,5,5,5,39,65,82,82,108,108,59,59,164,164,184,283,313,328,237,263,263,263,288,288,302,302,317,333,333,430,430,442,46,64,78,93,93,118,118,118,118,132,163,173,187,187,187,187],"floor_reached":50,"language":"ENG","playtime":4044,"items_purged":[],"score":687,"play_id":"113a8f51-e3ad-4338-91c6-8c8ce658799c","local_time":"20210118003845","is_ascension_mode":true,"campfire_choices":[{"data":"SilverBlades","floor":6,"key":"SMITH"},{"data":"BestPractice","floor":11,"key":"SMITH"},{"data":"KidneyShot","floor":13,"key":"SMITH"},{"data":"InstantArmor","floor":15,"key":"SMITH"},{"floor":27,"key":"REST"},{"data":"Starlight","floor":29,"key":"SMITH"},{"data":"FanOfKnives","floor":32,"key":"SMITH"},{"floor":40,"key":"REST"},{"floor":42,"key":"REST"},{"floor":44,"key":"REST"},{"floor":49,"key":"REST"}],"circlet_count":0,"master_deck":["Strike_S","Strike_S","Strike_S","Defend_S+1","Defend_S","Defend_S","Defend_S","KidneyShot+1","Exchange","Rearm+1","SurpressingFire","Potential","InstantArmor+1","SilverBlades+1","Comet","BestPractice+1","SilverBlades","Alleviate","Barrier","TrueSight","Alleviate+1","Ricochet","Starlight+1","Bandage Up","Sunlight","Writhe","Contraction","Starlight+1","Deadline","FanOfKnives+1","Sunlight","KillingDoll","SilverBlades","Discovery","Ricochet","Parasite","TimeWarp+1","SilverBlades","BottledTime","FanOfKnives+1","Moonlight+1","Moonlight","Defy+1","TimeTheft+1","MurderousAura","Parasite","Replace+1"],"relics":["SplendidAttire","NeowsBlessing","War Paint","Centennial Puzzle","Boot","Red Mask","Dream Catcher","HornCleat","Bag of Marbles","SacredBark","Bag of Preparation","KneeBrace","Strawberry","Pen Nib"],"acts_visited":["Exordium","TheCity","TheBeyond"],"potions_floor_usage":[20,41,41],"damage_taken":[{"damage":0,"enemies":"2 Louse","floor":1,"turns":1},{"damage":0,"enemies":"Cultist","floor":4,"turns":1},{"damage":0,"enemies":"Small Slimes","floor":7,"turns":1},{"damage":0,"enemies":"Lagavulin","floor":8,"turns":7},{"damage":3,"enemies":"2 Fungi Beasts","floor":10,"turns":4},{"damage":10,"enemies":"Gremlin Nob","floor":12,"turns":4},{"damage":4,"enemies":"Hexaghost","floor":16,"turns":10},{"damage":11,"enemies":"Chosen","floor":18,"turns":5},{"damage":21,"enemies":"Masked Bandits","floor":20,"turns":8},{"damage":0,"enemies":"3 Byrds","floor":21,"turns":4},{"damage":0,"enemies":"Book of Stabbing","floor":23,"turns":6},{"damage":8,"enemies":"Snake Plant","floor":28,"turns":5},{"damage":0,"enemies":"Cultist and Chosen","floor":30,"turns":4},{"damage":0,"enemies":"Centurion and Healer","floor":31,"turns":5},{"damage":12,"enemies":"Automaton","floor":33,"turns":12},{"damage":3,"enemies":"3 Darklings","floor":35,"turns":3},{"damage":0,"enemies":"Orb Walker","floor":37,"turns":4},{"damage":16,"enemies":"Writhing Mass","floor":38,"turns":8},{"damage":52,"enemies":"Transient","floor":39,"turns":5},{"damage":0,"enemies":"Giant Head","floor":41,"turns":4},{"damage":2,"enemies":"Sphere and 2 Shapes","floor":45,"turns":3},{"damage":30,"enemies":"Nemesis","floor":46,"turns":7},{"damage":6,"enemies":"Maw","floor":47,"turns":6},{"damage":1,"enemies":"Writhing Mass","floor":48,"turns":8},{"damage":75,"enemies":"Time Eater","floor":50,"turns":8}],"seed_played":"-6520697537605463157","potions_obtained":[{"floor":4,"key":"AttackPotion"},{"floor":8,"key":"SneckoOil"},{"floor":10,"key":"DistilledChaos"},{"floor":12,"key":"Block Potion"},{"floor":21,"key":"EntropicBrew"},{"floor":23,"key":"FearPotion"},{"floor":45,"key":"EssenceOfSteel"},{"floor":46,"key":"Explosive Potion"}],"is_trial":false,"path_per_floor":["M","$","?","M","$","R","M","E","T","M","R","E","R","?","R","B",null,"M","?","?","M","$","E","?","?","T","R","M","R","M","M","R","B",null,"M","$","M","M","M","R","E","R","T","R","M","E","M","M","R","B"],"character_chosen":"THE_SERVANT","items_purchased":["SurpressingFire","Potential","Comet","Bandage Up","KillingDoll","Bag of Preparation","SilverBlades","Discovery"],"campfire_rested":5,"item_purchase_floors":[2,2,5,22,36,36,36,36],"current_hp_per_floor":[65,65,65,65,65,65,65,65,65,62,62,52,52,52,52,48,65,54,54,33,33,33,39,39,39,39,58,56,56,60,64,64,56,65,65,65,65,55,7,26,30,49,56,72,70,42,40,43,64,0,0],"gold":187,"neow_bonus":"THREE_ENEMY_KILL","is_daily":false,"chose_seed":false,"campfire_upgraded":6,"win_rate":0.0,"timestamp":1610959125,"path_taken":["M","$","?","M","?","R","?","E","T","M","R","E","R","?","R","BOSS","M","?","?","M","$","E","?","?","T","R","M","R","?","M","R","BOSS","M","$","M","M","M","R","E","R","T","R","M","E","?","M","R","BOSS"],"items_purchased_type":["Card","Card","Card","Card","Card","Relic","Card","Card"],"build_version":"2020-12-22","purchased_purges":0,"victory":false,"max_hp_per_floor":[65,65,65,65,65,65,65,65,65,65,65,65,65,65,65,65,65,65,65,65,65,65,65,65,65,65,65,65,65,65,65,65,65,65,65,65,65,65,65,65,65,65,72,72,72,72,72,72,72,72,72],"card_choices":[{"not_picked":["DoubleEdge","RealityMarble"],"picked":"Rearm","floor":1},{"not_picked":["Unruled","Potential"],"picked":"SilverBlades","floor":4},{"not_picked":["Ricochet","InstantArmor"],"picked":"BestPractice","floor":7},{"not_picked":["Hightail","ShatteredReality"],"picked":"SilverBlades","floor":8},{"not_picked":["Revamp","Snipe"],"picked":"Alleviate","floor":10},{"not_picked":["DoubleEdge","Reset"],"picked":"Barrier","floor":12},{"not_picked":["Solidify","Deny"],"picked":"TrueSight","floor":16},{"not_picked":["DoubleEdge","TimeWarp+1"],"picked":"Alleviate+1","floor":18},{"not_picked":["InstantArmor+1","Replace+1"],"picked":"Ricochet","floor":20},{"not_picked":["Alleviate","InstantArmor"],"picked":"Starlight","floor":21},{"not_picked":["Dilation","Reset"],"picked":"Sunlight","floor":23},{"not_picked":["Spin","BottledTime"],"picked":"Contraction","floor":27},{"not_picked":["TimeWarp+1","ShatteredReality"],"picked":"Starlight+1","floor":28},{"not_picked":["Hightail","Shuttle"],"picked":"Deadline","floor":30},{"not_picked":["Revamp","SilverBlades+1"],"picked":"FanOfKnives","floor":31},{"not_picked":["Initiator","Duplication"],"picked":"Sunlight","floor":33},{"not_picked":["Rewind","Replace","MoonPhase"],"picked":"SKIP","floor":35},{"not_picked":["Replace+1","BottledTime+1"],"picked":"Ricochet","floor":37},{"not_picked":["Rewind+1","ShatteredReality"],"picked":"TimeWarp+1","floor":38},{"not_picked":["ShatteredReality+1","Manipulate"],"picked":"SilverBlades","floor":39},{"not_picked":["Solidify","Revamp"],"picked":"BottledTime","floor":40},{"not_picked":["Rearm","ReturningBlade"],"picked":"FanOfKnives+1","floor":41},{"not_picked":["Alleviate+1","Rewind+1"],"picked":"Moonlight+1","floor":42},{"not_picked":["ShatteredReality+1","Foresight+1"],"picked":"Moonlight","floor":44},{"not_picked":["Rewind+1","Spin"],"picked":"Defy+1","floor":45},{"not_picked":["BottledTime+1","Moonlight+1"],"picked":"TimeTheft+1","floor":46},{"not_picked":["Rearm","Revamp"],"picked":"MurderousAura","floor":47},{"not_picked":["Gouge+1","Deadline"],"picked":"Replace+1","floor":48}],"player_experience":34733,"relics_obtained":[{"floor":8,"key":"War Paint"},{"floor":9,"key":"Centennial Puzzle"},{"floor":12,"key":"Boot"},{"floor":20,"key":"Red Mask"},{"floor":23,"key":"Dream Catcher"},{"floor":26,"key":"Bag of Marbles"},{"floor":41,"key":"KneeBrace"},{"floor":43,"key":"Strawberry"},{"floor":46,"key":"Pen Nib"}],"event_choices":[{"damage_healed":0,"gold_gain":0,"cards_transformed":["Strike_S"],"player_choice":"Transformed","damage_taken":0,"max_hp_gain":0,"max_hp_loss":0,"event_name":"Transmorgrifier","floor":3,"gold_loss":0,"cards_obtained":["InstantArmor"]},{"damage_healed":0,"gold_gain":0,"player_choice":"Left Gold","damage_taken":0,"max_hp_gain":0,"max_hp_loss":0,"event_name":"World of Goop","floor":14,"gold_loss":49},{"damage_healed":0,"gold_gain":99,"player_choice":"Stole From Cult","damage_taken":0,"max_hp_gain":0,"max_hp_loss":0,"event_name":"Nest","floor":19,"gold_loss":0},{"damage_healed":0,"gold_gain":0,"player_choice":"Fought Bandits","damage_taken":0,"max_hp_gain":0,"max_hp_loss":0,"event_name":"Masked Bandits","floor":20,"gold_loss":0},{"damage_healed":0,"gold_gain":0,"player_choice":"Opened","damage_taken":0,"relics_obtained":["HornCleat"],"max_hp_gain":0,"max_hp_loss":0,"event_name":"The Mausoleum","floor":24,"gold_loss":0,"cards_obtained":["Writhe"]}],"is_beta":false,"boss_relics":[{"not_picked":["Snecko Eye","Busted Crown"],"picked":"SplendidAttire"},{"not_picked":["Cursed Key","Runic Pyramid"],"picked":"SacredBark"}],"items_purged_floors":[],"is_endless":false,"potions_floor_spawned":[4,8,10,12,21,23,33,37,38,39,45,46],"killed_by":"Time Eater","ascension_level":1}}