{"host":"w05x4i13f2m9joq1","time":1610952517,"event":{"mods":["Act Like it!","Bard","BaseMod","Better Altar","Better Match","Better Note","Better Sensory Stone","Better Skull","Better Third Choice","BetterRewards","Colored Map","Colored Powertips","Duelist Mod","GifTheSpireLib","Googly Eyes","Ironclad Rager","Lobotomy","LobotomyExtend","Marisa????????","Minty Spire (QoL Compilation)","Replay The Spire","Spire Birthday Party","StSLib","The Bug Knight","The Construct","The Hierophant","The IronCluck","The Mystic","TheBandit","everything is the same but u backflip on backflip","slay the spire mod where everything is the same but ironclad has a cowboy hat"],"gold_per_floor":[142,95,95,107,107,133,133,147,197,197,227,227,1,0,0,95,95,109,109,109,120,120,120,20,49,49,69,69,100,100,130,130,84,84,185,185,195,0,47,62,75,75,109,109,109,20,43,43,58,84,95,111,111,111,111],"floor_reached":56,"language":"ENG","playtime":2557,"items_purged":["Spreading Infection","theDuelist:CurseArmaments"],"score":1253,"play_id":"a84f85a2-fa81-467a-aea3-848b5a47ae47","local_time":"20210118014837","is_ascension_mode":true,"campfire_choices":[{"data":"theDuelist:ToonWorld","floor":12,"key":"SMITH"},{"floor":15,"key":"DIG"},{"data":"theDuelist:TrapHole","floor":26,"key":"SMITH"},{"data":"theDuelist:ToonTable","floor":32,"key":"SMITH"},{"data":"theDuelist:Hinotama+1","floor":34,"key":"SMITH"},{"data":"theDuelist:ToonAncientGear","floor":42,"key":"SMITH"},{"data":"theDuelist:ToonBriefcase","floor":48,"key":"SMITH"},{"data":"theDuelist:Hinotama+2","floor":53,"key":"SMITH"}],"circlet_count":0,"master_deck":["theDuelist:Sparks","theDuelist:Metronome+1","theDuelist:RedEyesToon","theDuelist:BloodSparks","theDuelist:ToonMask+1","theDuelist:RedEyesToon","Enlightenment","theDuelist:ToonAncientGear+1","theDuelist:Hinotama+3","theDuelist:ToonWorld+1","theDuelist:TrapHole+1","theDuelist:CastleWalls","theDuelist:ToonMermaid","theDuelist:RedEyesToon+1","theDuelist:GracefulCharity+1","theDuelist:ToonAncientGear","theDuelist:ToonBriefcase+1","theDuelist:ToonMermaid+1","theDuelist:ForbiddenLance"],"relics":["theDuelist:MillenniumPuzzle","theDuelist:CardPoolRelic","theDuelist:CardPoolBasicRelic","theDuelist:BoosterPackPoolRelic","theDuelist:CardPoolAddRelic","theDuelist:CardPoolMinusRelic","theDuelist:CardPoolSaveRelic","theDuelist:CardPoolOptionsRelic","LetterFromLob","ReplayTheSpireMod:Ring of Challenge","ReplayTheSpireMod:Ring of Exchange","InkBottle","theDuelist:MillenniumArmor","theDuelist:ElectricBurst","Pen Nib","Pet Ghost","Coffee Dripper","theDuelist:MillenniumRod","Replay:Baseball","Blue Candle","theDuelist:SummonAnchor","theDuelist:ArmorPlateA","theDuelist:FatMaxHPRelic","theDuelist:MillenniumRod","MealTicket","theDuelist:YugiMirror","Whetstone","Eternal Feather"],"acts_visited":["Exordium","TheCity","TheBeyond"],"potions_floor_usage":[16,43],"damage_taken":[{"damage":1,"enemies":"Cultist","floor":1,"turns":3},{"damage":11,"enemies":"Jaw Worm","floor":4,"turns":3},{"damage":20,"enemies":"Gremlin Nob","floor":6,"turns":3},{"damage":15,"enemies":"2 Louse","floor":8,"turns":3},{"damage":10,"enemies":"Fading Forest","floor":16,"turns":11},{"damage":0,"enemies":"Spheric Guardian","floor":18,"turns":1},{"damage":5,"enemies":"2 Thieves","floor":21,"turns":4},{"damage":11,"enemies":"theDuelist:KaibaA2","floor":25,"turns":3},{"damage":7,"enemies":"Chosen and Byrds","floor":27,"turns":3},{"damage":16,"enemies":"HollowMod:Nosk","floor":29,"turns":3},{"damage":0,"enemies":"theDuelist:KaibaA2","floor":31,"turns":4},{"damage":0,"enemies":"Pondfish","floor":35,"turns":6},{"damage":0,"enemies":"3 Shapes","floor":37,"turns":1},{"damage":9,"enemies":"Orb Walker","floor":40,"turns":3},{"damage":0,"enemies":"Sphere and 2 Shapes","floor":41,"turns":3},{"damage":30,"enemies":"Reptomancer","floor":43,"turns":4},{"damage":5,"enemies":"3 Darklings","floor":49,"turns":2},{"damage":12,"enemies":"R_Hoarder","floor":50,"turns":5},{"damage":3,"enemies":"Jaw Worm Horde","floor":51,"turns":3},{"damage":7,"enemies":"Transient","floor":52,"turns":5},{"damage":60,"enemies":"Replay:Hell Engine","floor":54,"turns":7}],"seed_played":"2023393248834585609","potions_obtained":[{"floor":1,"key":"Fire Potion"},{"floor":6,"key":"theDuelist:SteelBrew"},{"floor":16,"key":"Adrenaline Potion"},{"floor":21,"key":"FearPotion"},{"floor":37,"key":"theDuelist:BurningPotion"},{"floor":51,"key":"Dexterity Potion"},{"floor":52,"key":"theDuelist:FireBottle"}],"is_trial":false,"path_per_floor":["M","$","?","M","?","E","?","M","T","E","?","R","$","?","R_BF","B",null,"M","?","?","M","PTL","PTL","$","E","R","M","T","E","$","E","R","$","R","B",null,"M","?","T","M","M","R","E","PTL","PTL","$","T","R","M","E","M","M","R","B",null,null],"character_chosen":"THE_DUELIST","items_purchased":["theDuelist:ToonMermaid","Pen Nib","theDuelist:ToonAncientGear","theDuelist:ToonAncientGear","theDuelist:ToonBriefcase"],"campfire_rested":0,"item_purchase_floors":[2,13,33,46,46],"current_hp_per_floor":[79,79,79,68,68,52,60,45,45,45,45,45,45,51,51,49,86,84,84,84,79,79,79,79,68,68,61,61,45,45,45,45,45,45,45,272,270,270,270,261,261,261,231,231,231,246,246,246,241,229,226,219,228,168,168],"gold":111,"neow_bonus":"TRANSFORM_CARD","is_daily":false,"chose_seed":false,"campfire_upgraded":7,"win_rate":0.0,"timestamp":1610952517,"path_taken":["M","$","?","?","?","E","?","M","T","E","?","R","$","?","R_BF","BOSS","M","?","?","M","PTL","PTL","$","E","R","M","T","E","$","E","R","$","R","BOSS","M","?","?","M","M","R","E","PTL","PTL","$","T","R","M","E","M","M","R","BOSS"],"items_purchased_type":["Card","Relic","Card","Card","Card"],"build_version":"2020-12-22","purchased_purges":2,"victory":true,"max_hp_per_floor":[80,80,80,80,80,84,84,82,82,82,82,82,82,88,88,86,86,84,84,84,82,82,82,82,80,80,78,78,76,76,74,74,74,74,72,272,270,270,270,270,270,270,270,270,270,270,270,270,270,270,270,270,270,270,270],"card_choices":[{"not_picked":["theDuelist:SpellShatteringArrow","theDuelist:CheerfulCoffin","theDuelist:ToonBarrelDragon","theDuelist:RedEyesToon"],"picked":"theDuelist:TrapHole","floor":1},{"not_picked":["theDuelist:ToonBarrelDragon","theDuelist:BlueBloodedOni","theDuelist:RainbowKuriboh","theDuelist:RedHeadedOni"],"picked":"theDuelist:RedEyesToon","floor":4},{"not_picked":["theDuelist:ToonDefense","theDuelist:Cloning","theDuelist:MagicalStone+1","theDuelist:DianKeto+1"],"picked":"theDuelist:Hinotama+1","floor":6},{"not_picked":["theDuelist:SpellShatteringArrow","theDuelist:RedEyesToon","theDuelist:ToonBarrelDragon","theDuelist:ToonDarkMagician"],"picked":"theDuelist:ToonMermaid","floor":8},{"not_picked":["theDuelist:SpellShatteringArrow","theDuelist:MangaRyuRan","theDuelist:ToonBarrelDragon","theDuelist:ComicHand+1"],"picked":"theDuelist:RedEyesToon","floor":18},{"not_picked":["theDuelist:RedEyesToon","theDuelist:ToonBarrelDragon","theDuelist:FlyingSaucer+1","theDuelist:CheerfulCoffin+1"],"picked":"theDuelist:BlueEyesToon","floor":21},{"not_picked":["theDuelist:FeatherShot","theDuelist:MillenniumShield","theDuelist:Raigeki","theDuelist:TheCreator+1"],"picked":"theDuelist:Metronome+1","floor":25},{"not_picked":["theDuelist:FeatherShot","theDuelist:ToonMaskedSorcerer"],"picked":"theDuelist:ToonMask","floor":27},{"not_picked":["theDuelist:ToonBriefcase","theDuelist:ToonCannonSoldier","theDuelist:ToonWorld","theDuelist:ToonKingdom"],"picked":"theDuelist:TrapHole+1","floor":29},{"not_picked":["theDuelist:RedEyesToon","theDuelist:ToonBarrelDragon","theDuelist:CheerfulCoffin","theDuelist:ToonDarkMagician"],"picked":"theDuelist:ToonAncientGear","floor":31},{"not_picked":["theDuelist:FeatherShot","theDuelist:SwordsConcealing","theDuelist:RainbowJar+1","theDuelist:SolemnStrike"],"picked":"theDuelist:UltraPolymerization","floor":35},{"not_picked":["theDuelist:DokiDoki+1","theDuelist:EarthEffigy+1","theDuelist:EarthquakeGiant+1","theDuelist:GemElephant+1","theDuelist:GiantSoldierSteel"],"picked":"SKIP","floor":37},{"not_picked":["theDuelist:SpellShatteringArrow","theDuelist:MangaRyuRan+1","theDuelist:ToonBarrelDragon+1","theDuelist:ToonMask"],"picked":"theDuelist:ToonMermaid","floor":40},{"not_picked":["theDuelist:DestroyerGolem","theDuelist:EarthquakeGiant","theDuelist:GolemSentry+1","theDuelist:MudGolem+1","theDuelist:RainbowOverdragon+1"],"picked":"SKIP","floor":41},{"not_picked":["theDuelist:ToonDarkMagician","theDuelist:TributeDoomed+1","theDuelist:ToonGoblin","theDuelist:HeartUnderdog"],"picked":"theDuelist:GracefulCharity+1","floor":43},{"not_picked":["theDuelist:MagicCylinder+1","theDuelist:SolemnStrike","theDuelist:WingedKuribohLv10","theDuelist:YamiForm","theDuelist:YellowBelliedOni"],"picked":"SKIP","floor":49},{"not_picked":["theDuelist:RedEyesToon+1","theDuelist:FlyingSaucer+1","theDuelist:ToonAncientGear+1","theDuelist:ToonMaskedSorcerer"],"picked":"theDuelist:ToonMermaid+1","floor":50},{"not_picked":["theDuelist:Blockman+1","theDuelist:MillenniumShield","theDuelist:Raigeki","theDuelist:SmashingGround","theDuelist:YellowBelliedOni"],"picked":"SKIP","floor":51},{"not_picked":["theDuelist:Blockman+1","theDuelist:Mathematician","theDuelist:RainbowJar","theDuelist:WingedKuribohLv10"],"picked":"theDuelist:ForbiddenLance","floor":52}],"player_experience":92545,"relics_obtained":[{"floor":1,"key":"LetterFromLob"},{"floor":5,"key":"ReplayTheSpireMod:Ring of Challenge"},{"floor":5,"key":"ReplayTheSpireMod:Ring of Exchange"},{"floor":6,"key":"InkBottle"},{"floor":9,"key":"theDuelist:MillenniumArmor"},{"floor":15,"key":"Pet Ghost"},{"floor":25,"key":"Replay:Baseball"},{"floor":28,"key":"Blue Candle"},{"floor":29,"key":"theDuelist:SummonAnchor"},{"floor":31,"key":"theDuelist:ArmorPlateA"},{"floor":39,"key":"MealTicket"},{"floor":43,"key":"theDuelist:YugiMirror"},{"floor":47,"key":"Whetstone"},{"floor":50,"key":"Eternal Feather"}],"event_choices":[{"damage_healed":0,"gold_gain":0,"player_choice":"Leave","duelist":true,"damage_taken":0,"max_hp_gain":0,"max_hp_loss":0,"event_name":"Tomb of the Nameless","floor":3,"gold_loss":0},{"damage_healed":0,"gold_gain":30,"player_choice":"Searched \u00273\u0027 times","damage_taken":0,"relics_obtained":["theDuelist:ElectricBurst"],"max_hp_gain":0,"max_hp_loss":0,"event_name":"Dead Adventurer","floor":11,"gold_loss":0},{"damage_healed":0,"gold_gain":0,"player_choice":"RENOUNCE","damage_taken":1,"max_hp_gain":0,"max_hp_loss":0,"event_name":"betterThird:BetterSerpent","floor":14,"gold_loss":1,"cards_obtained":["Enlightenment"]},{"damage_healed":0,"gold_gain":0,"player_choice":"Leave","duelist":true,"damage_taken":0,"max_hp_gain":0,"max_hp_loss":0,"event_name":"Egyptian Village","floor":19,"gold_loss":0},{"damage_healed":0,"gold_gain":0,"player_choice":"Took item - Received: Millennium Rod","duelist":true,"damage_taken":0,"max_hp_gain":0,"max_hp_loss":0,"event_name":"Millennium Items","floor":20,"gold_loss":0},{"damage_healed":0,"gold_gain":0,"player_choice":"Duplicated Relic - Millennium Rod","duelist":true,"damage_taken":0,"max_hp_gain":0,"max_hp_loss":0,"event_name":"Relic Duplicator","floor":38,"gold_loss":0}],"is_beta":false,"boss_relics":[{"not_picked":["Snecko Eye","TwistedFunnel"],"picked":"Coffee Dripper"},{"not_picked":["Replay:Wanted Poster","Raider\u0027s Mask"],"picked":"theDuelist:FatMaxHPRelic"}],"items_purged_floors":[13,24],"is_endless":false,"potions_floor_spawned":[1,6,16,21,25,37,41,51,52],"ascension_level":3}}