{"host":"04hh9gplt9wkfmr1","time":1610933801,"event":{"mods":["AchievementEnabler","BaseMod","Colored Map","KOR Keyword Fix","Minty Spire (QoL Compilation)","Rare Cards Sparkle","SuperFastMode"],"gold_per_floor":[116,116,116,127,144,144,174,174,197,228,228,240,272,283,283,387,387,407,332,347,366,97,97,131,131,182,212,127,157,173,184,184,289,289,305,355,56,56,73,73,85,112,112,112,129,144,144,155,155,155],"floor_reached":51,"language":"KOR","playtime":1666,"items_purged":["Defend_B","Defend_B"],"score":946,"play_id":"d7ec687b-cf92-4e10-bb82-6cfbbab8a576","local_time":"20210118103641","is_ascension_mode":true,"campfire_choices":[{"data":"Zap","floor":6.0,"key":"SMITH"},{"data":"Dualcast","floor":8.0,"key":"SMITH"},{"data":"Reboot","floor":11.0,"key":"SMITH"},{"floor":15.0,"key":"REST"},{"data":"Panache","floor":23.0,"key":"SMITH"},{"data":"All For One","floor":25.0,"key":"SMITH"},{"floor":32.0,"key":"REST"},{"data":"1","floor":40.0,"key":"LIFT"},{"floor":44,"key":"REST"},{"data":"2","floor":47,"key":"LIFT"},{"floor":49,"key":"REST"}],"circlet_count":0,"master_deck":["Strike_B","Strike_B+1","Strike_B","Defend_B+1","Defend_B","Zap+1","Dualcast+1","All For One+1","Go for the Eyes+1","Hologram","Steam","Chill","Reboot+1","Hologram","Steam","Beam Cell","All For One","Capacitor+1","Glacier","Cold Snap","Panache+1","Melter+1","Stack","Beam Cell+1","Gash","Compile Driver","Electrodynamics","Heatsinks+1","Cold Snap+1","Core Surge","Capacitor","Rebound","Pain","Steam","Beam Cell+1","Hologram+1","Parasite","All For One","Gash+1"],"relics":["Cracked Core","Smiling Mask","MealTicket","Bronze Scales","DataDisk","Black Star","Mercury Hourglass","Darkstone Periapt","Bag of Preparation","Whetstone","Du-Vu Doll","Vajra","Bag of Marbles","Shuriken","SlaversCollar","Girya","WarpedTongs","Bottled Lightning","Nunchaku","Kunai"],"acts_visited":["Exordium","TheCity","TheBeyond"],"potions_floor_usage":[42,48,50],"damage_taken":[{"damage":0.0,"enemies":"Small Slimes","floor":1.0,"turns":4.0},{"damage":0.0,"enemies":"Cultist","floor":4.0,"turns":3.0},{"damage":2.0,"enemies":"Jaw Worm","floor":5.0,"turns":3.0},{"damage":14.0,"enemies":"Lagavulin","floor":7.0,"turns":7.0},{"damage":0.0,"enemies":"Gremlin Nob","floor":10.0,"turns":3.0},{"damage":0.0,"enemies":"Blue Slaver","floor":12.0,"turns":2.0},{"damage":7.0,"enemies":"3 Sentries","floor":13.0,"turns":3.0},{"damage":0.0,"enemies":"2 Fungi Beasts","floor":14.0,"turns":2.0},{"damage":26.0,"enemies":"Hexaghost","floor":16.0,"turns":8.0},{"damage":9.0,"enemies":"Spheric Guardian","floor":18.0,"turns":4.0},{"damage":4.0,"enemies":"3 Byrds","floor":20.0,"turns":1.0},{"damage":19.0,"enemies":"Snake Plant","floor":21.0,"turns":4.0},{"damage":13.0,"enemies":"Slavers","floor":24.0,"turns":5.0},{"damage":0.0,"enemies":"Gremlin Leader","floor":27.0,"turns":6.0},{"damage":16.0,"enemies":"Book of Stabbing","floor":29.0,"turns":5.0},{"damage":7.0,"enemies":"Snecko","floor":30.0,"turns":3.0},{"damage":0.0,"enemies":"Cultist and Chosen","floor":31.0,"turns":4.0},{"damage":8.0,"enemies":"Collector","floor":33.0,"turns":8.0},{"damage":0.0,"enemies":"3 Shapes","floor":35.0,"turns":2.0},{"damage":0.0,"enemies":"Mind Bloom Boss Battle","floor":36.0,"turns":3.0},{"damage":25.0,"enemies":"3 Darklings","floor":39.0,"turns":3.0},{"damage":21.0,"enemies":"Maw","floor":41.0,"turns":5.0},{"damage":12,"enemies":"Nemesis","floor":42,"turns":3},{"damage":0,"enemies":"Writhing Mass","floor":45,"turns":4},{"damage":4,"enemies":"Spire Growth","floor":46,"turns":2},{"damage":35,"enemies":"Jaw Worm Horde","floor":48,"turns":3},{"damage":20,"enemies":"Time Eater","floor":50,"turns":7}],"seed_played":"597974703510491713","potions_obtained":[{"floor":1.0,"key":"FearPotion"},{"floor":3.0,"key":"BlessingOfTheForge"},{"floor":3.0,"key":"Fire Potion"},{"floor":3.0,"key":"Explosive Potion"},{"floor":12.0,"key":"CultistPotion"},{"floor":20.0,"key":"SkillPotion"},{"floor":27.0,"key":"DuplicationPotion"},{"floor":30.0,"key":"Swift Potion"},{"floor":33.0,"key":"Dexterity Potion"},{"floor":36.0,"key":"Regen Potion"},{"floor":48,"key":"Block Potion"}],"is_trial":false,"path_per_floor":["M","?","?","M","M","R","E","R","T","E","R","M","E","M","R","B",null,"M","?","M","M","$","R","E","R","T","E","?","E","M","M","R","B",null,"M","?","$","?","M","R","M","E","T","R","M","M","R","M","R","B",null],"character_chosen":"DEFECT","items_purchased":["Cold Snap","Panache","Core Surge","Capacitor","Rebound"],"campfire_rested":4,"item_purchase_floors":[22,22,37,37,37],"current_hp_per_floor":[68,54,54,54,52,52,38,38,38,38,38,38,31,31,51,25,68,59,59,55,36,51,51,38,38,38,38,38,22,15,15,35,27,68,68,68,68,74,49,49,28,16,16,38,44,40,40,14,38,18],"gold":155,"neow_bonus":"THREE_RARE_CARDS","is_daily":false,"chose_seed":false,"campfire_upgraded":5,"win_rate":0.0,"timestamp":1610933801,"path_taken":["M","?","?","M","M","R","E","R","T","E","R","M","E","M","R","BOSS","M","?","M","M","$","R","E","R","T","E","?","E","M","M","R","BOSS","M","?","$","?","M","R","M","E","T","R","M","M","R","M","R","BOSS"],"items_purchased_type":["Card","Card","Card","Card","Card"],"build_version":"2020-12-22","purchased_purges":2,"victory":true,"max_hp_per_floor":[68,68,68,68,68,68,68,68,68,68,68,68,68,68,68,68,68,68,68,68,68,68,68,68,68,68,68,68,68,68,68,68,68,68,68,68,68,74,74,74,74,74,74,74,80,80,80,80,80,80],"card_choices":[{"not_picked":["Biased Cognition","Thunder Strike"],"picked":"All For One","floor":0.0},{"not_picked":["Lockon","Coolheaded"],"picked":"Go for the Eyes","floor":1.0},{"not_picked":["Ball Lightning","Static Discharge"],"picked":"Hologram","floor":4.0},{"not_picked":["Redo","Auto Shields"],"picked":"Steam","floor":5.0},{"not_picked":["Storm","Chaos"],"picked":"Chill","floor":7.0},{"not_picked":["Conserve Battery","Coolheaded"],"picked":"Reboot","floor":10.0},{"not_picked":["Fusion","Redo"],"picked":"Hologram","floor":12.0},{"not_picked":["Go for the Eyes","Creative AI"],"picked":"Steam","floor":13.0},{"not_picked":["Conserve Battery","Ball Lightning"],"picked":"Beam Cell","floor":14.0},{"not_picked":["Seek","Reboot"],"picked":"All For One","floor":16.0},{"not_picked":["Hologram","Chaos","Tempest"],"picked":"SKIP","floor":18.0},{"not_picked":["Storm","Redo+1"],"picked":"Capacitor+1","floor":20.0},{"not_picked":["Turbo","Heatsinks"],"picked":"Glacier","floor":21.0},{"not_picked":["Static Discharge","Rainbow"],"picked":"Melter","floor":24.0},{"not_picked":["Hologram","Static Discharge"],"picked":"Stack","floor":27.0},{"not_picked":["Cold Snap","Hologram+1"],"picked":"Beam Cell+1","floor":29.0},{"not_picked":["Redo","Compile Driver"],"picked":"Gash","floor":30.0},{"not_picked":["Doom and Gloom","Barrage"],"picked":"Compile Driver","floor":31.0},{"not_picked":["Fission","Seek"],"picked":"Electrodynamics","floor":33.0},{"not_picked":["Ball Lightning","Storm"],"picked":"Heatsinks+1","floor":35.0},{"not_picked":["Turbo","Conserve Battery+1"],"picked":"Cold Snap+1","floor":36.0},{"not_picked":["Ball Lightning","Compile Driver"],"picked":"Steam","floor":39.0},{"not_picked":["Leap+1","Streamline"],"picked":"Beam Cell+1","floor":41.0},{"not_picked":["Darkness+1","Fusion+1"],"picked":"Hologram+1","floor":42},{"not_picked":["Conserve Battery","Hello World"],"picked":"All For One","floor":45},{"not_picked":["Lockon+1","Sunder","Leap"],"picked":"SKIP","floor":46},{"not_picked":["Consume+1","Chill"],"picked":"Gash+1","floor":48}],"player_experience":47482,"relics_obtained":[{"floor":7.0,"key":"Smiling Mask"},{"floor":9.0,"key":"MealTicket"},{"floor":10.0,"key":"Bronze Scales"},{"floor":13.0,"key":"DataDisk"},{"floor":24.0,"key":"Mercury Hourglass"},{"floor":24.0,"key":"Darkstone Periapt"},{"floor":26.0,"key":"Bag of Preparation"},{"floor":27.0,"key":"Whetstone"},{"floor":27.0,"key":"Du-Vu Doll"},{"floor":29.0,"key":"Bag of Marbles"},{"floor":29.0,"key":"Shuriken"},{"floor":36.0,"key":"Girya"},{"floor":42,"key":"Bottled Lightning"},{"floor":42,"key":"Nunchaku"},{"floor":43,"key":"Kunai"}],"event_choices":[{"damage_healed":0.0,"max_hp_gain":0.0,"max_hp_loss":0.0,"gold_gain":0.0,"event_name":"Shining Light","player_choice":"Entered Light","floor":2.0,"gold_loss":0.0,"damage_taken":14.0,"cards_upgraded":["Strike_B","Defend_B"]},{"damage_healed":0.0,"max_hp_gain":0.0,"max_hp_loss":0.0,"gold_gain":0.0,"event_name":"Lab","player_choice":"Got Potions","floor":3.0,"gold_loss":0.0,"damage_taken":0.0},{"cards_removed":["Strike_B"],"damage_healed":0.0,"max_hp_gain":0.0,"max_hp_loss":0.0,"gold_gain":0.0,"event_name":"Beggar","player_choice":"Gave Gold","floor":19.0,"gold_loss":75.0,"damage_taken":0.0},{"damage_healed":0.0,"max_hp_gain":0.0,"max_hp_loss":0.0,"gold_gain":0.0,"event_name":"Addict","player_choice":"Obtained Relic","floor":28.0,"gold_loss":85.0,"damage_taken":0.0,"relics_obtained":["Vajra"]},{"damage_healed":0.0,"max_hp_gain":0.0,"max_hp_loss":0.0,"gold_gain":0.0,"event_name":"MindBloom","player_choice":"Fight","floor":36.0,"gold_loss":0.0,"damage_taken":0.0},{"damage_healed":0.0,"max_hp_gain":0.0,"max_hp_loss":0.0,"gold_gain":0.0,"event_name":"Accursed Blacksmith","player_choice":"Rummage","floor":38.0,"gold_loss":0.0,"damage_taken":0.0,"relics_obtained":["WarpedTongs"],"cards_obtained":["Pain"]}],"is_beta":false,"boss_relics":[{"not_picked":["Calling Bell","Coffee Dripper"],"picked":"Black Star"},{"not_picked":["Runic Dome","Velvet Choker"],"picked":"SlaversCollar"}],"items_purged_floors":[22,37],"is_endless":false,"potions_floor_spawned":[1,7,12,20,27,30,33,36,39,48],"ascension_level":3}}