{"host":"pnw33a014vs8wril","time":1610977771,"event":{"mods":["BaseMod","Downfall","Highlight Path","Minty Spire (QoL Compilation)","StSLib"],"gold_per_floor":[118,129,129,139,152,180,180,180,180],"floor_reached":8,"language":"ENG","playtime":455,"items_purged":[],"score":61,"play_id":"5b87411d-7455-4bdc-85d3-c3e41006a406","local_time":"20210118144931","is_ascension_mode":true,"campfire_choices":[{"data":"Zap","floor":7,"key":"SMITH"}],"circlet_count":0,"master_deck":["Strike_B","Strike_B","Strike_B","Defend_B","Defend_B","Defend_B","Defend_B","Zap+1","Dualcast","Rainbow","Reinforced Body","Redo+1"],"relics":["Cracked Core","Toxic Egg 2"],"acts_visited":["Exordium"],"potions_floor_usage":[],"damage_taken":[{"damage":0,"enemies":"Cultist","floor":1,"turns":4},{"damage":0,"enemies":"Small Slimes","floor":2,"turns":3},{"damage":1,"enemies":"Jaw Worm","floor":4,"turns":5},{"damage":3,"enemies":"2 Fungi Beasts","floor":5,"turns":6},{"damage":54,"enemies":"Gremlin Nob","floor":6,"turns":6},{"damage":33,"enemies":"3 Sentries","floor":8,"turns":8}],"seed_played":"-6678053312804611622","potions_obtained":[{"floor":2,"key":"Weak Potion"},{"floor":5,"key":"FairyPotion"}],"is_trial":false,"path_per_floor":["M","M","?","M","M","E","R","E"],"character_chosen":"DEFECT","items_purchased":[],"campfire_rested":0,"item_purchase_floors":[],"current_hp_per_floor":[68,68,68,67,64,10,10,0,0],"gold":180,"neow_bonus":"THREE_RARE_CARDS","is_daily":false,"chose_seed":false,"campfire_upgraded":1,"win_rate":0.0,"timestamp":1610977771,"path_taken":["M","?","?","M","M","E","R","E"],"items_purchased_type":[],"build_version":"2020-12-22","purchased_purges":0,"victory":false,"max_hp_per_floor":[68,68,68,68,68,68,68,68,68],"card_choices":[{"not_picked":["Meteor Strike","Buffer"],"picked":"Rainbow","floor":0},{"not_picked":["Go for the Eyes","FTL","Skim"],"picked":"SKIP","floor":1},{"not_picked":["Go for the Eyes","Steam"],"picked":"Reinforced Body","floor":2},{"not_picked":["Streamline","Sweeping Beam","Compile Driver"],"picked":"SKIP","floor":4},{"not_picked":["Thunder Strike","Streamline","Scrape"],"picked":"SKIP","floor":5},{"not_picked":["Barrage","Conserve Battery+1"],"picked":"Redo+1","floor":6}],"player_experience":959464,"relics_obtained":[{"floor":6,"key":"Toxic Egg 2"}],"event_choices":[{"cards_removed":["Strike_B"],"damage_healed":0,"gold_gain":0,"player_choice":"Offered Basic","damage_taken":0,"max_hp_gain":0,"max_hp_loss":0,"event_name":"Bonfire Elementals","floor":3,"gold_loss":0}],"is_beta":false,"boss_relics":[],"items_purged_floors":[],"is_endless":false,"potions_floor_spawned":[2,5],"killed_by":"3 Sentries","ascension_level":1}}