{"host":"la6t950uoatqs0xt","time":1610935380,"event":{"mods":["AchievementEnabler","BaseMod","Colored Powertips","Minty Spire (QoL Compilation)","Quick Restart","Rare Cards Sparkle"],"gold_per_floor":[112,127,127,54,69,99,30,44,71,91,56,56,75,87,87,186,186,206,206,206,60,60,60,72,97,123,123,33,43,43,56,56,152,152,171,44,44,44,44,44,61,74,153,153,169,189,189,189],"floor_reached":47,"language":"ENG","playtime":2087,"items_purged":["Strike_G"],"score":517,"play_id":"81ba674b-2e6d-4eb3-96d2-5c1ba1ecba14","local_time":"20210117210300","is_ascension_mode":true,"campfire_choices":[{"floor":12,"key":"REST"},{"floor":15,"key":"REST"},{"floor":23,"key":"REST"},{"floor":27,"key":"REST"},{"floor":30,"key":"REST"},{"floor":32,"key":"REST"},{"floor":40,"key":"REST"},{"floor":44,"key":"REST"}],"circlet_count":0,"master_deck":["Strike_G+1","Strike_G","Strike_G","Strike_G","Defend_G","Defend_G+1","Defend_G","Defend_G","Survivor","Neutralize+1","Terror+1","Infinite Blades","Infinite Blades","Heel Hook","Leg Sweep","Adrenaline","Necronomicurse","Riddle With Holes+1","Accuracy","A Thousand Cuts","CurseOfTheBell","Infinite Blades","Infinite Blades","Blade Dance+1"],"relics":["Ring of the Snake","Orichalcum","MawBank","Whetstone","Runic Pyramid","Necronomicon","Bronze Scales","MutagenicStrength","Anchor","Smiling Mask","Calling Bell","Tiny Chest","Gremlin Horn","Lizard Tail","InkBottle"],"acts_visited":["Exordium","TheCity","TheBeyond"],"potions_floor_usage":[6,16,25,25,25,29,35,42,47],"damage_taken":[{"damage":0,"enemies":"2 Louse","floor":1,"turns":4},{"damage":0,"enemies":"Cultist","floor":2,"turns":5},{"damage":0,"enemies":"Small Slimes","floor":5,"turns":3},{"damage":30,"enemies":"Gremlin Nob","floor":6,"turns":5},{"damage":4,"enemies":"Blue Slaver","floor":8,"turns":4},{"damage":11,"enemies":"Large Slime","floor":10,"turns":6},{"damage":19,"enemies":"Lots of Slimes","floor":13,"turns":6},{"damage":2,"enemies":"2 Fungi Beasts","floor":14,"turns":4},{"damage":8,"enemies":"The Guardian","floor":16,"turns":13},{"damage":27,"enemies":"Spheric Guardian","floor":18,"turns":8},{"damage":10,"enemies":"Shell Parasite","floor":24,"turns":5},{"damage":15,"enemies":"Gremlin Leader","floor":25,"turns":5},{"damage":15,"enemies":"Snake Plant","floor":29,"turns":4},{"damage":8,"enemies":"Snecko","floor":31,"turns":5},{"damage":37,"enemies":"Champ","floor":33,"turns":10},{"damage":32,"enemies":"3 Shapes","floor":35,"turns":4},{"damage":9,"enemies":"Orb Walker","floor":41,"turns":4},{"damage":35,"enemies":"Transient","floor":42,"turns":5},{"damage":22,"enemies":"Jaw Worm Horde","floor":45,"turns":5},{"damage":45,"enemies":"4 Shapes","floor":46,"turns":6},{"damage":31,"enemies":"Transient","floor":47,"turns":3}],"seed_played":"5659558926985627947","potions_obtained":[{"floor":1,"key":"Ancient Potion"},{"floor":2,"key":"Swift Potion"},{"floor":5,"key":"BlessingOfTheForge"},{"floor":13,"key":"GhostInAJar"},{"floor":16,"key":"DistilledChaos"},{"floor":25,"key":"Block Potion"},{"floor":31,"key":"Explosive Potion"},{"floor":35,"key":"SkillPotion"},{"floor":41,"key":"BlessingOfTheForge"},{"floor":45,"key":"Dexterity Potion"}],"is_trial":false,"path_per_floor":["M","M","?","$","M","E","$","M","T","M","$","R","M","M","R","B",null,"M","?","?","$","?","R","M","E","T","R","?","M","R","M","R","B",null,"M","$","$","?","$","R","M","M","T","R","M","M","M"],"character_chosen":"THE_SILENT","items_purchased":["Infinite Blades","Infinite Blades","Leg Sweep","Bronze Scales","Infinite Blades"],"campfire_rested":8,"item_purchase_floors":[4,7,11,21,36],"current_hp_per_floor":[70,70,70,70,70,40,40,36,36,25,25,46,27,25,46,38,70,43,27,27,27,27,48,38,23,23,44,44,29,50,42,63,26,70,38,38,38,38,38,59,50,15,15,36,14,5,0,0],"gold":189,"neow_bonus":"RANDOM_COMMON_RELIC","is_daily":false,"chose_seed":false,"campfire_upgraded":0,"win_rate":0.0,"timestamp":1610935380,"path_taken":["M","M","?","$","M","E","?","M","T","M","$","R","M","M","R","BOSS","M","?","?","$","?","R","M","E","T","R","?","M","R","M","R","BOSS","M","?","$","?","$","R","M","M","T","R","M","?","M"],"items_purchased_type":["Card","Card","Card","Relic","Card"],"build_version":"2020-12-22","purchased_purges":1,"victory":false,"max_hp_per_floor":[70,70,70,70,70,70,70,70,70,70,70,70,70,70,70,70,70,70,70,70,70,70,70,70,70,70,70,70,70,70,70,70,70,70,70,70,70,70,70,70,70,70,70,70,70,70,70,70],"card_choices":[{"not_picked":["Dagger Throw","Reflex"],"picked":"Terror","floor":1},{"not_picked":["Slice","Escape Plan","Masterful Stab"],"picked":"SKIP","floor":2},{"not_picked":["Eviscerate","Sucker Punch","Dagger Throw"],"picked":"SKIP","floor":5},{"not_picked":["Dodge and Roll","Predator","Bullet Time"],"picked":"SKIP","floor":6},{"not_picked":["Dagger Spray","Sucker Punch"],"picked":"Heel Hook","floor":8},{"not_picked":["Deflect","Finisher","Dodge and Roll"],"picked":"SKIP","floor":10},{"not_picked":["All Out Attack","Acrobatics","Distraction"],"picked":"SKIP","floor":13},{"not_picked":["Venomology","Footwork","Poisoned Stab"],"picked":"SKIP","floor":14},{"not_picked":["Grand Finale","Tools of the Trade"],"picked":"Adrenaline","floor":16},{"not_picked":["Backflip","Skewer","Sucker Punch"],"picked":"SKIP","floor":18},{"not_picked":["Deadly Poison","Acrobatics","Distraction"],"picked":"SKIP","floor":24},{"not_picked":["Malaise","Sucker Punch"],"picked":"Riddle With Holes+1","floor":25},{"not_picked":["Blur","Dagger Spray"],"picked":"Accuracy","floor":29},{"not_picked":["Quick Slash+1","Dodge and Roll+1","Wraith Form v2"],"picked":"SKIP","floor":31},{"not_picked":["Bullet Time","Phantasmal Killer"],"picked":"A Thousand Cuts","floor":33},{"not_picked":["Concentrate","Blur","Bane+1"],"picked":"SKIP","floor":35},{"not_picked":["PiercingWail+1","Underhanded Strike"],"picked":"Infinite Blades","floor":41},{"not_picked":["Slice+1","PiercingWail","Footwork+1"],"picked":"SKIP","floor":42},{"not_picked":["Choke","After Image","Bane+1"],"picked":"SKIP","floor":45},{"not_picked":["Riddle With Holes","Quick Slash"],"picked":"Blade Dance+1","floor":46}],"player_experience":253471,"relics_obtained":[{"floor":6,"key":"MawBank"},{"floor":9,"key":"Whetstone"},{"floor":19,"key":"Necronomicon"},{"floor":25,"key":"Anchor"},{"floor":26,"key":"Smiling Mask"},{"floor":34,"key":"Tiny Chest"},{"floor":34,"key":"Gremlin Horn"},{"floor":34,"key":"Lizard Tail"},{"floor":43,"key":"InkBottle"}],"event_choices":[{"damage_healed":0,"gold_gain":0,"player_choice":"Forge","damage_taken":0,"max_hp_gain":0,"max_hp_loss":0,"event_name":"Accursed Blacksmith","floor":3,"gold_loss":0,"cards_upgraded":["Terror"]},{"damage_healed":0,"gold_gain":0,"player_choice":"Obtained Book","damage_taken":16,"max_hp_gain":0,"max_hp_loss":0,"event_name":"Cursed Tome","floor":19,"gold_loss":0},{"damage_healed":0,"gold_gain":0,"player_choice":"Ignored","damage_taken":0,"max_hp_gain":0,"max_hp_loss":0,"event_name":"The Mausoleum","floor":20,"gold_loss":0},{"damage_healed":0,"gold_gain":0,"player_choice":"Inject Mutagens","damage_taken":0,"relics_obtained":["MutagenicStrength"],"max_hp_gain":0,"max_hp_loss":0,"event_name":"Drug Dealer","floor":22,"gold_loss":0},{"cards_removed":["Defend_G"],"damage_healed":0,"gold_gain":0,"player_choice":"Upgrade and Remove","damage_taken":0,"max_hp_gain":0,"max_hp_loss":0,"event_name":"Designer","floor":28,"gold_loss":90,"cards_upgraded":["Defend_G"]},{"damage_healed":0,"gold_gain":0,"player_choice":"Ignored","damage_taken":0,"max_hp_gain":0,"max_hp_loss":0,"event_name":"SecretPortal","floor":38,"gold_loss":0}],"is_beta":false,"boss_relics":[{"not_picked":["Velvet Choker","SlaversCollar"],"picked":"Runic Pyramid"},{"not_picked":["Busted Crown","Cursed Key"],"picked":"Calling Bell"}],"items_purged_floors":[36],"is_endless":false,"potions_floor_spawned":[1,2,5,13,16,25,31,35,41,45],"killed_by":"Transient","ascension_level":2}}