{"host":"fkig9nrckec4xsh0","time":1610938912,"event":{"mods":["BaseMod","Colored Map","Minty Spire (QoL Compilation)","Quick Restart","Replay The Spire","StSLib"],"gold_per_floor":[119,119,119,137,137,171,185,217,267,267,307,333,376,27,27,117,117,130,130,149,149,84,110,110,136,161,29,29,659,679,711,711,789,789,799,851,102,158,21,46,56,87,87,102,102,134,134,154,154,154],"floor_reached":51,"language":"ENG","playtime":1717,"items_purged":["Strike_R","Languid","Strike_R"],"score":2129,"play_id":"c21458a6-35cb-4ed6-8424-1c504dde1ea9","local_time":"20210117220152","is_ascension_mode":true,"campfire_choices":[{"data":"Anger","floor":15,"key":"SMITH"},{"data":"Inflame","floor":24,"key":"SMITH"},{"data":"Rupture","floor":28,"key":"SMITH"},{"data":"Anger","floor":32,"key":"SMITH"},{"data":"Limit Break","floor":45,"key":"SMITH"},{"data":"ReplayTheSpireMod:Stacked","floor":47,"key":"SMITH"},{"floor":49,"key":"DIG"}],"circlet_count":0,"master_deck":["AscendersBane","Strike_R","Defend_R","Defend_R","Defend_R","Bash+1","Anger+1","Inflame+1","Reaper","Flex","ReplayTheSpireMod:Stacked+1","Cleave","Bludgeon","Pommel Strike+1","Battle Trance","Spot Weakness","Inflame+1","Inflame","Sword Boomerang","ReplayTheSpireMod:Muscle Training+1","Anger+1","Rupture+1","Clothesline+1","Anger+1","Limit Break+1","Inflame","Sword Boomerang","Seeing Red"],"relics":["Burning Blood","NeowsBlessing","Eternal Feather","Potion Belt","ReplayTheSpireMod:TigerMarble","Bloody Idol","Charon\u0027s Ashes","Bag of Marbles","Garlic","ReplayTheSpireMod:Shallot","Electric Blood","ReplayTheSpireMod:CursedCoin","Toy Ornithopter","ReplayTheSpireMod:Lightbulb","Dream Catcher","The Courier","Busted Crown","CaptainsWheel","Onion Ring","ReplayFunnel","Lantern","Pen Nib","Omamori","Sling","Centennial Puzzle","ReplayTheSpireMod:Ninjato","Snack Pack","Replay:Wax Seal","Nunchaku"],"acts_visited":["Exordium","TheCity","TheBeyond"],"potions_floor_usage":[13,13,16,16,23,25,50,50,50],"damage_taken":[{"damage":0,"enemies":"Jaw Worm","floor":1,"turns":1},{"damage":0,"enemies":"Small Slimes","floor":4,"turns":1},{"damage":0,"enemies":"Gremlin Nob","floor":6,"turns":1},{"damage":9,"enemies":"2 Louse","floor":7,"turns":3},{"damage":45,"enemies":"3 Sentries","floor":8,"turns":7},{"damage":8,"enemies":"Gremlin Nob","floor":11,"turns":3},{"damage":5,"enemies":"Lagavulin","floor":13,"turns":5},{"damage":39,"enemies":"Slime Boss","floor":16,"turns":7},{"damage":5,"enemies":"3 Byrds","floor":18,"turns":4},{"damage":3,"enemies":"Spheric Guardian","floor":20,"turns":1},{"damage":12,"enemies":"Book of Stabbing","floor":23,"turns":3},{"damage":20,"enemies":"Slavers","floor":25,"turns":3},{"damage":7,"enemies":"Centurion and Healer","floor":30,"turns":3},{"damage":8,"enemies":"Gremlin Leader","floor":31,"turns":2},{"damage":40,"enemies":"Pondfish","floor":33,"turns":5},{"damage":24,"enemies":"3 Shapes","floor":35,"turns":1},{"damage":21,"enemies":"2 Orb Walkers","floor":36,"turns":3},{"damage":21,"enemies":"Nemesis","floor":40,"turns":5},{"damage":21,"enemies":"3 Darklings","floor":41,"turns":3},{"damage":16,"enemies":"R_Hoarder","floor":42,"turns":3},{"damage":17,"enemies":"Transient","floor":44,"turns":5},{"damage":8,"enemies":"Nemesis","floor":46,"turns":1},{"damage":8,"enemies":"Maw","floor":48,"turns":2},{"damage":63,"enemies":"Awakened One","floor":50,"turns":4}],"seed_played":"-1384222128899919971","potions_obtained":[{"floor":4,"key":"Reflective Coating"},{"floor":7,"key":"Weak Potion"},{"floor":8,"key":"Block Potion"},{"floor":11,"key":"SkillPotion"},{"floor":13,"key":"SneckoOil"},{"floor":16,"key":"Block Potion"},{"floor":20,"key":"Toxic Potion"},{"floor":23,"key":"LiquidBronze"},{"floor":25,"key":"Regen Potion"},{"floor":33,"key":"Ancient Potion"},{"floor":38,"key":"BlessingOfTheForge"},{"floor":42,"key":"Cursed Concoction"},{"floor":44,"key":"PowerPotion"}],"is_trial":false,"path_per_floor":["M","?","?","M","?","E","M","E","T","?","E","T","E","$","R","B",null,"M","?","M","?","$","E","R","E","T","$","R","?","M","E","R","B",null,"M","?","$","?","$","E","M","E","T","M","R","E","R","M","R_BF","B",null],"character_chosen":"IRONCLAD","items_purchased":["ReplayTheSpireMod:Shallot","ReplayTheSpireMod:CursedCoin","Inflame","Sword Boomerang","Rupture","Clothesline+1","Inflame","Onion Ring","ReplayFunnel","Lantern","Pen Nib","Sling"],"campfire_rested":0,"item_purchase_floors":[14,22,22,22,27,27,37,37,37,37,37,39],"current_hp_per_floor":[74,67,67,73,50,56,63,46,46,20,28,28,38,38,44,36,65,75,75,75,75,75,74,75,66,71,71,75,41,63,66,75,46,68,70,70,70,51,51,41,31,75,75,75,75,75,75,75,75,46],"gold":154,"neow_bonus":"THREE_ENEMY_KILL","is_daily":false,"chose_seed":false,"campfire_upgraded":6,"win_rate":0.0,"timestamp":1610938912,"path_taken":["M","?","?","M","?","E","M","E","T","?","E","?","E","$","R","BOSS","M","?","?","?","$","E","R","E","T","$","R","?","?","E","R","BOSS","M","?","$","?","$","E","?","E","T","M","R","E","R","M","R_BF","BOSS"],"items_purchased_type":["Relic","Relic","Card","Card","Card","Card","Card","Relic","Relic","Relic","Relic","Relic"],"build_version":"2020-12-22","purchased_purges":3,"victory":true,"max_hp_per_floor":[75,75,75,75,75,75,75,75,75,75,75,75,75,75,75,75,75,75,75,75,75,75,75,75,75,75,75,75,75,75,75,75,75,75,75,75,75,75,75,75,75,75,75,75,75,75,75,75,75,75],"card_choices":[{"not_picked":["Wild Strike","Headbutt"],"picked":"Anger","floor":1},{"not_picked":["Wild Strike","Shrug It Off"],"picked":"Inflame","floor":4},{"not_picked":["Defy Death","Seeing Red"],"picked":"Reaper","floor":6},{"not_picked":["Bloodletting","Perfected Strike"],"picked":"Flex","floor":7},{"not_picked":["Power Through","Second Wind"],"picked":"ReplayTheSpireMod:Stacked","floor":8},{"not_picked":["Searing Blow","Sever Soul"],"picked":"Cleave","floor":11},{"not_picked":["Twin Strike","ReplayTheSpireMod:Corrosion Curse","Rage"],"picked":"SKIP","floor":13},{"not_picked":["Barricade","Corruption"],"picked":"Bludgeon","floor":16},{"not_picked":["ReplayTheSpireMod:Strike From Hell","Flex"],"picked":"Pommel Strike+1","floor":18},{"not_picked":["Dual Wield","Body Slam"],"picked":"Spot Weakness","floor":20},{"not_picked":["Flame Barrier+1","Rupture"],"picked":"ReplayTheSpireMod:Muscle Training+1","floor":23},{"not_picked":["Pommel Strike","Twin Strike"],"picked":"Anger","floor":25},{"not_picked":["Replay:Undeath\u0027s Touch","Evolve"],"picked":"Anger+1","floor":30},{"not_picked":["Eclipse","Rampage","Wild Strike"],"picked":"SKIP","floor":31},{"not_picked":["Eclipse","Corruption"],"picked":"Limit Break","floor":33},{"not_picked":["Power Through"],"picked":"SKIP","floor":35},{"not_picked":["Feel No Pain"],"picked":"SKIP","floor":40},{"not_picked":[],"picked":"Sword Boomerang","floor":41},{"not_picked":[],"picked":"Seeing Red","floor":42},{"not_picked":["Sentinel"],"picked":"SKIP","floor":44},{"not_picked":["True Grit"],"picked":"SKIP","floor":46},{"not_picked":["Rage+1"],"picked":"SKIP","floor":48}],"player_experience":345741,"relics_obtained":[{"floor":6,"key":"Eternal Feather"},{"floor":8,"key":"Potion Belt"},{"floor":9,"key":"ReplayTheSpireMod:TigerMarble"},{"floor":11,"key":"Charon\u0027s Ashes"},{"floor":12,"key":"Bag of Marbles"},{"floor":13,"key":"Garlic"},{"floor":23,"key":"Toy Ornithopter"},{"floor":25,"key":"ReplayTheSpireMod:Lightbulb"},{"floor":26,"key":"Dream Catcher"},{"floor":31,"key":"The Courier"},{"floor":36,"key":"CaptainsWheel"},{"floor":38,"key":"Omamori"},{"floor":40,"key":"Centennial Puzzle"},{"floor":42,"key":"ReplayTheSpireMod:Ninjato"},{"floor":43,"key":"Snack Pack"},{"floor":46,"key":"Replay:Wax Seal"},{"floor":49,"key":"Nunchaku"}],"event_choices":[{"cards_removed":["Strike_R"],"damage_healed":0,"gold_gain":0,"player_choice":"Card Removal","damage_taken":7,"max_hp_gain":0,"max_hp_loss":0,"event_name":"Golden Wing","floor":2,"gold_loss":0},{"damage_healed":0,"gold_gain":0,"player_choice":"Entered Light","damage_taken":23,"max_hp_gain":0,"max_hp_loss":0,"event_name":"Shining Light","floor":5,"gold_loss":0,"cards_upgraded":["Inflame","Bash"]},{"damage_healed":0,"gold_gain":0,"player_choice":"Take Damage","damage_taken":26,"relics_obtained":["Golden Idol"],"max_hp_gain":0,"max_hp_loss":0,"event_name":"Golden Idol","floor":10,"gold_loss":0},{"damage_healed":0,"gold_gain":0,"cards_transformed":["Strike_R"],"player_choice":"Transformed","damage_taken":0,"max_hp_gain":0,"max_hp_loss":0,"event_name":"Transmorgrifier","floor":19,"gold_loss":0,"cards_obtained":["Battle Trance"]},{"damage_healed":0,"gold_gain":0,"player_choice":"Gave Idol","damage_taken":0,"relics_obtained":["Bloody Idol"],"max_hp_gain":0,"max_hp_loss":0,"event_name":"Forgotten Altar","floor":21,"relics_lost":["Golden Idol"],"gold_loss":0},{"damage_healed":0,"gold_gain":630,"player_choice":"GOLD GOLD GOLD GOLD GOLD GOLD GOLD ","damage_taken":69,"max_hp_gain":0,"max_hp_loss":0,"event_name":"Knowing Skull","floor":29,"potions_obtained":[],"gold_loss":0,"cards_obtained":[]},{"damage_healed":0,"gold_gain":0,"player_choice":"Fight","damage_taken":0,"max_hp_gain":0,"max_hp_loss":0,"event_name":"Mysterious Sphere","floor":36,"gold_loss":0}],"is_beta":false,"boss_relics":[{"not_picked":["Tiny House","Runic Pyramid"],"picked":"Electric Blood"},{"not_picked":["Fusion Hammer","Kintsugi"],"picked":"Busted Crown"}],"items_purged_floors":[14,22,37],"is_endless":false,"potions_floor_spawned":[4,7,8,11,13,16,20,23,25,33,42,44,48],"ascension_level":19}}