{"host":"uxx7prhn9zlu6i2v","time":1610940097,"event":{"mods":["100% Spire Juice","2.2 Compatiblity","AchievementEnabler","Act Like it!","BaseMod","CapriCore","Colored Powertips","Dio Mod","Gensokyo","GifTheSpireLib","Koishi","KomeijiMod","Lobotomy","LobotomyExtend","Marisa????????","Minty Spire (QoL Compilation)","Permanent Neow","Quick Restart","RNG Fix","Rare Cards Sparkle","Reimu??????","Relic Filter","Relic Sorter","Relic Stats","Spicy Shops","StSLib","Strawberry Spire","The Administrix","The Bug Knight","The Exalted","The Immortal","The Mystic","Wandering Minibosses","Yakumo Yukari mod","??????REMEMod"],"gold_per_floor":[112,112,125,35,48,48,48,61,61,61,61,61,61,573,573,669,669,701,718,718,734,758,758,789,789,281,281,315,315,315,333,354,354,474,474],"floor_reached":18,"language":"ENG","playtime":5531,"items_purged":["Regret","mysticmod:Strike_Mystic"],"score":282,"play_id":"df8575df-703f-4c6c-86af-7b4e0e6eca3e","local_time":"20210117212137","is_ascension_mode":false,"campfire_choices":[{"data":"mysticmod:Probe","floor":6,"key":"SMITH"},{"data":"mysticmod:ComboCaster","floor":15,"key":"SMITH"},{"data":"mysticmod:HeavyStrike","floor":7,"key":"SMITH"},{"data":"mysticmod:SpellCombat","floor":11,"key":"SMITH"},{"data":"mysticmod:ShockingGrasp","floor":15,"key":"SMITH"}],"circlet_count":0,"master_deck":["Woodsman","mysticmod:Strike_Mystic","mysticmod:Strike_Mystic","mysticmod:Strike_Mystic","mysticmod:Defend_Mystic","mysticmod:Defend_Mystic+1","mysticmod:Defend_Mystic","mysticmod:Defend_Mystic","mysticmod:ArcaneDodge","mysticmod:ShockingGrasp+1","mysticmod:HeavyStrike+1","mysticmod:ComboCaster+1","mysticmod:Alacrity+1","Porccubus","mysticmod:Probe+1","SpiderBud","mysticmod:Fly","mysticmod:MirrorEntity+1","mysticmod:PreparedCaster+1","VoidDream","mysticmod:SpellCombat+1","mysticmod:Discipline+1","MHz","mysticmod:BulkUp","mysticmod:Shield","mysticmod:TomeOfSpells","PunishingBird","mysticmod:Alacrity","UniverseFragment","mysticmod:FiveFootStep","Skim","mysticmod:GeminiForm"],"relics":["mysticmod:SpellBook","REME_ComplimentaryCards","CogitoBucket","RabbitCall","Pear","Bromod:ArcaneMomentum","Lizard Tail","REME_ChargedStone","HellTrain","LetterFromLob","Golden Idol","Bromod:ArcaneTempo","strawberrySpire:Treaders","War Paint","Bottled Flame","Du-Vu Doll","Bromod:ArcaneVictory","White Beast Statue","Logging_r","AdjustmentMirror"],"acts_visited":["Gensokyo:Gensokyo","Gensokyo:Gensokyoer"],"potions_floor_usage":[16,10,13,13,16],"damage_taken":[{"damage":0,"enemies":"Gensokyo:2_Kodama","floor":1,"turns":5},{"damage":0,"enemies":"Gensokyo:3_Fairies","floor":3,"turns":5},{"damage":13,"enemies":"Gensokyo:Gryphon","floor":5,"turns":5},{"damage":10,"enemies":"Gensokyo:VengefulSpirit","floor":8,"turns":7},{"damage":23,"enemies":"Gensokyo:3_Kodama","floor":14,"turns":8},{"damage":21,"enemies":"Gensokyo:Yukari","floor":16,"turns":11},{"damage":42,"enemies":"Gensokyo:2_Gloops","floor":18,"turns":6},{"damage":0,"enemies":"2 Louse","floor":1,"turns":2},{"damage":0,"enemies":"Cultist","floor":3,"turns":5},{"damage":0,"enemies":"Small Slimes","floor":4,"turns":3},{"damage":19,"enemies":"Gremlin Nob","floor":6,"turns":5},{"damage":26,"enemies":"3 Sentries","floor":10,"turns":6},{"damage":30,"enemies":"Looter","floor":13,"turns":5},{"damage":3,"enemies":"Exordium Wildlife","floor":14,"turns":5},{"damage":16,"enemies":"The Guardian","floor":16,"turns":10}],"seed_played":"8207170288832994235","potions_obtained":[{"floor":5,"key":"ColorlessPotion"},{"floor":14,"key":"FairyPotion"},{"floor":18,"key":"Regen Potion"},{"floor":1,"key":"LiquidBronze"},{"floor":10,"key":"ColorlessPotion"},{"floor":13,"key":"PowerPotion"},{"floor":14,"key":"SpeedPotion"},{"floor":16,"key":"Swift Potion"}],"is_trial":false,"path_per_floor":["M","?","M","COS","M","R","?","M","T","$","?","?","?","M","R","B",null,"M","?","M","?","M","M","T","E","R","$","T","E","R","T","M","M","R","B",null,null],"character_chosen":"MYSTIC_CLASS","items_purchased":["War Paint","mysticmod:Alacrity","Bottled Flame"],"campfire_rested":0,"item_purchase_floors":[8,8,8],"current_hp_per_floor":[77,77,77,77,64,64,59,49,49,49,49,49,41,18,18,26,87,45,87,66,66,66,66,53,53,53,53,41,41,41,33,47,47,38,38],"gold":474,"neow_bonus":"","is_daily":false,"chose_seed":false,"campfire_upgraded":5,"win_rate":0.0,"timestamp":1610940097,"path_taken":["M","?","?","COS","M","R","?","?","T","?","?","?","?","M","R","BOSS","M","?","M","?","M","M","?","E","R","?","T","E","R","?","M","M","R","BOSS"],"items_purchased_type":["Relic","Card","Relic"],"build_version":"2020-12-22","purchased_purges":2,"victory":true,"max_hp_per_floor":[77,77,77,77,77,77,87,87,87,87,87,87,87,87,87,87,87,87,87,87,87,87,87,87,87,87,87,87,87,87,87,87,87,87,87],"relic_stats":{"Lizard Tail":0,"counters":[17,90],"Golden Idol":53,"War Paint":["mysticmod:Alacrity","mysticmod:Defend_Mystic"],"obtain_stats":[{"RabbitCall":0,"Logging_r":13,"Pear":7,"Golden Idol":2,"Bromod:ArcaneVictory":10,"REME_ChargedStone":17,"mysticmod:SpellBook":0,"War Paint":8,"AdjustmentMirror":13,"White Beast Statue":12,"Bromod:ArcaneMomentum":8,"Du-Vu Doll":9,"CogitoBucket":0,"Lizard Tail":9,"Bottled Flame":8,"strawberrySpire:Treaders":6,"Bromod:ArcaneTempo":5,"LetterFromLob":1,"HellTrain":18,"REME_ComplimentaryCards":0},{"RabbitCall":0,"Logging_r":15,"Pear":3,"Golden Idol":9,"Bromod:ArcaneVictory":13,"REME_ChargedStone":6,"mysticmod:SpellBook":0,"War Paint":12,"AdjustmentMirror":15,"White Beast Statue":13,"Bromod:ArcaneMomentum":4,"Du-Vu Doll":12,"CogitoBucket":0,"Lizard Tail":4,"Bottled Flame":12,"strawberrySpire:Treaders":12,"Bromod:ArcaneTempo":11,"LetterFromLob":1,"HellTrain":8,"REME_ComplimentaryCards":0},{"RabbitCall":0,"Logging_r":73,"Pear":15,"Golden Idol":50,"Bromod:ArcaneVictory":69,"REME_ChargedStone":41,"mysticmod:SpellBook":0,"War Paint":63,"AdjustmentMirror":75,"White Beast Statue":69,"Bromod:ArcaneMomentum":18,"Du-Vu Doll":63,"CogitoBucket":0,"Lizard Tail":22,"Bottled Flame":63,"strawberrySpire:Treaders":63,"Bromod:ArcaneTempo":58,"LetterFromLob":5,"HellTrain":48,"REME_ComplimentaryCards":0}]},"card_choices":[{"not_picked":["Bloodbath","VoidDream","WhitesApple"],"picked":"Singing Bowl","floor":1},{"not_picked":["mysticmod:BladeMaster","mysticmod:KeenEdge"],"picked":"mysticmod:HeavyStrike","floor":1},{"not_picked":["mysticmod:Probe","mysticmod:CorrosiveTouch"],"picked":"mysticmod:ComboCaster","floor":2},{"not_picked":["mysticmod:Natural20","mysticmod:HeavyStrike"],"picked":"mysticmod:Alacrity","floor":2},{"not_picked":["LaLuna","FairyFestival"],"picked":"Porccubus","floor":3},{"not_picked":["mysticmod:Sideswipe","mysticmod:KeenEdge"],"picked":"mysticmod:Probe","floor":3},{"not_picked":["HappyTeddy","ShyLook","Murderer"],"picked":"Singing Bowl","floor":5},{"not_picked":["OSAHOGD","Murderer"],"picked":"SpiderBud","floor":5},{"not_picked":["mysticmod:BulkUp","mysticmod:ComponentsPouch"],"picked":"mysticmod:Fly","floor":5},{"not_picked":["OSAHOGD","Murderer","ShyLook"],"picked":"Singing Bowl","floor":8},{"not_picked":["mysticmod:ComponentsPouch","mysticmod:Fly"],"picked":"mysticmod:MirrorEntity","floor":8},{"not_picked":["BigBadWolf","BeautyBeast"],"picked":"VoidDream","floor":14},{"not_picked":["mysticmod:EarthenWall","mysticmod:Probe"],"picked":"mysticmod:SpellCombat","floor":14},{"not_picked":["Scorched","FairyFestival","RedShoes"],"picked":"Singing Bowl","floor":16},{"not_picked":["mysticmod:KnowledgePool","mysticmod:Natural20"],"picked":"mysticmod:Discipline","floor":16},{"not_picked":["QueenBee","NakedNest","OSAHOGD"],"picked":"Singing Bowl","floor":18},{"not_picked":["Bloodbath","MeltingLove"],"picked":"MHz","floor":18},{"not_picked":["mysticmod:PowerSlash","mysticmod:Shield"],"picked":"mysticmod:BulkUp","floor":18},{"not_picked":["ShyLook","WallGazer","SingingMachine"],"picked":"Singing Bowl","floor":1},{"not_picked":["mysticmod:EbbAndFlow","mysticmod:Snowball"],"picked":"mysticmod:Shield","floor":1},{"not_picked":["MeatLantern","GalaxyChild","GreedKing"],"picked":"Singing Bowl","floor":3},{"not_picked":["mysticmod:Disintegrate","mysticmod:Disengage"],"picked":"mysticmod:TomeOfSpells","floor":3},{"not_picked":["BeautyBeast","WhitesApple","QueenBee"],"picked":"Singing Bowl","floor":4},{"not_picked":["DreamingCurrent","ShyLook"],"picked":"Woodsman","floor":4},{"not_picked":["mysticmod:Probe","mysticmod:BulkUp","mysticmod:ComboCaster"],"picked":"SKIP","floor":4},{"not_picked":["Yin","Scorched","MeatLantern"],"picked":"Singing Bowl","floor":6},{"not_picked":["CherryBlossoms","LongBird"],"picked":"PunishingBird","floor":6},{"not_picked":["mysticmod:KeenEdge","mysticmod:RapidCaster","mysticmod:PowerSlash"],"picked":"SKIP","floor":6},{"not_picked":["ShyLook","LittleHelper"],"picked":"UniverseFragment","floor":10},{"not_picked":["mysticmod:Fireball","mysticmod:LightningBolt","mysticmod:Snowball"],"picked":"SKIP","floor":10},{"not_picked":["Murderer","LaLuna","WallGazer"],"picked":"Singing Bowl","floor":13},{"not_picked":["mysticmod:PureInstinct","mysticmod:Snowball"],"picked":"mysticmod:FiveFootStep","floor":13},{"not_picked":["Funeral","CherryBlossoms","GreedKing"],"picked":"Singing Bowl","floor":14},{"not_picked":["mysticmod:Fly","mysticmod:ComponentsPouch","mysticmod:HunkerDown"],"picked":"SKIP","floor":14},{"not_picked":["Wellcheers","GreedKing","MeatLantern"],"picked":"Singing Bowl","floor":16},{"not_picked":["mysticmod:ClosingBarrage","mysticmod:Discipline"],"picked":"mysticmod:GeminiForm","floor":16}],"player_experience":1877319,"relics_obtained":[{"floor":1,"key":"LetterFromLob"},{"floor":9,"key":"Lizard Tail"},{"floor":1,"key":"LetterFromLob"},{"floor":5,"key":"Bromod:ArcaneTempo"},{"floor":6,"key":"strawberrySpire:Treaders"},{"floor":9,"key":"Du-Vu Doll"},{"floor":10,"key":"Bromod:ArcaneVictory"},{"floor":12,"key":"White Beast Statue"}],"event_choices":[{"damage_healed":0,"gold_gain":0,"player_choice":"Take Damage","damage_taken":21,"relics_obtained":["Golden Idol"],"max_hp_gain":0,"max_hp_loss":0,"event_name":"Golden Idol","floor":2,"gold_loss":0}],"is_beta":false,"boss_relics":[{"not_picked":["SacredBark","strawberrySpire:JuiceKeg"],"picked":"REME_ChargedStone"}],"items_purged_floors":[8,8],"is_endless":false,"potions_floor_spawned":[5,14,18,1,10,13,14,16],"ascension_level":0}}