{"host":"9nt1zhl3k8mtcf72","time":1610942413,"event":{"mods":["Aspiration","BaseMod","BetterRewards","Conjunction","Conspire","Downfall","Energized Spire","Friendly Minions","GifTheSpireLib","Halation","Hubris","Infinite Spire","JesterMod","Mimic Mod","Minty Spire (QoL Compilation)","RatMod","Spikes Relics","StSLib","Stuff the Spire","Trackpad","Useless Jewels Mod","Wandering Minibosses","vexMod"],"gold_per_floor":[115,127,59,59,77,104,116,116,148,148,166,227,227,227],"floor_reached":13,"language":"ENG","playtime":576,"items_purged":[],"score":85,"play_id":"1fb17300-90cf-4231-9aa0-841dbbb67975","local_time":"20210117230013","is_ascension_mode":false,"campfire_choices":[{"floor":8,"key":"REST"},{"floor":10,"key":"REST"}],"circlet_count":0,"master_deck":["jesterMod:Strike","jesterMod:Strike","jesterMod:Strike","jesterMod:Strike","jesterMod:Sickle","jesterMod:Defend","jesterMod:Defend","jesterMod:Defend","jesterMod:Defend","jesterMod:Dodge","jesterMod:Schizophrenia","jesterMod:DesperateStrike","jesterMod:Illness","jesterMod:RecklessStrike","bronze:BronzeOrb","bronze:Iterate","bronze:Deprecate","jesterMod:DancingMad"],"relics":["Guardian:ModeShifter","NeowsBlessing","infinitespire:Cubic Diamond","hubris:DisguiseKit","StuffTheSpire:OldFever"],"acts_visited":["Exordium"],"potions_floor_usage":[6,12],"damage_taken":[{"damage":0,"enemies":"Cultist","floor":1,"turns":1},{"damage":0,"enemies":"Small Slimes","floor":2,"turns":1},{"damage":0,"enemies":"2 Louse","floor":5,"turns":1},{"damage":33,"enemies":"3 Sentries","floor":6,"turns":8},{"damage":23,"enemies":"Exordium Thugs","floor":7,"turns":5},{"damage":10,"enemies":"Large Slime","floor":9,"turns":5},{"damage":19,"enemies":"Large Slime","floor":11,"turns":6},{"damage":18,"enemies":"3 Sentries","floor":12,"turns":8},{"damage":16,"enemies":"Gremlin Nob","floor":13,"turns":2}],"seed_played":"-1988342471462772939","potions_obtained":[{"floor":1,"key":"Fire Potion"},{"floor":2,"key":"Energy Potion"},{"floor":12,"key":"EssenceOfSteel"}],"is_trial":false,"path_per_floor":["M","M","$","?","M","E","M","R","MIM","R","M","?","E"],"character_chosen":"THE_JESTER","items_purchased":["jesterMod:Illness"],"campfire_rested":2,"item_purchase_floors":[3],"current_hp_per_floor":[70,70,70,70,70,37,14,35,25,46,27,9,0,0],"gold":227,"neow_bonus":"THREE_ENEMY_KILL","is_daily":false,"chose_seed":false,"campfire_upgraded":0,"win_rate":0.0,"timestamp":1610942413,"path_taken":["M","M","?","?","M","E","?","R","MIM","R","M","?","E"],"items_purchased_type":["Card"],"build_version":"2020-12-22","purchased_purges":0,"victory":false,"max_hp_per_floor":[70,70,70,70,70,70,70,70,70,70,70,70,70,70],"card_choices":[{"not_picked":["jesterMod:Prankster","jesterMod:Precipitation"],"picked":"jesterMod:Schizophrenia","floor":1},{"not_picked":["jesterMod:OblivionStrike","jesterMod:QuickStrike"],"picked":"jesterMod:DesperateStrike","floor":2},{"not_picked":["jesterMod:SelfMockery","jesterMod:BouncingKnife","jesterMod:DancingMad"],"picked":"SKIP","floor":5},{"not_picked":["jesterMod:Squander","jesterMod:Feint"],"picked":"jesterMod:RecklessStrike","floor":6},{"not_picked":["jesterMod:Taunt","jesterMod:BouncingKnife","jesterMod:JackInTheBox"],"picked":"bronze:BronzeOrb","floor":7},{"not_picked":["jesterMod:Loot","jesterMod:Patience","jesterMod:Hide"],"picked":"bronze:Iterate","floor":9},{"not_picked":["jesterMod:SwiftDodge","jesterMod:Taunt","jesterMod:ButterKnife"],"picked":"bronze:Deprecate","floor":11},{"not_picked":["jesterMod:OblivionStrike","jesterMod:Schizophrenia","bronze:BitShift"],"picked":"jesterMod:DancingMad","floor":12}],"player_experience":489015,"relics_obtained":[{"floor":6,"key":"hubris:DisguiseKit"},{"floor":12,"key":"StuffTheSpire:OldFever"}],"event_choices":[{"damage_healed":0,"gold_gain":0,"player_choice":"Searched \u00271\u0027 times","damage_taken":0,"max_hp_gain":0,"max_hp_loss":0,"event_name":"Dead Adventurer","floor":12,"gold_loss":0}],"is_beta":false,"boss_relics":[],"items_purged_floors":[],"is_endless":false,"potions_floor_spawned":[1,2,12],"killed_by":"Gremlin Nob","ascension_level":0}}