{"host":"Jinnai","time":1610998065,"event":{"mods":["BaseMod","Bestiary","Block Reminder","Colored Map","Colored Powertips","Highlight Path","Minty Spire (QoL Compilation)","Quick Restart","Relic Stats","StSLib"],"gold_per_floor":[113,128,13,13,90,125,125,141,141,141,141,172,188,113,113,202,202,218,238,153,153,166,166,166,166],"floor_reached":24,"language":"ENG","playtime":924,"items_purged":[],"score":483,"play_id":"ebc3cff3-242b-4494-800e-f09800f3536c","local_time":"20210118142745","is_ascension_mode":true,"campfire_choices":[{"data":"Noxious Fumes","floor":7,"key":"SMITH"},{"data":"Dash","floor":10,"key":"SMITH"},{"data":"Cloak And Dagger","floor":15,"key":"SMITH"},{"data":"Wraith Form v2","floor":23,"key":"SMITH"}],"circlet_count":0,"master_deck":["AscendersBane","Strike_G","Strike_G","Strike_G","Strike_G","Defend_G","Defend_G","Defend_G","Defend_G","Survivor","Neutralize","Noxious Fumes+1","Dash+1","Bane","Poisoned Stab","Cloak And Dagger+1","Heel Hook","Backflip","Wraith Form v2+1","Dodge and Roll","Deflect","Tactician","Blur"],"relics":["Ring of the Snake","NeowsBlessing","FossilizedHelix","Paper Crane","White Beast Statue","Golden Idol","Kunai","SacredBark","PreservedInsect"],"acts_visited":["Exordium","TheCity"],"potions_floor_usage":[12,13,16,18,19,22,22,22,22,24],"damage_taken":[{"damage":0,"enemies":"2 Louse","floor":1,"turns":1},{"damage":0,"enemies":"Small Slimes","floor":2,"turns":1},{"damage":0,"enemies":"3 Sentries","floor":6,"turns":2},{"damage":0,"enemies":"Jaw Worm","floor":8,"turns":4},{"damage":0,"enemies":"Lagavulin","floor":12,"turns":7},{"damage":0,"enemies":"2 Fungi Beasts","floor":13,"turns":3},{"damage":12,"enemies":"Slime Boss","floor":16,"turns":11},{"damage":29,"enemies":"Spheric Guardian","floor":18,"turns":6},{"damage":16,"enemies":"2 Thieves","floor":19,"turns":4},{"damage":0,"enemies":"Snake Plant","floor":22,"turns":3},{"damage":44,"enemies":"Slavers","floor":24,"turns":4}],"seed_played":"7710376315588559621","potions_obtained":[{"floor":1,"key":"DistilledChaos"},{"floor":2,"key":"SkillPotion"},{"floor":12,"key":"EntropicBrew"},{"floor":13,"key":"Fire Potion"},{"floor":16,"key":"EntropicBrew"},{"floor":19,"key":"Poison Potion"},{"floor":22,"key":"Strength Potion"}],"is_trial":false,"path_per_floor":["M","M","$","?","?","E","R","M","T","R","?","E","M","?","R","B",null,"M","M","?","?","M","R","E"],"character_chosen":"THE_SILENT","items_purchased":["Bane","Poisoned Stab"],"campfire_rested":0,"item_purchase_floors":[3,3],"current_hp_per_floor":[59,59,59,33,33,33,33,33,33,33,33,33,33,33,33,21,50,21,5,5,5,32,32,0,0],"gold":166,"neow_bonus":"THREE_ENEMY_KILL","is_daily":false,"chose_seed":false,"campfire_upgraded":4,"win_rate":0.0,"timestamp":1610998065,"path_taken":["M","M","$","?","?","E","R","M","T","R","?","E","M","?","R","BOSS","M","M","?","?","M","R","E"],"items_purchased_type":["Card","Card"],"build_version":"2020-12-18","purchased_purges":0,"victory":false,"max_hp_per_floor":[66,66,66,66,66,66,66,66,66,66,60,60,60,60,60,60,60,60,60,60,60,60,60,60,60],"relic_stats":{"counters":[11,46],"Golden Idol":37,"PreservedInsect":41,"Kunai":[15],"obtain_stats":[{"NeowsBlessing":0,"Golden Idol":11,"SacredBark":17,"PreservedInsect":20,"Kunai":12,"Paper Crane":6,"FossilizedHelix":4,"White Beast Statue":9,"Ring of the Snake":0},{"NeowsBlessing":0,"Golden Idol":4,"SacredBark":7,"PreservedInsect":9,"Kunai":5,"Paper Crane":3,"FossilizedHelix":2,"White Beast Statue":4,"Ring of the Snake":0},{"NeowsBlessing":0,"Golden Idol":8,"SacredBark":29,"PreservedInsect":39,"Kunai":15,"Paper Crane":4,"FossilizedHelix":2,"White Beast Statue":8,"Ring of the Snake":0}],"Ring of the Snake":[22]},"card_choices":[{"not_picked":["Masterful Stab","Prepared"],"picked":"Noxious Fumes","floor":1},{"not_picked":["Escape Plan","Well Laid Plans"],"picked":"Dash","floor":2},{"not_picked":["Poisoned Stab","Flechettes","Deflect"],"picked":"SKIP","floor":6},{"not_picked":["Dodge and Roll","Deflect"],"picked":"Cloak And Dagger","floor":8},{"not_picked":["Reflex","Caltrops"],"picked":"Heel Hook","floor":12},{"not_picked":["Crippling Poison","Skewer"],"picked":"Backflip","floor":13},{"not_picked":["After Image","Storm of Steel"],"picked":"Wraith Form v2","floor":16},{"not_picked":["Outmaneuver","Dash"],"picked":"Dodge and Roll","floor":18},{"not_picked":["PiercingWail","Acrobatics"],"picked":"Deflect","floor":19},{"not_picked":["Deflect","Outmaneuver"],"picked":"Blur","floor":22}],"player_experience":1528687,"relics_obtained":[{"floor":6,"key":"Paper Crane"},{"floor":9,"key":"White Beast Statue"},{"floor":12,"key":"Kunai"}],"event_choices":[{"damage_healed":0,"gold_gain":0,"player_choice":"Success","damage_taken":26,"relics_obtained":["FossilizedHelix"],"max_hp_gain":0,"max_hp_loss":0,"event_name":"Scrap Ooze","floor":4,"gold_loss":0},{"damage_healed":0,"gold_gain":77,"player_choice":"Gained Gold","damage_taken":0,"max_hp_gain":0,"max_hp_loss":0,"event_name":"Golden Wing","floor":5,"gold_loss":0},{"damage_healed":0,"gold_gain":0,"player_choice":"Lose Max HP","damage_taken":0,"relics_obtained":["Golden Idol"],"max_hp_gain":0,"max_hp_loss":6,"event_name":"Golden Idol","floor":11,"gold_loss":0},{"cards_removed":["Defend_G"],"damage_healed":0,"gold_gain":0,"player_choice":"Card Removal","damage_taken":0,"max_hp_gain":0,"max_hp_loss":0,"event_name":"The Cleric","floor":14,"gold_loss":75},{"damage_healed":0,"gold_gain":0,"player_choice":"Obtained Relic","damage_taken":0,"relics_obtained":["PreservedInsect"],"max_hp_gain":0,"max_hp_loss":0,"event_name":"Addict","floor":20,"gold_loss":85},{"damage_healed":0,"gold_gain":0,"cards_transformed":["Strike_G"],"player_choice":"Transformed","damage_taken":0,"max_hp_gain":0,"max_hp_loss":0,"event_name":"Transmorgrifier","floor":21,"gold_loss":0,"cards_obtained":["Tactician"]}],"is_beta":true,"boss_relics":[{"not_picked":["Ring of the Serpent","Cursed Key"],"picked":"SacredBark"}],"items_purged_floors":[],"is_endless":false,"potions_floor_spawned":[1,2,6,12,13,16,18,19,22],"killed_by":"Slavers","ascension_level":18}}