{"host":"d54lcqy5t45er8jx","time":1610982526,"event":{"mods":["2.2 Compatiblity","BaseMod","CapriCore","Defuse TimeMaze Blight","Hermit","Hubris","Infinite Spire","Marisa£¨Ùöéë¡¡Øª×âÞÞ£©","Minty Spire (QoL Compilation)","Rare Cards Sparkle","Relic Stats","StSLib","The Animator","The Cursed","The Immortal","The Servant 0.9.4","WarShipGirlsR/??á´Ò³R mod"],"gold_per_floor":[109,109,126,146,146,179,179,222,222,222,238,263,304,151,151,228,228,259,277,304,304,316,358,358,392,416,416,444,479,509,509,509,651,651,669,714,845,893,893,969,969,999,999,999,1036,1047,1104,1131,1131,1262,1262,1262],"floor_reached":51,"language":"ENG","playtime":3105,"items_purged":["MachineGunSpark","DoubleSpark","DC"],"score":2140,"play_id":"36a97c8f-91d9-4a80-91ec-b59f20bd4849","local_time":"20210119000846","daily_mods":["Draft","Insanity","ControlledChaos","Heirloom","DeadlyEvents","Elite Swarm","Uncertain Future"],"is_ascension_mode":true,"campfire_choices":[{"data":"Singularity","floor":7.0,"key":"SMITH"},{"data":"Occultation","floor":10.0,"key":"SMITH"},{"data":"IllusionStar","floor":15.0,"key":"SMITH"},{"floor":24.0,"key":"DIG"},{"floor":27.0,"key":"DIG"},{"data":"GalacticHalo","floor":32.0,"key":"SMITH"},{"data":"ChargingUp","floor":41.0,"key":"SMITH"},{"data":"MagicChant","floor":49,"key":"SMITH"}],"circlet_count":0,"master_deck":["AscendersBane","IllusionStar+1","Singularity+1","GalacticHalo+1","Occultation+1","ChargingUp+1","PulseMagic","IllusionStar","GalacticHalo","Acceleration","DeepEcoloBomb","MysteriousBeam","WitchOfGreed","DarkSpark","PropBag","LuminesStrike+1","Singularity","DeepEcoloBomb","MilkyWay","MysteriousBeam","PowerUp","MilkyWay","WitchOfGreed","IllusionStar","UnstableBomb","PowerUp","GasGiant","MagicChant+1","SporeBomb","OneTimeOff","IllusionStar+1","GrandCross","ChargeUpSpray","GravityBeat","PowerUp","GalacticHalo","MysteriousBeam","PowerUp","MilkyWay","GravityBeat+1","MagicChant","MysteriousBeam","Acceleration","DoubleSpark","WitchLeyline","Orbital","GalacticHalo","Acceleration","Robbery","MysteriousBeam","DarkMatter","OpenUniverse","SporeBomb","MagicAbsorber","GravityBeat","GrandCross","WitchOfGreed","IllusionStar","SporeBomb","GalacticHalo","PulseMagic","ManaRampage","IllusionStar+1","MaximisePower","TreasureHunter","GalacticHalo","IllusionStar+1","IllusionStar+1","IllusionStar","MilkyWay","OpenUniverse","SatelliteIllusion","MilkyWay+1","UltimateShortwave","ChargingUp","IllusionStar","infinitespire:Collect","IllusionStar","UltimateShortwave","IllusionStar+1","BigCrunch","OpenUniverse+1","SatelliteIllusion+1"],"relics":["MiniHakkero","Frozen Eye","infinitespire:Lychee Nut","Lizard Tail","infinitespire:Bottled Soul","Darkstone Periapt","Bag of Preparation","Question Card","infinitespire:Cupcake","Shovel","War Paint","Shuriken","Whetstone","Orichalcum","AmplifyWand","Mummified Hand","Pantograph","Bronze Scales","Oddly Smooth Stone","Sozu","Blue Candle","FossilizedHelix","Black Star","Pocketwatch","infinitespire:Beetle Shell","Toolbox","Empty Cage","Frozen Egg 2","Vajra","MealTicket","CeramicFish","InkBottle","Blue Candle","Kunai"],"acts_visited":["TheCity","TheBeyond"],"potions_floor_usage":[],"damage_taken":[{"damage":12.0,"enemies":"Jaw Worm","floor":1.0,"turns":2.0},{"damage":0.0,"enemies":"Cultist","floor":3.0,"turns":2.0},{"damage":0.0,"enemies":"Small Slimes","floor":4.0,"turns":3.0},{"damage":0.0,"enemies":"Gremlin Nob","floor":6.0,"turns":2.0},{"damage":23.0,"enemies":"Lagavulin","floor":8.0,"turns":4.0},{"damage":8.0,"enemies":"Blue Slaver","floor":11.0,"turns":2.0},{"damage":8.0,"enemies":"Gremlin Nob","floor":12.0,"turns":3.0},{"damage":6.0,"enemies":"3 Sentries","floor":13.0,"turns":11.0},{"damage":18.0,"enemies":"Slime Boss","floor":16.0,"turns":4.0},{"damage":11.0,"enemies":"2 Thieves","floor":18.0,"turns":3.0},{"damage":9.0,"enemies":"Shell Parasite","floor":19.0,"turns":3.0},{"damage":7.0,"enemies":"Snake Plant","floor":20.0,"turns":2.0},{"damage":3.0,"enemies":"Cultist and Chosen","floor":22.0,"turns":5.0},{"damage":19.0,"enemies":"Book of Stabbing","floor":23.0,"turns":4.0},{"damage":16.0,"enemies":"Slavers","floor":25.0,"turns":4.0},{"damage":0.0,"enemies":"Nightmare","floor":28.0,"turns":3.0},{"damage":11.0,"enemies":"Centurion and Healer","floor":29.0,"turns":3.0},{"damage":6.0,"enemies":"Slavers","floor":30.0,"turns":4.0},{"damage":3.0,"enemies":"Collector","floor":33.0,"turns":5.0},{"damage":0.0,"enemies":"3 Shapes","floor":35.0,"turns":1.0},{"damage":11.0,"enemies":"3 Darklings","floor":36.0,"turns":4.0},{"damage":0.0,"enemies":"infinitespire:Three Voidlings","floor":37.0,"turns":3.0},{"damage":21.0,"enemies":"Nightmare_Alpha","floor":37.0,"turns":5.0},{"damage":0.0,"enemies":"Sphere and 2 Shapes","floor":38.0,"turns":3.0},{"damage":0.0,"enemies":"Giant Head","floor":40.0,"turns":4.0},{"damage":35.0,"enemies":"Nemesis","floor":42.0,"turns":5.0},{"damage":0,"enemies":"Maw","floor":45,"turns":1},{"damage":0,"enemies":"Jaw Worm Horde","floor":46,"turns":2},{"damage":0,"enemies":"Nightmare","floor":47,"turns":2},{"damage":0,"enemies":"Writhing Mass","floor":48,"turns":3},{"damage":36,"enemies":"infinitespire:MassOfShapes","floor":50,"turns":4},{"damage":60,"enemies":"Awakened One","floor":51,"turns":4}],"seed_played":"-1998791734990250503","potions_obtained":[{"floor":3.0,"key":"Energy Potion"},{"floor":8.0,"key":"SpeedPotion"},{"floor":20.0,"key":"Dexterity Potion"},{"floor":23.0,"key":"SpeedPotion"},{"floor":28.0,"key":"GamblersBrew"},{"floor":29.0,"key":"DuplicationPotion"}],"is_trial":true,"path_per_floor":["M","?","M","M","?","E","R","E","T","R","M","E","E","$","R","B",null,"M","M","M","?","M","E","R","E","T","R","NM","M","E","AVR","R","B",null,"M","M","?","M","AVR","E","R","E","T","?","M","M","NM","M","R","B","B"],"character_chosen":"MARISA","items_purchased":["GalacticHalo","IllusionStar"],"campfire_rested":0,"item_purchase_floors":[14,14],"current_hp_per_floor":[40,33,36,41,41,44,44,27,27,27,22,19,19,19,19,7,41,35,31,27,14,17,4,4,42,42,42,47,41,41,41,41,55,57,57,47,22,27,27,33,33,4,4,4,4,19,22,27,27,22,0,0],"gold":1262,"neow_bonus":"","is_daily":false,"chose_seed":false,"campfire_upgraded":6,"win_rate":0.0,"timestamp":1610982526,"path_taken":["M","?","M","M","?","E","R","E","T","R","M","E","?","$","R","BOSS","M","M","M","?","?","E","R","E","T","R","NM","M","?","AVR","R","BOSS","M","M","?","M","AVR","E","R","E","T","?","?","M","NM","M","R","BOSS","BOSS"],"items_purchased_type":["Card","Card"],"build_version":"2020-12-22","purchased_purges":3,"victory":false,"max_hp_per_floor":[52,52,52,52,52,52,52,52,52,52,52,52,52,52,52,52,52,52,52,52,57,57,57,57,57,57,57,57,57,57,57,57,57,57,57,57,62,62,62,62,62,62,62,62,62,62,62,62,62,62,62,62],"relic_stats":{"Darkstone Periapt":0,"counters":[32,110],"Blue Candle":[1],"CeramicFish":36,"Bag of Preparation":[50],"Whetstone":["GravityBeat","LuminesStrike"],"War Paint":["IllusionStar","IllusionStar"],"Orichalcum":[6],"Question Card":32,"Sozu":19,"Lizard Tail":28,"Shovel":2,"Shuriken":[22],"Mummified Hand":[76],"Pantograph":66,"Bronze Scales":[118],"MealTicket":0,"Black Star":3,"Kunai":[2],"obtain_stats":[{"Darkstone Periapt":9,"AmplifyWand":27,"Gremlin Horn":33,"CeramicFish":42,"Vajra":40,"Bag of Preparation":12,"Whetstone":25,"Empty Cage":39,"Sozu":31,"Frozen Eye":0,"Lizard Tail":6,"Shovel":23,"infinitespire:Bottled Soul":8,"Sundial":13,"Mummified Hand":20,"Pantograph":28,"Toolbox":39,"MealTicket":42,"Kunai":16,"InkBottle":47,"Blue Candle":23,"Oddly Smooth Stone":30,"infinitespire:Beetle Shell":37,"Letter Opener":45,"War Paint":24,"Orichalcum":26,"Frozen Egg 2":40,"Question Card":13,"infinitespire:Lychee Nut":0,"Shuriken":4,"Ornamental Fan":16,"Bronze Scales":30,"Black Star":34,"MiniHakkero":0,"FossilizedHelix":33,"infinitespire:Cupcake":17,"Meat on the Bone":29,"Pocketwatch":37},{"Darkstone Periapt":5,"AmplifyWand":15,"Gremlin Horn":19,"CeramicFish":26,"Vajra":25,"Bag of Preparation":7,"Whetstone":15,"Empty Cage":24,"Sozu":18,"Frozen Eye":0,"Lizard Tail":4,"Shovel":14,"infinitespire:Bottled Soul":5,"Sundial":8,"Mummified Hand":12,"Pantograph":16,"Toolbox":24,"MealTicket":26,"Kunai":9,"InkBottle":29,"Blue Candle":14,"Oddly Smooth Stone":18,"infinitespire:Beetle Shell":23,"Letter Opener":27,"War Paint":14,"Orichalcum":15,"Frozen Egg 2":25,"Question Card":8,"infinitespire:Lychee Nut":0,"Shuriken":3,"Ornamental Fan":9,"Bronze Scales":18,"Black Star":19,"MiniHakkero":0,"FossilizedHelix":19,"infinitespire:Cupcake":9,"Meat on the Bone":17,"Pocketwatch":23},{"Darkstone Periapt":13,"AmplifyWand":54,"Gremlin Horn":68,"CeramicFish":94,"Vajra":89,"Bag of Preparation":18,"Whetstone":54,"Empty Cage":85,"Sozu":64,"Frozen Eye":0,"Lizard Tail":9,"Shovel":50,"infinitespire:Bottled Soul":13,"Sundial":19,"Mummified Hand":40,"Pantograph":57,"Toolbox":85,"MealTicket":94,"Kunai":32,"InkBottle":99,"Blue Candle":49,"Oddly Smooth Stone":64,"infinitespire:Beetle Shell":82,"Letter Opener":95,"War Paint":50,"Orichalcum":54,"Frozen Egg 2":89,"Question Card":29,"infinitespire:Lychee Nut":0,"Shuriken":7,"Ornamental Fan":30,"Bronze Scales":64,"Black Star":69,"MiniHakkero":0,"FossilizedHelix":69,"infinitespire:Cupcake":33,"Meat on the Bone":59,"Pocketwatch":82}],"InkBottle":[7],"Pocketwatch":[6]},"card_choices":[{"not_picked":["DoubleSpark","LuminesStrike"],"picked":"WitchLeyline","floor":0.0},{"not_picked":["DoubleSpark","PropBag"],"picked":"Orbital","floor":0.0},{"not_picked":["DeepEcoloBomb","SprinkleStarSeal"],"picked":"GalacticHalo","floor":0.0},{"not_picked":["DarkSpark","ShootingEcho"],"picked":"Acceleration","floor":0.0},{"not_picked":["EnergyRecoil","GrandCross"],"picked":"Robbery","floor":0.0},{"not_picked":["UnstableBomb","6A"],"picked":"MysteriousBeam","floor":0.0},{"not_picked":["MachineGunSpark","DoubleSpark"],"picked":"DarkMatter","floor":0.0},{"not_picked":["EnergyRecoil","Acceleration"],"picked":"OpenUniverse","floor":0.0},{"not_picked":["DoubleSpark","DC"],"picked":"SporeBomb","floor":0.0},{"not_picked":["MysteriousBeam","NonDirectionalLaser"],"picked":"MagicAbsorber","floor":0.0},{"not_picked":["MysteriousBeam","DC"],"picked":"GravityBeat","floor":0.0},{"not_picked":["DeepEcoloBomb","6A"],"picked":"GrandCross","floor":0.0},{"not_picked":["SporeBomb","LuminesStrike"],"picked":"WitchOfGreed","floor":0.0},{"not_picked":["GrandCross","Acceleration"],"picked":"IllusionStar","floor":0.0},{"not_picked":["FairyDestructionRay","NonDirectionalLaser"],"picked":"SporeBomb","floor":0.0},{"not_picked":["MeteoricShower","SporeBomb"],"picked":"GalacticHalo","floor":1.0},{"not_picked":["MeteoricShower","SprinkleStarSeal","StarBarrage"],"picked":"SKIP","floor":3.0},{"not_picked":["AlicesGift","UnstableBomb","DragonMeteor"],"picked":"SKIP","floor":4.0},{"not_picked":["BinaryStars","UltimateShortwave"],"picked":"ManaRampage","floor":6.0},{"not_picked":["MillisecondPulsars","FinalSpark","SuperNova"],"picked":"SKIP","floor":8.0},{"not_picked":["MagicAbsorber","UnstableBomb"],"picked":"IllusionStar","floor":11.0},{"not_picked":["StarDustReverie","SuperNova"],"picked":"MaximisePower","floor":12.0},{"not_picked":["SatelliteIllusion","StarDustReverie"],"picked":"TreasureHunter","floor":13.0},{"not_picked":["MysteriousBeam","EarthLightRay+1","ShootTheMoon"],"picked":"IllusionStar+1","floor":18.0},{"not_picked":["OortCloud+1","OneTimeOff","UnstableBomb"],"picked":"IllusionStar","floor":19.0},{"not_picked":["NonDirectionalLaser","Robbery","FairyDestructionRay"],"picked":"MilkyWay","floor":20.0},{"not_picked":["StarlightTyphoon","GravityBeat","Singularity+1"],"picked":"OpenUniverse","floor":22.0},{"not_picked":["EscapeVelocity","StarDustReverie","FinalSpark","MaximisePower"],"picked":"SKIP","floor":23.0},{"not_picked":["EscapeVelocity","StarDustReverie","FinalSpark","MaximisePower"],"picked":"SKIP","floor":23.0},{"not_picked":["BinaryStars","MaximisePower","SuperNova","StarDustReverie"],"picked":"SKIP","floor":25.0},{"not_picked":["AbsoluteMagnitude","ManaRampage","CollectingQuirk"],"picked":"SatelliteIllusion","floor":28.0},{"not_picked":["SporeBomb","StarBarrage","RefractionSpark"],"picked":"MilkyWay+1","floor":29.0},{"not_picked":["BinaryStars","ManaRampage","StarDustReverie","BlazingStar"],"picked":"SKIP","floor":30.0},{"not_picked":["MillisecondPulsars","ManaRampage","MaximisePower"],"picked":"UltimateShortwave","floor":33.0},{"not_picked":["Acceleration+1","GrandCross","DC"],"picked":"ChargingUp","floor":35.0},{"not_picked":["ShootingEcho","MillisecondPulsars","DC"],"picked":"IllusionStar","floor":36.0},{"not_picked":["hubris:Rewind","infinitespire:FinalStrike"],"picked":"infinitespire:Collect","floor":37.0},{"not_picked":["UnstableBomb","EventHorizon","StarlightTyphoon"],"picked":"IllusionStar","floor":38.0},{"not_picked":["AbsoluteMagnitude","ManaRampage","StarDustReverie"],"picked":"UltimateShortwave","floor":40.0},{"not_picked":["JA","EscapeVelocity+1","BinaryStars","CasketOfStar+1"],"picked":"SKIP","floor":42.0},{"not_picked":["ChargeUpSpray","AsteroidBelt","MachineGunSpark"],"picked":"IllusionStar+1","floor":45},{"not_picked":["FairyDestructionRay","AlicesGift","RefractionSpark","OortCloud+1"],"picked":"SKIP","floor":46},{"not_picked":["StarDustReverie","MaximisePower","FinalSpark"],"picked":"BigCrunch","floor":47},{"not_picked":["MysteriousBeam+1","SprinkleStarSeal","6A+1"],"picked":"OpenUniverse+1","floor":48},{"not_picked":["TreasureHunter","EscapeVelocity+1","BlazingStar"],"picked":"SatelliteIllusion+1","floor":50}],"player_experience":840097,"relics_obtained":[{"floor":6.0,"key":"Lizard Tail"},{"floor":8.0,"key":"infinitespire:Bottled Soul"},{"floor":9.0,"key":"Darkstone Periapt"},{"floor":12.0,"key":"Bag of Preparation"},{"floor":13.0,"key":"Question Card"},{"floor":23.0,"key":"Shovel"},{"floor":24.0,"key":"War Paint"},{"floor":25.0,"key":"Shuriken"},{"floor":25.0,"key":"Whetstone"},{"floor":26.0,"key":"Orichalcum"},{"floor":27.0,"key":"AmplifyWand"},{"floor":28.0,"key":"Mummified Hand"},{"floor":28.0,"key":"Pantograph"},{"floor":30.0,"key":"Bronze Scales"},{"floor":30.0,"key":"Oddly Smooth Stone"},{"floor":33.0,"key":"FossilizedHelix"},{"floor":37.0,"key":"Pocketwatch"},{"floor":37.0,"key":"infinitespire:Beetle Shell"},{"floor":40.0,"key":"Frozen Egg 2"},{"floor":40.0,"key":"Vajra"},{"floor":42.0,"key":"MealTicket"},{"floor":42.0,"key":"CeramicFish"},{"floor":47,"key":"InkBottle"},{"floor":47,"key":"Blue Candle"}],"event_choices":[{"cards_removed":["DC"],"damage_healed":0.0,"max_hp_gain":0.0,"max_hp_loss":0.0,"gold_gain":0.0,"event_name":"Golden Wing","player_choice":"Card Removal","floor":2.0,"gold_loss":0.0,"damage_taken":7.0},{"damage_healed":0.0,"max_hp_gain":0.0,"max_hp_loss":0.0,"gold_gain":0.0,"cards_transformed":["DC"],"event_name":"Transmorgrifier","player_choice":"Transformed","floor":5.0,"gold_loss":0.0,"damage_taken":0.0,"cards_obtained":["PulseMagic"]},{"damage_healed":0.0,"max_hp_gain":5.0,"max_hp_loss":0.0,"gold_gain":0.0,"event_name":"Forgotten Altar","player_choice":"Shed Blood","floor":21.0,"gold_loss":0.0,"damage_taken":18.0},{"damage_healed":0.0,"max_hp_gain":5.0,"max_hp_loss":0.0,"gold_gain":0.0,"event_name":"Forgotten Altar","player_choice":"Shed Blood","floor":37.0,"gold_loss":0.0,"damage_taken":20.0}],"is_beta":false,"boss_relics":[{"not_picked":["Cursed Key","Runic Pyramid"],"picked":"infinitespire:Cupcake"},{"not_picked":["Coffee Dripper","Velvet Choker"],"picked":"Black Star"}],"items_purged_floors":[14,31,39],"is_endless":true,"potions_floor_spawned":[3,8,11,13,16,18,28,29,33,35,37,38,45,47,50],"killed_by":"Awakened One","ascension_level":20}}