{"host":"nukjzc0ca34w6eem","time":1610994569,"event":{"mods":["2.2 Compatiblity","AchievementEnabler","BaseMod","Colored Powertips","Downfall","Minty Spire (QoL Compilation)","StSLib"],"gold_per_floor":[99,110,120,120,220,16,16,16,30,30,30,47,47,74,88,193,193,193,208,46,46,63,63,63,79,79,79,93,111,111,129,147,242,242,242,254,273,273,292,322,322,355,55,102,114,58,58,58,77,77,77,77],"floor_reached":50,"language":"ENG","playtime":5371,"items_purged":["Guardian:Strike_Guardian","Guardian:GemFinder+1"],"score":906,"play_id":"f71f7e35-0677-4675-81d6-680c1d2ad6c0","local_time":"20210118102929","is_ascension_mode":true,"campfire_choices":[{"data":"Forethought","floor":1,"key":"SMITH"},{"data":"Guardian:Repulse","floor":8,"key":"SMITH"},{"floor":11,"key":"REST"},{"data":"Guardian:GemFinder","floor":13,"key":"SMITH"},{"data":"Guardian:CompilePackage","floor":18,"key":"SMITH"},{"floor":23,"key":"RECALL"},{"data":"Guardian:FloatingOrbs","floor":30,"key":"SMITH"},{"data":"Guardian:SentryBeam","floor":35,"key":"SMITH"},{"floor":43,"key":"REST"},{"floor":47,"key":"REST"}],"circlet_count":0,"master_deck":["Guardian:CurlUp","Guardian:TwinSlam","Forethought+1","Guardian:FuturePlans","Parasite","Parasite","downfall:Icky","Decay","Guardian:RevengeProtocol","Guardian:WalkerClaw","Guardian:Repulse+1","Guardian:MultiBeam","Guardian:TemporalShield","Guardian:Suspension","Guardian:PiercingHide","Guardian:BaubleBeam","Guardian:SphericShield","Guardian:SentryBeam+1","Guardian:CompilePackage+1","Guardian:SpikerProtocol","downfall:Malfunctioning","Guardian:PrimingBeam","Guardian:FloatingOrbs+1","Guardian:EvasiveProtocol+1","Guardian:ExploitGems","Guardian:CrystalBeam+1","Pain","Guardian:DecasProtection","Guardian:PrismaticBeam","Guardian:GemFire","expansioncontent:StudyTheSpire","expansioncontent:Hexaburn","Parasite","Guardian:BodySlam+1"],"relics":["Guardian:ModeShifter","downfall:ShatteredFragment","Du-Vu Doll","Bottled Tornado","Letter Opener","MealTicket","Pandora\u0027s Box","Membership Card","Lizard Tail","Black Star","InkBottle","WingedGreaves","Dream Catcher","hexamod:Sixitude","downfall:HeartBlessingRed","downfall:HeartBlessingGreen","downfall:HeartBlessingBlue","Turnip","Bottled Lightning"],"acts_visited":["Exordium","TheCity","TheBeyond"],"potions_floor_usage":[6,16,16,33,39,40],"damage_taken":[{"damage":11,"enemies":"Small Slimes","floor":2,"turns":6},{"damage":3,"enemies":"2 Louse","floor":3,"turns":2},{"damage":2,"enemies":"downfall:FleeingMerchant","floor":6,"turns":4},{"damage":14,"enemies":"Jaw Worm","floor":9,"turns":2},{"damage":0,"enemies":"Blue Slaver","floor":12,"turns":2},{"damage":20,"enemies":"Lagavulin","floor":14,"turns":4},{"damage":7,"enemies":"Large Slime","floor":15,"turns":4},{"damage":24,"enemies":"WA_ARCHETYPE_RETAIN","floor":16,"turns":8},{"damage":1,"enemies":"Shell Parasite","floor":19,"turns":3},{"damage":9,"enemies":"downfall:FleeingMerchant","floor":20,"turns":4},{"damage":0,"enemies":"Chosen","floor":22,"turns":4},{"damage":16,"enemies":"Centurion and Healer","floor":25,"turns":4},{"damage":0,"enemies":"Sentry and Sphere","floor":28,"turns":4},{"damage":0,"enemies":"3 Cultists","floor":29,"turns":4},{"damage":5,"enemies":"Cultist and Chosen","floor":31,"turns":5},{"damage":8,"enemies":"Chosen and Byrds","floor":32,"turns":3},{"damage":22,"enemies":"DF_ARCHETYPE_CLAW","floor":33,"turns":8},{"damage":13,"enemies":"3 Shapes","floor":36,"turns":3},{"damage":0,"enemies":"3 Darklings","floor":37,"turns":1},{"damage":17,"enemies":"Transient","floor":39,"turns":5},{"damage":30,"enemies":"Nemesis","floor":40,"turns":5},{"damage":35,"enemies":"Reptomancer","floor":42,"turns":5},{"damage":30,"enemies":"2 Orb Walkers","floor":44,"turns":4},{"damage":28,"enemies":"4 Shapes","floor":45,"turns":3},{"damage":0,"enemies":"downfall:FleeingMerchant","floor":46,"turns":2},{"damage":8,"enemies":"Writhing Mass","floor":49,"turns":3},{"damage":77,"enemies":"SI_POISON_ARCHETYPE","floor":50,"turns":8}],"seed_played":"3824223326391775434","potions_obtained":[{"floor":2,"key":"PowerPotion"},{"floor":14,"key":"Regen Potion"},{"floor":16,"key":"Fruit Juice"},{"floor":22,"key":"SmokeBomb"},{"floor":25,"key":"hexamod:SoulburnPotion"},{"floor":28,"key":"ColorlessPotion"},{"floor":31,"key":"hexamod:SoulburnPotion"},{"floor":32,"key":"Strength Potion"},{"floor":33,"key":"Energy Potion"},{"floor":49,"key":"Block Potion"}],"is_trial":false,"path_per_floor":["R","M","M","?","?","$","T","R","M","?","R","M","R","E","M","B",null,"R","M","$","?","M","R","T","M","?","?","M","M","R","M","M","B",null,"R","M","M","?","M","E","T","E","R","?","M","$","R","?","M","B"],"character_chosen":"GUARDIAN","items_purchased":["Guardian:Repulse","Guardian:MultiBeam","Membership Card","Guardian:GemFire","Bottled Lightning","expansioncontent:StudyTheSpire","GamblersBrew"],"campfire_rested":3,"item_purchase_floors":[6,6,20,46,46,46,46],"current_hp_per_floor":[72,61,58,34,39,37,37,37,23,20,45,45,45,25,18,14,71,71,70,76,76,76,76,76,60,60,60,60,60,60,55,47,25,74,74,61,61,74,57,27,27,51,94,64,36,51,84,84,76,0,0,0],"gold":77,"neow_bonus":"RANDOM_COLORLESS","is_daily":false,"chose_seed":false,"campfire_upgraded":6,"win_rate":0.0,"timestamp":1610994569,"path_taken":["R","M","M","?","?","$","T","R","M","?","R","M","R","E","M","BOSS","R","M","$","?","M","R","T","M","?","?","M","M","R","M","M","BOSS","R","M","M","?","M","E","T","E","R","?","M","?","R","?","M","BOSS"],"items_purchased_type":["Card","Card","Relic","Card","Relic","Card","Potion"],"build_version":"2020-12-22","purchased_purges":2,"victory":false,"max_hp_per_floor":[80,80,80,80,85,85,85,85,85,85,85,85,85,85,85,90,90,90,90,90,90,90,90,90,90,90,90,90,90,90,90,90,90,90,90,90,90,103,103,103,103,103,113,113,113,113,113,113,113,113,113,113],"card_choices":[{"not_picked":["Trip","Madness"],"picked":"Forethought","floor":0},{"not_picked":["Guardian:Recover","Guardian:TemporalShield"],"picked":"Guardian:RollAttack","floor":2},{"not_picked":["Guardian:PolyBeam","Guardian:WalkerClaw"],"picked":"Guardian:FuturePlans","floor":3},{"not_picked":["Guardian:Planning","Guardian:ChargeCore"],"picked":"Guardian:WalkerClaw","floor":6},{"not_picked":["Guardian:BodySlam","Guardian:PolyBeam"],"picked":"Guardian:TemporalShield","floor":9},{"not_picked":["Guardian:PiercingHide","Guardian:Planning"],"picked":"Guardian:GemFinder","floor":12},{"not_picked":["Guardian:Recover","Guardian:Emergency"],"picked":"Guardian:Suspension","floor":14},{"not_picked":["Guardian:Gem_Lightblue","Guardian:Gem_Green"],"picked":"Guardian:Gem_Red","floor":14},{"not_picked":["Guardian:Gem_Green","Guardian:Gem_Red"],"picked":"Guardian:Gem_Cyan","floor":15},{"not_picked":["Guardian:WalkerClaw","Guardian:BronzeOrb"],"picked":"Guardian:PiercingHide","floor":15},{"not_picked":["Guardian:FastForward","Guardian:TimeSifter"],"picked":"Guardian:BaubleBeam","floor":16},{"not_picked":["Guardian:Gem_Green","Guardian:Gem_Lightblue"],"picked":"Guardian:Gem_Cyan","floor":16},{"not_picked":["Guardian:PrimingBeam","Guardian:Suspension","Guardian:ShieldCharger+1"],"picked":"SKIP","floor":19},{"not_picked":["Guardian:ChargeUp","Guardian:TemporalStrike"],"picked":"Guardian:SpikerProtocol","floor":20},{"not_picked":["Guardian:Gem_Lightblue","Guardian:Gem_Green"],"picked":"Guardian:Gem_Red","floor":22},{"not_picked":["Guardian:RollAttack+1","Guardian:GemFinder"],"picked":"Guardian:FloatingOrbs","floor":22},{"not_picked":["Guardian:Gem_Lightblue","Guardian:Gem_Green"],"picked":"Guardian:Gem_Red","floor":25},{"not_picked":["Guardian:RollAttack","Guardian:ShieldCharger+1","Guardian:BronzeOrb"],"picked":"SKIP","floor":25},{"not_picked":["Guardian:Gem_Red","Guardian:Gem_Cyan"],"picked":"Guardian:EvasiveProtocol+1","floor":28},{"not_picked":["Guardian:GuardianWhirl","Guardian:RollAttack","Guardian:Reroute"],"picked":"SKIP","floor":29},{"not_picked":["Guardian:Gem_Lightblue","Guardian:Gem_Green"],"picked":"Guardian:Gem_Cyan","floor":31},{"not_picked":["Guardian:Emergency","Guardian:Gem_Red","Guardian:Reroute"],"picked":"SKIP","floor":31},{"not_picked":["Guardian:Gem_Blue","Guardian:VentSteam","Guardian:BronzeOrb"],"picked":"SKIP","floor":32},{"not_picked":["Guardian:CompilePackage","Guardian:GemFire"],"picked":"Guardian:ExploitGems","floor":33},{"not_picked":["Guardian:Gem_Cyan","Guardian:Gem_Red"],"picked":"Guardian:Gem_Green","floor":33},{"not_picked":["Guardian:Repulse+1","Guardian:Emergency+1"],"picked":"Guardian:CrystalBeam+1","floor":36},{"not_picked":["Guardian:Recover+1","Guardian:Suspension+1"],"picked":"Guardian:Gem_Green","floor":37},{"not_picked":["Guardian:Recover","Guardian:SentryBeam"],"picked":"Guardian:DecasProtection","floor":39},{"not_picked":["Guardian:StasisStrike","Guardian:BodySlam"],"picked":"Guardian:PrismaticBeam","floor":40},{"not_picked":["Guardian:Gem_Cyan","Guardian:Gem_Lightblue"],"picked":"Guardian:Gem_Red","floor":40},{"not_picked":["Guardian:Gem_Green","Guardian:Gem_Red"],"picked":"Guardian:Gem_Lightblue","floor":42},{"not_picked":["Guardian:TemporalStrike","Guardian:SentryBeam+1","Guardian:BronzeArmor+1"],"picked":"SKIP","floor":42},{"not_picked":["Guardian:ChargeUp","Guardian:PrimingBeam","Guardian:TemporalShield"],"picked":"SKIP","floor":45},{"not_picked":["Guardian:BronzeOrb","Guardian:GuardianWhirl+1","Guardian:ChargeCore"],"picked":"SKIP","floor":46},{"not_picked":["expansioncontent:PolyBeam","expansioncontent:PrepareCrush"],"picked":"expansioncontent:Hexaburn","floor":48},{"not_picked":["Guardian:ExploitGems","Guardian:DecasProtection+1"],"picked":"Guardian:BodySlam+1","floor":49}],"player_experience":525906,"relics_obtained":[{"floor":7,"key":"Bottled Tornado"},{"floor":14,"key":"MealTicket"},{"floor":24,"key":"Lizard Tail"},{"floor":40,"key":"InkBottle"},{"floor":40,"key":"WingedGreaves"},{"floor":42,"key":"Dream Catcher"},{"floor":42,"key":"hexamod:Sixitude"},{"floor":44,"key":"Turnip"}],"event_choices":[{"damage_healed":0,"gold_gain":0,"player_choice":"Success","damage_taken":3,"relics_obtained":["Letter Opener"],"max_hp_gain":0,"max_hp_loss":0,"event_name":"Scrap Ooze","floor":10,"gold_loss":0},{"damage_healed":0,"gold_gain":0,"cards_transformed":["Normality","Guardian:StasisEngine"],"player_choice":"Became Test Subject","damage_taken":0,"max_hp_gain":0,"max_hp_loss":0,"event_name":"Drug Dealer","floor":21,"gold_loss":0,"cards_obtained":["downfall:Malfunctioning","Guardian:PrimingBeam"]},{"damage_healed":0,"gold_gain":0,"player_choice":"Fight","damage_taken":0,"max_hp_gain":0,"max_hp_loss":0,"event_name":"Mysterious Sphere","floor":44,"gold_loss":0}],"is_beta":false,"boss_relics":[{"not_picked":["Tiny House","Busted Crown"],"picked":"Pandora\u0027s Box"},{"not_picked":["Snecko Eye","Philosopher\u0027s Stone"],"picked":"Black Star"}],"items_purged_floors":[6,46],"is_endless":false,"potions_floor_spawned":[2,14,16,22,25,28,31,32,33,40,49],"killed_by":"SI_POISON_ARCHETYPE","ascension_level":9}}