{"host":"w3q5ijqu8eoknil3","time":1610985990,"event":{"mods":["AchievementEnabler","BaseMod","Block Reminder","Colored Powertips","Curses Come First","Minty Spire (QoL Compilation)","Quick Restart","Relic Stats","StSLib","ojb\u0027s Better Paths Mod","ojb\u0027s Info Mod","slay the spire mod where everything is the same but ironclad has a cowboy hat"],"gold_per_floor":[119,129,129,129,129,129,163,163,188,205,223,251,251,2,2,81,81,98,116,142,159,159,159,189,189,189,200,212,228,153,153,153],"floor_reached":31,"language":"ENG","playtime":2663,"items_purged":["Strike_G"],"score":551,"play_id":"c135fb0a-51f9-47e8-8bda-deacae4f3788","local_time":"20210118160630","is_ascension_mode":true,"campfire_choices":[{"data":"Crippling Poison","floor":6.0,"key":"SMITH"},{"floor":15.0,"key":"REST"},{"data":"Eviscerate","floor":23,"key":"SMITH"}],"circlet_count":0,"master_deck":["AscendersBane","Strike_G","Strike_G","Strike_G+1","Strike_G","Defend_G","Defend_G","Defend_G","Defend_G","Defend_G","Survivor","Neutralize+1","Crippling Poison+1","Blade Dance","Backflip","Dash","Die Die Die","Eviscerate+1","Catalyst","Malaise","Riddle With Holes+1","Footwork","Poisoned Stab","Skewer","Night Terror","Noxious Fumes","PiercingWail","Predator","Poisoned Stab+1"],"relics":["Ring of the Snake","NeowsBlessing","Mercury Hourglass","Tiny Chest","Strawberry","Strange Spoon","Snecko Eye","Red Mask","Incense Burner","Prayer Wheel","Peace Pipe"],"acts_visited":["Exordium","TheCity"],"potions_floor_usage":[24,31,31],"damage_taken":[{"damage":0.0,"enemies":"Jaw Worm","floor":1.0,"turns":1.0},{"damage":0.0,"enemies":"Small Slimes","floor":2.0,"turns":1.0},{"damage":0.0,"enemies":"Gremlin Nob","floor":7.0,"turns":1.0},{"damage":0.0,"enemies":"2 Louse","floor":10.0,"turns":2.0},{"damage":10.0,"enemies":"Gremlin Gang","floor":11.0,"turns":3.0},{"damage":9.0,"enemies":"3 Sentries","floor":12.0,"turns":6.0},{"damage":16.0,"enemies":"Hexaghost","floor":16.0,"turns":11.0},{"damage":19.0,"enemies":"Shell Parasite","floor":18.0,"turns":4.0},{"damage":5,"enemies":"Chosen","floor":19,"turns":4},{"damage":12,"enemies":"Masked Bandits","floor":20,"turns":3},{"damage":5,"enemies":"Snake Plant","floor":21,"turns":4},{"damage":53,"enemies":"Slavers","floor":24,"turns":7},{"damage":0,"enemies":"3 Cultists","floor":27,"turns":3},{"damage":0,"enemies":"Chosen and Byrds","floor":28,"turns":4},{"damage":19,"enemies":"Sentry and Sphere","floor":29,"turns":5},{"damage":11,"enemies":"Gremlin Leader","floor":31,"turns":3}],"seed_played":"2556692330777446191","potions_obtained":[{"floor":1.0,"key":"LiquidMemories"},{"floor":7.0,"key":"SpeedPotion"},{"floor":24,"key":"DuplicationPotion"}],"is_trial":false,"path_per_floor":["M","M","?","$","?","R","E","?","T","M","M","E","?","$","R","B",null,"M","M","?","M","?","R","E","T","T","M","M","M","$","E"],"character_chosen":"THE_SILENT","items_purchased":["Strange Spoon","Catalyst"],"campfire_rested":1,"item_purchase_floors":[14,14],"current_hp_per_floor":[59,59,64,64,64,64,64,64,64,64,54,52,29,29,52,36,68,49,44,32,27,78,78,25,25,25,25,25,6,6,0,0],"gold":153,"neow_bonus":"THREE_ENEMY_KILL","is_daily":false,"chose_seed":false,"campfire_upgraded":2,"win_rate":0.0,"timestamp":1610985990,"path_taken":["M","M","?","$","?","R","E","?","T","M","M","E","?","$","R","BOSS","M","M","?","M","?","R","E","?","T","M","M","M","$","E"],"items_purchased_type":["Relic","Card"],"build_version":"2020-12-22","purchased_purges":1,"victory":false,"max_hp_per_floor":[66,66,71,71,71,71,71,71,71,71,71,78,78,78,78,78,78,78,78,78,78,78,78,78,78,78,78,78,78,78,78,78],"relic_stats":{"Peace Pipe":0,"Strange Spoon":[25],"counters":[16,62],"Snecko Eye":[74,56,47,61],"Tiny Chest":1,"Prayer Wheel":3,"obtain_stats":[{"Peace Pipe":26,"Strange Spoon":14,"NeowsBlessing":0,"Strawberry":12,"Snecko Eye":17,"Tiny Chest":9,"Prayer Wheel":25,"Red Mask":20,"Incense Burner":24,"Ring of the Snake":0,"Mercury Hourglass":7},{"Peace Pipe":12,"Strange Spoon":6,"NeowsBlessing":0,"Strawberry":6,"Snecko Eye":7,"Tiny Chest":3,"Prayer Wheel":12,"Red Mask":10,"Incense Burner":12,"Ring of the Snake":0,"Mercury Hourglass":3},{"Peace Pipe":47,"Strange Spoon":14,"NeowsBlessing":0,"Strawberry":14,"Snecko Eye":25,"Tiny Chest":3,"Prayer Wheel":47,"Red Mask":36,"Incense Burner":47,"Ring of the Snake":0,"Mercury Hourglass":3}],"Ring of the Snake":[32],"Mercury Hourglass":[243]},"card_choices":[{"not_picked":["Flechettes","Sucker Punch"],"picked":"Crippling Poison","floor":1.0},{"not_picked":["Dodge and Roll","Prepared"],"picked":"Blade Dance","floor":2.0},{"not_picked":["Infinite Blades","Escape Plan"],"picked":"Backflip","floor":7.0},{"not_picked":["Bane","Outmaneuver"],"picked":"Dash","floor":10.0},{"not_picked":["Acrobatics","PiercingWail"],"picked":"Die Die Die","floor":11.0},{"not_picked":["Flying Knee","Outmaneuver"],"picked":"Eviscerate","floor":12.0},{"not_picked":["Wraith Form v2","Night Terror"],"picked":"Malaise","floor":16.0},{"not_picked":["Dodge and Roll","Poisoned Stab"],"picked":"Riddle With Holes+1","floor":18},{"not_picked":["Prepared","Underhanded Strike"],"picked":"Footwork","floor":19},{"not_picked":["Underhanded Strike+1","Deadly Poison"],"picked":"Poisoned Stab","floor":20},{"not_picked":["Accuracy","Underhanded Strike"],"picked":"Skewer","floor":21},{"not_picked":["Quick Slash","Acrobatics"],"picked":"Night Terror","floor":24},{"not_picked":["Blade Dance","Slice"],"picked":"Noxious Fumes","floor":27},{"not_picked":["Quick Slash","Cloak And Dagger","Outmaneuver"],"picked":"SKIP","floor":27},{"not_picked":["Finisher","Cloak And Dagger"],"picked":"PiercingWail","floor":28},{"not_picked":["Outmaneuver","PiercingWail","Backflip"],"picked":"SKIP","floor":28},{"not_picked":["Escape Plan","Accuracy"],"picked":"Predator","floor":29},{"not_picked":["Tactician","Cloak And Dagger+1"],"picked":"Poisoned Stab+1","floor":29}],"player_experience":991729,"relics_obtained":[{"floor":7.0,"key":"Mercury Hourglass"},{"floor":9.0,"key":"Tiny Chest"},{"floor":12.0,"key":"Strawberry"},{"floor":20,"key":"Red Mask"},{"floor":24,"key":"Incense Burner"},{"floor":25,"key":"Prayer Wheel"},{"floor":26,"key":"Peace Pipe"}],"event_choices":[{"damage_healed":0.0,"max_hp_gain":5.0,"max_hp_loss":0.0,"gold_gain":0.0,"event_name":"Big Fish","player_choice":"Donut","floor":3.0,"gold_loss":0.0,"damage_taken":0.0},{"damage_healed":0.0,"max_hp_gain":0.0,"max_hp_loss":0.0,"gold_gain":0.0,"event_name":"The Cleric","player_choice":"Leave","floor":5.0,"gold_loss":0.0,"damage_taken":0.0},{"damage_healed":0.0,"max_hp_gain":0.0,"max_hp_loss":0.0,"gold_gain":0.0,"event_name":"Liars Game","player_choice":"Ignored","floor":8.0,"gold_loss":0.0,"damage_taken":0.0},{"damage_healed":0.0,"max_hp_gain":0.0,"max_hp_loss":0.0,"gold_gain":0.0,"event_name":"Shining Light","player_choice":"Entered Light","floor":13.0,"gold_loss":0.0,"damage_taken":23.0,"cards_upgraded":["Neutralize","Strike_G"]},{"damage_healed":0,"gold_gain":0,"player_choice":"Fought Bandits","damage_taken":0,"max_hp_gain":0,"max_hp_loss":0,"event_name":"Masked Bandits","floor":20,"gold_loss":0},{"damage_healed":51,"gold_gain":0,"player_choice":"Full Heal","damage_taken":0,"max_hp_gain":0,"max_hp_loss":0,"event_name":"Wheel of Change","floor":22,"gold_loss":0}],"is_beta":false,"boss_relics":[{"not_picked":["Busted Crown","Black Star"],"picked":"Snecko Eye"}],"items_purged_floors":[30],"is_endless":false,"potions_floor_spawned":[1,7,11,16,18,20,24,27],"killed_by":"Gremlin Leader","ascension_level":18}}