{"host":"appz8zkad29u9482","time":1610944429,"event":{"mods":["2.2 Compatiblity","Act Like it!","Aspiration","BaseMod","Beaked The Cultist","Better Altar","Better Match","Better Note","Better Skull","Better Third Choice","BetterRewards","CapriCore","Conspire","Disable Question Mark Monsters","Energized Spire","Gensokyo","GifTheSpireLib","Gold Saver","Halation","Hermit","Hubris","Infinite Spire","Jedi Mod","Luminous","Marisa????????","Minty Spire (QoL Compilation)","Permanent Neow","Reimu??????","Replay The Spire","Spicy Shops","StSLib","Strawberry Spire","Stuff the Spire","The Administrix","The Bug Knight","The Construct","The Cursed","The Florist","The Hierophant","The Immortal","The Servant 0.9.4","yUi"],"gold_per_floor":[109,126,48,61,80,105,120,120,120,120,120],"floor_reached":10,"language":"ENG","playtime":550,"items_purged":[],"score":81,"play_id":"da05fda1-f77f-42a4-accb-2bf45c205bea","local_time":"20210117183349","is_ascension_mode":true,"campfire_choices":[{"data":"Perfected Strike","floor":8,"key":"SMITH"}],"circlet_count":0,"master_deck":["Strike_R","Strike_R","Strike_R","Strike_R","Strike_R","Defend_R","Defend_R","Defend_R","Defend_R","Bash","Doubt","Transmutation","strawberrySpire:Incursion+1","Fire Breathing","Perfected Strike+1","strawberrySpire:Incursion","strawberrySpire:Endurance"],"relics":["Burning Blood","halation:LostSnail","construct:BoolHorns","conspire:Flyswatter"],"acts_visited":["Exordium"],"potions_floor_usage":[10,10,10],"damage_taken":[{"damage":13,"enemies":"Cultist","floor":1,"turns":5},{"damage":0,"enemies":"2 Louse","floor":2,"turns":2},{"damage":0,"enemies":"Small Slimes","floor":4,"turns":3},{"damage":24,"enemies":"2 Fungi Beasts","floor":5,"turns":5},{"damage":23,"enemies":"3 Sentries","floor":6,"turns":6},{"damage":22,"enemies":"Blue Slaver","floor":7,"turns":4},{"damage":42,"enemies":"Lagavulin","floor":10,"turns":6}],"seed_played":"-6633730987285896749","potions_obtained":[{"floor":2,"key":"HeartOfIron"},{"floor":5,"key":"Energy Potion"},{"floor":7,"key":"Block Potion"}],"is_trial":false,"path_per_floor":["M","M","$","M","M","E","M","R","T","E"],"character_chosen":"IRONCLAD","items_purchased":["halation:LostSnail"],"campfire_rested":0,"item_purchase_floors":[3],"current_hp_per_floor":[73,79,79,80,62,45,35,35,35,0,0],"gold":120,"neow_bonus":"RANDOM_COLORLESS_2","is_daily":false,"chose_seed":false,"campfire_upgraded":1,"win_rate":0.0,"timestamp":1610944429,"path_taken":["M","M","?","M","M","E","?","R","T","E"],"items_purchased_type":["Relic"],"build_version":"2020-12-22","purchased_purges":0,"victory":false,"max_hp_per_floor":[80,80,80,80,80,80,80,80,80,80,80],"card_choices":[{"not_picked":["Poisoned Strike","HandOfGreed"],"picked":"Transmutation","floor":0},{"not_picked":["strawberrySpire:DraftPunk","jedi:fear"],"picked":"strawberrySpire:Incursion","floor":1},{"not_picked":["hubris:CleavingFinish","Iron Wave"],"picked":"Fire Breathing","floor":2},{"not_picked":["ReplayTheSpireMod:Stacked","Shrug It Off"],"picked":"Perfected Strike","floor":4},{"not_picked":["Rampage","Headbutt"],"picked":"strawberrySpire:Incursion","floor":5},{"not_picked":["Havoc","strawberrySpire:PowerStomp"],"picked":"strawberrySpire:Endurance","floor":6},{"not_picked":["Headbutt","Havoc","strawberrySpire:Overwork"],"picked":"SKIP","floor":7}],"player_experience":549415,"relics_obtained":[{"floor":6,"key":"construct:BoolHorns"},{"floor":9,"key":"conspire:Flyswatter"}],"event_choices":[],"is_beta":false,"boss_relics":[],"items_purged_floors":[],"is_endless":false,"potions_floor_spawned":[2,5,7],"killed_by":"Lagavulin","ascension_level":3}}