{"host":"sc0o2qwpf9j16a4i","time":1610991156,"event":{"mods":["AchievementEnabler","BaseMod","BetterRewards","Block Reminder","Colored Map","Colored Powertips","Custom Start","Highlight Path","Minty Spire (QoL Compilation)","Relic Stats"],"gold_per_floor":[113,129,129,129,129,129,163,181,181,27,27,58,82,122,122,220,220,240,240,259,259,1,37,37,80,80,100,100,115,140,160,160,256,256,270,270,283,298,298,298,298],"floor_reached":40,"language":"ENG","playtime":1186,"items_purged":[],"score":1192,"play_id":"b1aae48b-7f81-4f72-b0b9-d1beb0e4c9f8","local_time":"20210118193236","is_ascension_mode":true,"campfire_choices":[{"data":"Whirlwind","floor":6.0,"key":"SMITH"},{"data":"Armaments","floor":11.0,"key":"SMITH"},{"data":"Bash","floor":15.0,"key":"SMITH"},{"floor":24.0,"key":"DIG"},{"floor":28.0,"key":"DIG"},{"floor":32.0,"key":"DIG"}],"circlet_count":0,"master_deck":["AscendersBane","Strike_R","Strike_R","Strike_R","Strike_R","Defend_R","Defend_R","Defend_R","Defend_R","Bash+1","Whirlwind+1","Shrug It Off","Sword Boomerang","Armaments+1","Feel No Pain","Reaper","Thunderclap","Headbutt","Reaper","Offering","Corruption","True Grit","Spot Weakness","Feed","Regret"],"relics":["Burning Blood","Chemical X","Shovel","Golden Idol","Magic Flower","Ice Cream","Bronze Scales","Bag of Marbles","Cursed Key","Nilry\u0027s Codex","Membership Card","Tiny Chest","Ancient Tea Set","Singing Bowl","CaptainsWheel","Lantern","Mark of Pain"],"acts_visited":["Exordium","TheCity","TheBeyond"],"potions_floor_usage":[40],"damage_taken":[{"damage":0.0,"enemies":"Jaw Worm","floor":1.0,"turns":3.0},{"damage":0.0,"enemies":"2 Louse","floor":2.0,"turns":1.0},{"damage":17.0,"enemies":"Lagavulin","floor":7.0,"turns":6.0},{"damage":0.0,"enemies":"Small Slimes","floor":8.0,"turns":3.0},{"damage":28.0,"enemies":"Gremlin Nob","floor":12.0,"turns":4.0},{"damage":15.0,"enemies":"Red Slaver","floor":13.0,"turns":4.0},{"damage":7.0,"enemies":"3 Sentries","floor":14.0,"turns":4.0},{"damage":13.0,"enemies":"Slime Boss","floor":16.0,"turns":5.0},{"damage":24.0,"enemies":"Shell Parasite","floor":18.0,"turns":4.0},{"damage":7.0,"enemies":"3 Byrds","floor":20.0,"turns":2.0},{"damage":24.0,"enemies":"Slavers","floor":23.0,"turns":2.0},{"damage":18.0,"enemies":"Book of Stabbing","floor":25.0,"turns":5.0},{"damage":42.0,"enemies":"Cultist and Chosen","floor":27.0,"turns":5.0},{"damage":5.0,"enemies":"Snecko","floor":29.0,"turns":4.0},{"damage":0.0,"enemies":"3 Cultists","floor":30.0,"turns":1.0},{"damage":21.0,"enemies":"Shelled Parasite and Fungi","floor":31.0,"turns":4.0},{"damage":68.0,"enemies":"Champ","floor":33.0,"turns":9.0},{"damage":18.0,"enemies":"Orb Walker","floor":35.0,"turns":4.0},{"damage":27.0,"enemies":"3 Shapes","floor":37.0,"turns":6.0},{"damage":72.0,"enemies":"Maw","floor":38.0,"turns":8.0},{"damage":70,"enemies":"Spire Growth","floor":40,"turns":4}],"seed_played":"-5224092103781770665","potions_obtained":[{"floor":1.0,"key":"Swift Potion"},{"floor":7.0,"key":"LiquidBronze"},{"floor":14.0,"key":"LiquidMemories"},{"floor":20.0,"key":"Explosive Potion"},{"floor":31.0,"key":"DuplicationPotion"},{"floor":33.0,"key":"EssenceOfSteel"},{"floor":35.0,"key":"LiquidBronze"}],"is_trial":false,"path_per_floor":["M","M","?","?","?","R","E","M","T","$","R","E","M","E","R","B",null,"M","?","M","?","$","E","R","E","T","M","R","M","M","M","R","B",null,"M","?","M","M","T","M"],"character_chosen":"IRONCLAD","items_purchased":["Chemical X","Whirlwind","Reaper","Membership Card","Corruption"],"campfire_rested":0,"item_purchase_floors":[0,0,10,22,22],"current_hp_per_floor":[61,67,49,49,49,49,38,47,47,47,47,28,33,53,53,49,63,59,38,54,54,54,53,53,68,68,43,43,72,74,76,76,45,68,75,70,77,37,37,0,0],"gold":298,"neow_bonus":"","is_daily":false,"chose_seed":false,"campfire_upgraded":3,"win_rate":0.0,"timestamp":1610991156,"path_taken":["M","M","?","?","?","R","E","M","T","$","R","E","?","E","R","BOSS","M","?","M","?","$","E","R","E","T","M","R","?","M","M","R","BOSS","M","?","?","M","?","M"],"items_purchased_type":["Relic","Card","Card","Relic","Card"],"build_version":"2020-12-22","purchased_purges":0,"victory":false,"max_hp_per_floor":[75,75,75,68,68,68,68,68,68,68,68,68,68,68,68,68,68,68,68,68,68,68,68,68,70,70,70,70,72,74,76,76,76,76,82,82,87,89,89,89,89],"relic_stats":{"Shovel":3,"Singing Bowl":14,"counters":[32,147],"Golden Idol":118,"Bronze Scales":[207],"Magic Flower":[112],"Tiny Chest":1,"Chemical X":[24],"Cursed Key":1,"obtain_stats":[{"Ice Cream":9,"Lantern":32,"Tiny House":0,"Singing Bowl":25,"Nilry\u0027s Codex":19,"Magic Flower":7,"Cursed Key":17,"Ancient Tea Set":24,"Burning Blood":0,"Centennial Puzzle":8,"Shovel":3,"DollysMirror":20,"Tiny Chest":23,"Red Mask":19,"Chemical X":0,"Self Forming Clay":9,"Golden Idol":4,"Velvet Choker":17,"Eternal Feather":12,"Anchor":6,"CaptainsWheel":28,"Bronze Scales":12,"Mark of Pain":34,"Bag of Marbles":14,"Membership Card":22},{"Ice Cream":15,"Lantern":27,"Tiny House":0,"Singing Bowl":23,"Nilry\u0027s Codex":20,"Magic Flower":14,"Cursed Key":19,"Ancient Tea Set":22,"Burning Blood":0,"Centennial Puzzle":4,"Shovel":13,"DollysMirror":10,"Tiny Chest":22,"Red Mask":10,"Chemical X":11,"Self Forming Clay":4,"Golden Idol":13,"Velvet Choker":8,"Eternal Feather":6,"Anchor":3,"CaptainsWheel":24,"Bronze Scales":16,"Mark of Pain":28,"Bag of Marbles":18,"Membership Card":21},{"Ice Cream":72,"Lantern":116,"Tiny House":0,"Singing Bowl":102,"Nilry\u0027s Codex":93,"Magic Flower":69,"Cursed Key":89,"Ancient Tea Set":97,"Burning Blood":0,"Centennial Puzzle":12,"Shovel":63,"DollysMirror":54,"Tiny Chest":97,"Red Mask":54,"Chemical X":59,"Self Forming Clay":12,"Golden Idol":63,"Velvet Choker":41,"Eternal Feather":21,"Anchor":9,"CaptainsWheel":107,"Bronze Scales":76,"Mark of Pain":125,"Bag of Marbles":84,"Membership Card":95}],"Burning Blood":149},"card_choices":[{"not_picked":["Dark Embrace","Iron Wave","Heavy Blade"],"picked":"SKIP","floor":1.0},{"not_picked":["Perfected Strike","Warcry"],"picked":"Shrug It Off","floor":2.0},{"not_picked":["Iron Wave","Pommel Strike"],"picked":"Armaments","floor":7.0},{"not_picked":["Intimidate","Dark Embrace"],"picked":"Feel No Pain","floor":8.0},{"not_picked":["Double Tap","Anger"],"picked":"Thunderclap","floor":12.0},{"not_picked":["Armaments","Thunderclap"],"picked":"Headbutt","floor":13.0},{"not_picked":["Power Through","Clothesline"],"picked":"Reaper","floor":14.0},{"not_picked":["Exhume","Berserk"],"picked":"Offering","floor":16.0},{"not_picked":["Thunderclap","Perfected Strike","Havoc"],"picked":"SKIP","floor":18.0},{"not_picked":["Clash","Heavy Blade","Clothesline"],"picked":"SKIP","floor":20.0},{"not_picked":["Warcry","Rupture"],"picked":"True Grit","floor":23.0},{"not_picked":["Havoc","Clash","Bludgeon"],"picked":"Singing Bowl","floor":25.0},{"not_picked":["True Grit","Havoc"],"picked":"Spot Weakness","floor":27.0},{"not_picked":["Rampage","Flex","Uppercut"],"picked":"Singing Bowl","floor":29.0},{"not_picked":["Rage","Clothesline","Body Slam+1"],"picked":"Singing Bowl","floor":30.0},{"not_picked":["Combust","Clothesline","Thunderclap"],"picked":"Singing Bowl","floor":31.0},{"not_picked":["Double Tap","Impervious"],"picked":"Feed","floor":33.0},{"not_picked":["Flex","Carnage","Spot Weakness"],"picked":"Singing Bowl","floor":35.0},{"not_picked":["Thunderclap","Pommel Strike","Clothesline"],"picked":"Singing Bowl","floor":37.0},{"not_picked":["Reckless Charge","Anger+1","Metallicize"],"picked":"Singing Bowl","floor":38.0}],"player_experience":729135,"relics_obtained":[{"floor":7.0,"key":"Magic Flower"},{"floor":9.0,"key":"Ice Cream"},{"floor":12.0,"key":"Bronze Scales"},{"floor":14.0,"key":"Bag of Marbles"},{"floor":19.0,"key":"Nilry\u0027s Codex"},{"floor":23.0,"key":"Tiny Chest"},{"floor":24.0,"key":"Ancient Tea Set"},{"floor":25.0,"key":"Singing Bowl"},{"floor":28.0,"key":"CaptainsWheel"},{"floor":32.0,"key":"Lantern"}],"event_choices":[{"damage_healed":0.0,"max_hp_gain":0.0,"max_hp_loss":0.0,"gold_gain":0.0,"event_name":"Scrap Ooze","player_choice":"Success","floor":3.0,"gold_loss":0.0,"damage_taken":18.0,"relics_obtained":["Shovel"]},{"damage_healed":0.0,"max_hp_gain":0.0,"max_hp_loss":7.0,"gold_gain":0.0,"event_name":"Golden Idol","player_choice":"Lose Max HP","floor":4.0,"gold_loss":0.0,"damage_taken":0.0,"relics_obtained":["Golden Idol"]},{"damage_healed":0.0,"max_hp_gain":0.0,"max_hp_loss":0.0,"gold_gain":0.0,"cards_transformed":["Strike_R"],"event_name":"Transmorgrifier","player_choice":"Transformed","floor":5.0,"gold_loss":0.0,"damage_taken":0.0,"cards_obtained":["Sword Boomerang"]},{"damage_healed":0.0,"max_hp_gain":0.0,"max_hp_loss":0.0,"gold_gain":0.0,"event_name":"Cursed Tome","player_choice":"Obtained Book","floor":19.0,"gold_loss":0.0,"damage_taken":21.0},{"damage_healed":0.0,"max_hp_gain":0.0,"max_hp_loss":0.0,"gold_gain":0.0,"event_name":"N\u0027loth","player_choice":"Ignored","floor":21.0,"gold_loss":0.0,"damage_taken":0.0},{"damage_healed":0.0,"max_hp_gain":0.0,"max_hp_loss":0.0,"gold_gain":0.0,"event_name":"The Woman in Blue","player_choice":"Bought 0 Potions","floor":36.0,"gold_loss":0.0,"damage_taken":0.0}],"is_beta":false,"boss_relics":[{"not_picked":["Black Blood","Ectoplasm"],"picked":"Cursed Key"},{"not_picked":["Calling Bell","SacredBark"],"picked":"Mark of Pain"}],"items_purged_floors":[],"is_endless":false,"potions_floor_spawned":[1,7,14,20,31,33,35,37],"killed_by":"Spire Growth","ascension_level":20}}