{"host":"6749gst1gzuv21qf","time":1610943054,"event":{"mods":["BaseMod","Better Altar","Better Match","Better Note","Better Sensory Stone","Better Skull","Better Third Choice","BetterRewards","Colored Map","Colored Powertips","Downfall","Hermit","Highlight Path","Minty Spire (QoL Compilation)","Permanent Neow","Shop Mod","Spicy Shops","StSLib","The Cursed"],"gold_per_floor":[0,13,31,42,62,89,89,89,105,105,14,40,60,45,63,63,63],"floor_reached":16,"language":"ENG","playtime":1095,"items_purged":[],"score":114,"play_id":"4ab1091a-8de1-4e7e-ac3a-8deff8aaced6","local_time":"20210117231054","is_ascension_mode":false,"campfire_choices":[{"data":"bronze:Goto","floor":1,"key":"SMITH"},{"data":"bronze:HardenedForm","floor":10,"key":"SMITH"}],"circlet_count":0,"master_deck":["bronze:Strike","bronze:Strike","bronze:Strike","bronze:Strike","bronze:Defend","bronze:Defend","bronze:Defend","bronze:Defend","bronze:Replicate+1","bronze:Goto+1","bronze:Boost+1","bronze:ChosenStrike+1","bronze:HardenedForm+1","bronze:BuggyMess","bronze:CleanCode","bronze:OilSpill","bronze:Philosophize","bronze:Fortify","bronze:DelayedGuard","bronze:Shell","bronze:Backtrace","bronze:Invalidate"],"relics":["bronze:BronzeCore","Lizard Tail","Incense Burner","Girya"],"acts_visited":["Exordium"],"potions_floor_usage":[16,16,16],"damage_taken":[{"damage":1,"enemies":"2 Louse","floor":2,"turns":3},{"damage":1,"enemies":"Cultist","floor":3,"turns":4},{"damage":2,"enemies":"Small Slimes","floor":4,"turns":4},{"damage":10,"enemies":"3 Louse","floor":5,"turns":4},{"damage":24,"enemies":"Lagavulin","floor":6,"turns":9},{"damage":3,"enemies":"Blue Slaver","floor":9,"turns":4},{"damage":0,"enemies":"downfall:FleeingMerchant","floor":11,"turns":4},{"damage":16,"enemies":"Gremlin Nob","floor":12,"turns":3},{"damage":3,"enemies":"Exordium Wildlife","floor":13,"turns":4},{"damage":7,"enemies":"downfall:FleeingMerchant","floor":14,"turns":4},{"damage":19,"enemies":"Gremlin Gang","floor":15,"turns":5},{"damage":19,"enemies":"SI_SHIV_ARCHETYPE","floor":16,"turns":3}],"seed_played":"-3796954994693549692","potions_obtained":[{"floor":2,"key":"Strength Potion"},{"floor":6,"key":"GamblersBrew"},{"floor":13,"key":"Fire Potion"},{"floor":15,"key":"AttackPotion"}],"is_trial":false,"path_per_floor":["R","M","M","M","M","E","T","?","M","R","$","E","M","$","M","B"],"character_chosen":"THE_AUTOMATON","items_purchased":["bronze:Fortify"],"campfire_rested":0,"item_purchase_floors":[11],"current_hp_per_floor":[70,69,68,66,56,32,32,32,29,29,29,13,10,3,19,0,0],"gold":63,"neow_bonus":"ONE_RARE_RELIC","is_daily":false,"chose_seed":false,"campfire_upgraded":2,"win_rate":0.0,"timestamp":1610943054,"path_taken":["R","M","M","M","M","E","T","?","M","R","$","E","?","?","M","BOSS"],"items_purchased_type":["Card"],"build_version":"2020-12-22","purchased_purges":0,"victory":false,"max_hp_per_floor":[70,70,70,70,70,70,70,70,70,70,70,70,70,70,70,70,70],"card_choices":[{"not_picked":["bronze:Iterate","bronze:Turbo"],"picked":"bronze:Boost","floor":2},{"not_picked":["bronze:Frontload","bronze:DelayedGuard"],"picked":"bronze:ChosenStrike","floor":3},{"not_picked":["bronze:CutThrough","bronze:WildBeam"],"picked":"bronze:HardenedForm","floor":4},{"not_picked":["bronze:BitShift","bronze:DelayedSlice"],"picked":"bronze:BuggyMess","floor":5},{"not_picked":["bronze:HyperBeam","bronze:BitShift"],"picked":"bronze:CleanCode","floor":6},{"not_picked":["bronze:DelayedSlice","bronze:GetLatest"],"picked":"bronze:OilSpill","floor":9},{"not_picked":["bronze:Overload","bronze:Frontload"],"picked":"bronze:Philosophize","floor":11},{"not_picked":["bronze:GetLatest","bronze:Overheat"],"picked":"bronze:DelayedGuard","floor":12},{"not_picked":["bronze:Repulsor","bronze:Shield"],"picked":"bronze:Shell","floor":13},{"not_picked":["bronze:BurnOut","bronze:Constructor"],"picked":"bronze:Backtrace","floor":14},{"not_picked":["bronze:Iterate","bronze:BugBarrage"],"picked":"bronze:Invalidate","floor":15}],"player_experience":713932,"relics_obtained":[{"floor":6,"key":"Incense Burner"},{"floor":12,"key":"Girya"}],"event_choices":[],"is_beta":false,"boss_relics":[],"items_purged_floors":[],"is_endless":false,"potions_floor_spawned":[2,6,13,15],"killed_by":"SI_SHIV_ARCHETYPE","ascension_level":0}}