{"host":"x7btokbb0w2jhl7e","time":1610961279,"event":{"mods":["ATMod(°¢èªMod)","Act Like it!","BaseMod","Gensokyo","Marisa£¨ìFÓê¡¡Ä§ÀíÉ³£©","Minty Spire (QoL Compilation)","Quick Restart","StSLib"],"gold_per_floor":[210,210,228,130,140,150,150,150,195,195,210,210,210,236,236,336,336,353,353,389,177,212,212,212,212],"floor_reached":24,"language":"ZHS","playtime":1259,"items_purged":["Pain"],"score":246,"play_id":"41b68a04-9e3d-4741-8897-707344d0549d","local_time":"20210118171439","is_ascension_mode":false,"campfire_choices":[{"data":"EnergyFlow","floor":7.0,"key":"SMITH"},{"data":"MasterSpark","floor":10.0,"key":"SMITH"},{"data":"GalacticHalo","floor":13.0,"key":"SMITH"},{"data":"SprinkleStarSeal","floor":15.0,"key":"SMITH"},{"data":"EscapeVelocity","floor":23,"key":"SMITH"}],"circlet_count":0,"master_deck":["Strike_MRS","Strike_MRS","Strike_MRS","Strike_MRS","Defend_MRS","Defend_MRS","Defend_MRS","Defend_MRS","MasterSpark+1","UpSweep","EnergyFlow+1","GalacticHalo+1","SprinkleStarSeal+1","EscapeVelocity+1","Acceleration","WitchOfGreed+1","Orbital+1","FinalSpark","ShootingEcho","SporeBomb+1","SuperPerseids+1","Gensokyo:TarnishedGold"],"relics":["MiniHakkero","AT_ATBox","Gensokyo:LunaticRedEyes","Gensokyo:OccultBall","Kunai","ExperimentalFamiliar","Orrery","Meat on the Bone","Anchor"],"acts_visited":["Gensokyo:Gensokyo","Gensokyo:Gensokyoer"],"potions_floor_usage":[22,22],"damage_taken":[{"damage":2.0,"enemies":"Gensokyo:Gryphon","floor":1.0,"turns":3.0},{"damage":1.0,"enemies":"Gensokyo:Python","floor":3.0,"turns":2.0},{"damage":0.0,"enemies":"Gensokyo:3_Fairies","floor":5.0,"turns":4.0},{"damage":6.0,"enemies":"Gensokyo:3_Kodama","floor":6.0,"turns":5.0},{"damage":0.0,"enemies":"Gensokyo:LivingMonolith","floor":11.0,"turns":4.0},{"damage":0.0,"enemies":"Gensokyo:Mamizou","floor":14.0,"turns":6.0},{"damage":4.0,"enemies":"Gensokyo:Yukari","floor":16.0,"turns":7.0},{"damage":6.0,"enemies":"Gensokyo:3_Dogs","floor":18.0,"turns":8.0},{"damage":6,"enemies":"Gensokyo:Chomper","floor":20,"turns":4},{"damage":11,"enemies":"Gensokyo:Wraith","floor":22,"turns":5},{"damage":5,"enemies":"Gensokyo:Reisen","floor":24,"turns":3}],"seed_played":"-3729678817282191930","potions_obtained":[{"floor":1.0,"key":"Block Potion"},{"floor":3.0,"key":"LiquidMemories"},{"floor":16.0,"key":"DistilledChaos"},{"floor":22,"key":"Weak Potion"}],"is_trial":false,"path_per_floor":["M","?","M","$","M","M","R","?","T","R","M","?","R","E","R","B",null,"M","?","M","COS","M","R","E"],"character_chosen":"MARISA","items_purchased":["GalacticHalo"],"campfire_rested":0,"item_purchase_floors":[4],"current_hp_per_floor":[73,73,72,72,72,66,66,66,66,66,66,66,66,66,66,62,75,69,69,63,63,52,52,47,47],"gold":212,"neow_bonus":"HUNDRED_GOLD","is_daily":false,"chose_seed":false,"campfire_upgraded":5,"win_rate":0.0,"timestamp":1610961279,"path_taken":["M","?","M","$","M","M","R","?","T","R","?","?","R","E","R","BOSS","M","?","M","COS","?","R","E"],"items_purchased_type":["Card"],"build_version":"2020-12-22","purchased_purges":1,"victory":false,"max_hp_per_floor":[75,75,75,75,75,75,75,75,75,75,75,75,75,75,75,75,75,75,75,75,75,75,75,75,75],"card_choices":[{"not_picked":["6A","EarthLightRay"],"picked":"EnergyFlow","floor":1.0},{"not_picked":["PowerUp","EventHorizon","UnstableBomb"],"picked":"SKIP","floor":3.0},{"not_picked":["PowerUp","EventHorizon","UnstableBomb"],"picked":"SKIP","floor":3.0},{"not_picked":["GrandCross","NonDirectionalLaser"],"picked":"SprinkleStarSeal","floor":5.0},{"not_picked":["ShootingEcho","FairyDestructionRay","LuminesStrike"],"picked":"SKIP","floor":6.0},{"not_picked":["ShootingEcho","FairyDestructionRay","LuminesStrike"],"picked":"SKIP","floor":6.0},{"not_picked":["IllusionStar","WitchLeyline","GasGiant"],"picked":"SKIP","floor":11.0},{"not_picked":["EarthLightRay","PulseMagic","OpenUniverse"],"picked":"SKIP","floor":14.0},{"not_picked":["BigCrunch","ManaRampage"],"picked":"EscapeVelocity","floor":16.0},{"not_picked":["PowerUp","Occultation"],"picked":"Acceleration","floor":18.0},{"not_picked":["NonDirectionalLaser","MysteriousBeam"],"picked":"Orbital+1","floor":20},{"not_picked":["GrandCross","LuminesStrike+1"],"picked":"FinalSpark","floor":21},{"not_picked":["ChargeUpSpray","MysteriousBeam"],"picked":"ShootingEcho","floor":21},{"not_picked":["WitchLeyline","GalacticHalo"],"picked":"SporeBomb+1","floor":21},{"not_picked":["GravityBeat","GrandCross"],"picked":"SuperPerseids+1","floor":21},{"not_picked":["SporeBomb","ChargingUp","NonDirectionalLaser"],"picked":"SKIP","floor":22},{"not_picked":["SporeBomb","ChargingUp","NonDirectionalLaser"],"picked":"SKIP","floor":22},{"not_picked":["SporeBomb","ChargingUp","NonDirectionalLaser"],"picked":"SKIP","floor":22}],"player_experience":241838,"relics_obtained":[{"floor":11.0,"key":"Gensokyo:OccultBall"},{"floor":14.0,"key":"Kunai"},{"floor":16.0,"key":"Gensokyo:OccultBall"}],"event_choices":[],"is_beta":false,"boss_relics":[{"not_picked":["SacredBark","Runic Dome"],"picked":"ExperimentalFamiliar"}],"items_purged_floors":[4],"is_endless":false,"potions_floor_spawned":[1,3,16,22],"killed_by":"Gensokyo:Reisen","ascension_level":0}}