{"host":"57rytaa21d5yl0hy","time":1610965722,"event":{"mods":["Act Like it!","BaseMod","Challenge The Spire","Friendly Minions","Gensokyo","KinomotoSakuraMod(木之本樱)","Kiyohime（清姬）","Lobotomy","LobotomyExtend","Minty Spire (QoL Compilation)","Replay The Spire","RumiaBox-露米娅的神秘盒子","StSLib","The Senshi","Yuri Mod"],"gold_per_floor":[116,35,54,163,163,163,192,209,209,229,79,97,97,111,111,206,206,225,243,243,203,203,203,203,203],"floor_reached":24,"language":"ZHS","playtime":866,"items_purged":[],"score":285,"play_id":"082278c0-4732-43a1-93a1-be5a75cd0428","local_time":"20210118182842","is_ascension_mode":true,"campfire_choices":[{"floor":6,"key":"REST"},{"floor":15,"key":"REST"},{"floor":23,"key":"REST"}],"circlet_count":0,"master_deck":["theSenshi:SailorKick","theSenshi:SailorKick","theSenshi:SailorKick","theSenshi:SailorKick","theSenshi:SailorBlock","theSenshi:SailorBlock","theSenshi:SailorBlock","theSenshi:SailorBlock","theSenshi:RoseThrow","theSenshi:MoonPrismPowerMakeUp+1","theSenshi:MoonsReflection","theSenshi:MoonCrystalPowerMakeUp","theSenshi:SailorPlanetPower","theSenshi:MoonKick","theSenshi:LunasBite","theSenshi:MoonPrincessHalation","Rudolta","theSenshi:SupersonicWaves","theSenshi:MoonsReflection","GreedKing","theSenshi:MoonTiaraMagic","SpiderBud","theSenshi:MoonTwilightFlash","Wellcheers","theSenshi:MoonPunch","theSenshi:InTheNameOfTheMoon","theSenshi:MoonTiaraMagic"],"relics":["theSenshi:TransformationBroochRelic","CogitoBucket","RabbitCall","AddBug","SecretRecord","Baka","SecretRecord","SecretRecord","SecretRecord"],"acts_visited":["Exordium","TheCity"],"potions_floor_usage":[16,22],"damage_taken":[{"damage":4,"enemies":"Cultist","floor":1,"turns":3},{"damage":0,"enemies":"2 Louse","floor":3,"turns":2},{"damage":27,"enemies":"Gremlin Nob","floor":7,"turns":3},{"damage":11,"enemies":"Jaw Worm","floor":8,"turns":3},{"damage":8,"enemies":"3 Louse","floor":10,"turns":3},{"damage":21,"enemies":"2 Fungi Beasts","floor":12,"turns":4},{"damage":10,"enemies":"Blue Slaver","floor":14,"turns":2},{"damage":0,"enemies":"Slime Boss","floor":16,"turns":4},{"damage":33,"enemies":"Spheric Guardian","floor":18,"turns":3},{"damage":1,"enemies":"Shell Parasite","floor":19,"turns":5},{"damage":14,"enemies":"Sentry and Sphere","floor":22,"turns":5},{"damage":64,"enemies":"Shelled Parasite and Fungi","floor":24,"turns":5}],"seed_played":"-3175901886986540418","potions_obtained":[{"floor":8,"key":"Swift Potion"},{"floor":10,"key":"Cursed Concoction"},{"floor":16,"key":"LifebloodPotion"},{"floor":22,"key":"Block Potion"}],"is_trial":false,"path_per_floor":["M","$","M","?","T","R","E","M","T","M","$","M","?","M","R","B",null,"M","M","?","?","M","R","M"],"character_chosen":"THE_SENSHI","items_purchased":["ReplayTheSpireMod:CursedCoin","theSenshi:MoonCrystalPowerMakeUp","Orrery"],"campfire_rested":3,"item_purchase_floors":[2,2,11],"current_hp_per_floor":[71,71,71,41,41,63,41,30,30,22,22,16,16,6,31,31,85,57,67,51,51,37,64,0,0],"gold":203,"neow_bonus":"","is_daily":false,"chose_seed":false,"campfire_upgraded":0,"win_rate":0.0,"timestamp":1610965722,"path_taken":["M","$","M","?","?","R","E","M","T","M","$","M","?","M","R","BOSS","M","M","?","?","M","R","?"],"items_purchased_type":["Relic","Card","Relic"],"build_version":"2020-12-22","purchased_purges":0,"victory":false,"max_hp_per_floor":[75,75,75,75,75,75,75,75,75,75,75,85,85,85,85,85,85,85,85,90,90,90,90,90,90],"card_choices":[{"not_picked":["theSenshi:GatheringStrength","theSenshi:SailorStarMakerAssists"],"picked":"theSenshi:MoonsReflection","floor":1},{"not_picked":["theSenshi:EncouragingSpeech","theSenshi:TallSilhouette"],"picked":"theSenshi:SailorPlanetPower","floor":3},{"not_picked":["theSenshi:MoonCosmicPowerMakeUp","theSenshi:MoonHealingEscalation"],"picked":"theSenshi:MoonKick","floor":4},{"not_picked":["theSenshi:YouCanTalk","theSenshi:SupersonicWaves"],"picked":"theSenshi:LunasBite","floor":4},{"not_picked":["theSenshi:LunasBite","theSenshi:MoonPunch"],"picked":"theSenshi:MoonPrincessHalation","floor":4},{"not_picked":["Laetitia","VoidDream"],"picked":"Rudolta","floor":7},{"not_picked":["theSenshi:MoonPower","theSenshi:TallSilhouette"],"picked":"theSenshi:SupersonicWaves","floor":7},{"not_picked":["theSenshi:LunasBite","theSenshi:NeptunesGrace"],"picked":"theSenshi:MoonsReflection","floor":8},{"not_picked":["QueenBee","OSAHOGD"],"picked":"GreedKing","floor":10},{"not_picked":["theSenshi:EncouragingSpeech","theSenshi:TallSilhouette"],"picked":"theSenshi:MoonTiaraMagic","floor":10},{"not_picked":["GalaxyChild","Wellcheers"],"picked":"SpiderBud","floor":12},{"not_picked":["theSenshi:MoonHealingEscalation","theSenshi:MoonCrystalPowerMakeUp"],"picked":"theSenshi:MoonTwilightFlash","floor":12},{"not_picked":["MHz","UniverseFragment"],"picked":"Wellcheers","floor":14},{"not_picked":["theSenshi:Sidestep","theSenshi:TuxedoSmokingBomber"],"picked":"theSenshi:MoonPunch","floor":14},{"not_picked":["theSenshi:StudyParty","theSenshi:LunaSensingAllies"],"picked":"theSenshi:InTheNameOfTheMoon","floor":16},{"not_picked":["theSenshi:SchoolBag+1","theSenshi:Sidestep","theSenshi:MoonPower"],"picked":"SKIP","floor":18},{"not_picked":["theSenshi:HesSoDreamy","theSenshi:SailorVenusAssists"],"picked":"theSenshi:MoonTiaraMagic","floor":19},{"not_picked":["theSenshi:OdangoHead","theSenshi:SailorMarsAssists+1","theSenshi:LunaWiseMentor"],"picked":"SKIP","floor":22}],"player_experience":303074,"relics_obtained":[{"floor":1,"key":"AddBug"},{"floor":1,"key":"Baka"},{"floor":1,"key":"LetterFromLob"},{"floor":3,"key":"LetterFromLob"},{"floor":5,"key":"Replay:PocketPolymizer"},{"floor":7,"key":"SecretRecord"},{"floor":7,"key":"Counterbalance"},{"floor":7,"key":"LetterFromLob"},{"floor":8,"key":"LetterFromLob"},{"floor":9,"key":"ReplayTheSpireMod:Shallot"},{"floor":10,"key":"LetterFromLob"},{"floor":12,"key":"LetterFromLob"},{"floor":14,"key":"SecretRecord"},{"floor":14,"key":"LetterFromLob"},{"floor":16,"key":"LetterFromLob"},{"floor":18,"key":"LetterFromLob"},{"floor":19,"key":"SecretRecord"},{"floor":19,"key":"LetterFromLob"},{"floor":22,"key":"LetterFromLob"}],"event_choices":[{"damage_healed":0,"gold_gain":0,"player_choice":"Searched \u00272\u0027 times","damage_taken":0,"relics_obtained":["Quantum Egg"],"max_hp_gain":0,"max_hp_loss":0,"event_name":"Dead Adventurer","floor":13,"gold_loss":0},{"damage_healed":0,"gold_gain":0,"player_choice":"Shed Blood","damage_taken":21,"max_hp_gain":5,"max_hp_loss":0,"event_name":"Forgotten Altar","floor":20,"gold_loss":0},{"damage_healed":0,"gold_gain":0,"player_choice":"Upgrade","damage_taken":0,"max_hp_gain":0,"max_hp_loss":0,"event_name":"Designer","floor":21,"gold_loss":40,"cards_upgraded":["theSenshi:MoonPrismPowerMakeUp"]}],"is_beta":false,"boss_relics":[{"not_picked":["Coffee Dripper","Runic Pyramid"],"picked":"Black Star"}],"items_purged_floors":[],"is_endless":false,"potions_floor_spawned":[8,10,16,22],"killed_by":"Shelled Parasite and Fungi","ascension_level":1}}