{"host":"bf9sa99gaumonoeu","time":1610985860,"event":{"mods":["AchievementEnabler","Act Like it!","Aspiration","BaseMod","Bestiary","Better Note","Block Reminder","Colored Map","Colored Powertips","Fox Events","Friendly Minions","Gensokyo","GifTheSpireLib","Googly Eyes","Hallownest","Hermit","Highlight Path","Hubris","Jorbs\u0027s Wanderer Trilogy","KinomotoSakuraMod(????)","Koishi","Marisa????????","Minty Spire (QoL Compilation)","Rare Cards Sparkle","Reimu??????","Relic Stats","Remilia??????","Replay The Spire","StS++","StSLib","The Administrix","The Animator","The Blue Laboratory","The Bug Knight","The Construct","The Cursed","The Hierophant","The Mystic","The Necromancer","The Poker Player","The Runesmith","The Senshi","The Servant 0.9.4"],"gold_per_floor":[113,132,144,32,32,60,60,90,90,90,90,90,122,122,122,122,122],"floor_reached":16,"language":"ENG","playtime":729,"items_purged":[],"score":202,"play_id":"ea948b47-c19c-43db-aff6-15e4036f6101","local_time":"20210118140420","is_ascension_mode":true,"campfire_choices":[{"data":"Sucker Punch","floor":7.0,"key":"SMITH"},{"data":"Neutralize","floor":10.0,"key":"SMITH"},{"floor":12.0,"key":"REST"}],"circlet_count":0,"master_deck":["AscendersBane","Strike_G","Strike_G","Strike_G","Strike_G+1","Strike_G","Defend_G","Defend_G","Defend_G","Defend_G","Defend_G","Survivor","Neutralize+1","Sucker Punch+1","Poisoned Stab","Dagger Throw","StSpp:AbandonFlesh+1","Bane","PiercingWail","Blade Dance+1","Leg Sweep+1"],"relics":["Ring of the Snake","HollowMod:PaleOreRelic","construct:RocketBooster","Toxic Egg 2","Dream Catcher","Chameleon Ring"],"acts_visited":["Hallownest:Greenpath"],"potions_floor_usage":[],"damage_taken":[{"damage":9.0,"enemies":"Hallownest:monsterHuskGuard","floor":1.0,"turns":5.0},{"damage":0.0,"enemies":"Hallownest:2_MossCreeps","floor":2.0,"turns":6.0},{"damage":0.0,"enemies":"Hallownest:monsterHuskWarrior","floor":3.0,"turns":4.0},{"damage":3.0,"enemies":"Hallownest:eliteCrystalGuardian","floor":6.0,"turns":11.0},{"damage":11.0,"enemies":"Hallownest:eliteMossKnight","floor":8.0,"turns":7.0},{"damage":13.0,"enemies":"Hallownest:eliteCrystalGuardian","floor":13.0,"turns":5.0},{"damage":43,"enemies":"Hallownest:BossHornet","floor":16,"turns":7}],"seed_played":"7935664696895239143","potions_obtained":[{"floor":0.0,"key":"Doom Potion"},{"floor":0.0,"key":"blueLaboratory:FrostheartPotion"},{"floor":15.0,"key":"blueLaboratory:Moonshine"},{"floor":15.0,"key":"blueLaboratory:Virophage"}],"is_trial":false,"path_per_floor":["M","M","M","$","?","E","R","E","T","R","?","R","E","T","R","B"],"character_chosen":"THE_SILENT","items_purchased":["StSpp:AbandonFlesh+1"],"campfire_rested":1,"item_purchase_floors":[4],"current_hp_per_floor":[50,50,50,50,50,47,47,36,36,36,36,55,42,42,42,0,0],"gold":122,"neow_bonus":"THREE_SMALL_POTIONS","is_daily":false,"chose_seed":false,"campfire_upgraded":2,"win_rate":0.0,"timestamp":1610985860,"path_taken":["M","M","M","$","?","E","R","E","T","R","?","R","E","?","R","BOSS"],"items_purchased_type":["Card"],"build_version":"2020-12-22","purchased_purges":0,"victory":false,"max_hp_per_floor":[66,66,66,66,66,66,66,66,66,66,66,66,66,66,66,66,66],"relic_stats":{"Dream Catcher":0,"counters":[7,44],"obtain_stats":[{"Dream Catcher":13,"construct:RocketBooster":8,"Chameleon Ring":14,"HollowMod:PaleOreRelic":6,"Toxic Egg 2":9,"Ring of the Snake":0},{"Dream Catcher":6,"construct:RocketBooster":5,"Chameleon Ring":6,"HollowMod:PaleOreRelic":4,"Toxic Egg 2":5,"Ring of the Snake":0},{"Dream Catcher":37,"construct:RocketBooster":32,"Chameleon Ring":37,"HollowMod:PaleOreRelic":25,"Toxic Egg 2":32,"Ring of the Snake":0}],"Ring of the Snake":[14]},"card_choices":[{"not_picked":["PiercingWail","ReplayTheSpireMod:Tripwire"],"picked":"Sucker Punch","floor":1.0},{"not_picked":["StSpp:Throw","Outmaneuver"],"picked":"Poisoned Stab","floor":2.0},{"not_picked":["Doppelganger","Flechettes"],"picked":"Dagger Throw","floor":3.0},{"not_picked":["Underhanded Strike","hubris:TrickCloak"],"picked":"Bane","floor":6.0},{"not_picked":["Doppelganger","Dodge and Roll"],"picked":"PiercingWail","floor":8.0},{"not_picked":["Doppelganger+1","StSpp:CorrosivePoison+1"],"picked":"Leg Sweep+1","floor":13.0}],"player_experience":981205,"relics_obtained":[{"floor":6.0,"key":"HollowMod:PaleOreRelic"},{"floor":8.0,"key":"construct:RocketBooster"},{"floor":9.0,"key":"Toxic Egg 2"},{"floor":13.0,"key":"Dream Catcher"},{"floor":14.0,"key":"Chameleon Ring"}],"event_choices":[],"is_beta":false,"boss_relics":[],"items_purged_floors":[],"is_endless":false,"potions_floor_spawned":[1],"killed_by":"Hallownest:BossHornet","ascension_level":20}}