{"host":"9cyo9hnjhojz9htx","time":1610977821,"event":{"mods":["BaseMod","Colored Powertips","Downfall","Hermit","Lobotomy","LobotomyExtend","Minty Spire (QoL Compilation)","Spicy Shops","StSLib","The Bug Knight","The Cursed"],"gold_per_floor":[99,109,109,126,126,143,194,208,208,208,208],"floor_reached":1,"language":"ZHS","playtime":472,"items_purged":[],"score":13,"play_id":"b97b0076-1d75-4780-82cb-3cb6204ad5d2","local_time":"20210118215021","is_ascension_mode":false,"campfire_choices":[{"floor":1,"key":"RECALL"}],"circlet_count":0,"master_deck":["Guardian:Strike_Guardian","Guardian:Strike_Guardian","Guardian:Strike_Guardian","Guardian:Strike_Guardian","Guardian:Defend_Guardian","Guardian:Defend_Guardian","Guardian:Defend_Guardian","Guardian:Defend_Guardian","Guardian:CurlUp","Guardian:TwinSlam","Guardian:Gem_White","Guardian:WalkerClaw","Guardian:BaubleBeam"],"relics":["Guardian:ModeShifter","HornCleat"],"acts_visited":["Exordium"],"potions_floor_usage":[8],"damage_taken":[{"damage":5,"enemies":"Cultist","floor":2,"turns":5},{"damage":3,"enemies":"2 Louse","floor":4,"turns":3},{"damage":0,"enemies":"Small Slimes","floor":6,"turns":5},{"damage":0,"enemies":"2 Fungi Beasts","floor":8,"turns":3}],"seed_played":"-4455976560360149969","potions_obtained":[{"floor":4,"key":"Fire Potion"},{"floor":6,"key":"Fire Potion"}],"is_trial":false,"path_per_floor":["R","M","?","M","?","M","T","M","$","R"],"character_chosen":"GUARDIAN","items_purchased":[],"campfire_rested":0,"item_purchase_floors":[],"current_hp_per_floor":[88,83,83,80,80,80,80,80,88,88,88],"gold":208,"neow_bonus":"TEN_PERCENT_HP_BONUS","is_daily":false,"chose_seed":false,"campfire_upgraded":0,"win_rate":0.0,"timestamp":1610977821,"path_taken":["R","M","?","M","?","M","T","?","$","R"],"items_purchased_type":[],"build_version":"2020-12-22","purchased_purges":0,"victory":false,"max_hp_per_floor":[88,88,88,88,88,88,88,88,88,88,88],"card_choices":[{"not_picked":["Guardian:RollAttack","Guardian:GuardianWhirl"],"picked":"Guardian:Gem_White","floor":2},{"not_picked":["Guardian:Gem_Red","Guardian:Planning"],"picked":"Guardian:Gem_Green","floor":4},{"not_picked":["Guardian:TemporalStrike","Guardian:RollAttack"],"picked":"Guardian:WalkerClaw","floor":6},{"not_picked":["Guardian:PiercingHide","Guardian:Suspension"],"picked":"Guardian:BaubleBeam","floor":8}],"player_experience":131355,"relics_obtained":[{"floor":2,"key":"LetterFromLob"}],"event_choices":[{"damage_healed":0,"gold_gain":0,"player_choice":"Box","damage_taken":0,"relics_obtained":["HornCleat"],"max_hp_gain":0,"max_hp_loss":0,"event_name":"Big Fish","floor":3,"gold_loss":0,"cards_obtained":["Regret"]}],"is_beta":false,"boss_relics":[],"items_purged_floors":[],"is_endless":false,"potions_floor_spawned":[4,6],"ascension_level":0}}