{"host":"baymyijz6sxaqj5s","time":1610972756,"event":{"mods":["AchievementEnabler","BaseMod","Colored Map","Colored Powertips","DeckTracker","Highlight Path","KOR Keyword Fix","Keyboard Shortcuts","Minty Spire (QoL Compilation)","StSLib","SuperFastMode","everything is the same but u backflip on backflip"],"gold_per_floor":[111,111,125,51,126,126,141,152,152,73,73,84,84,84,84,181,181,197,197,128,138,138,138,138,138],"floor_reached":24,"language":"KOR","playtime":488,"items_purged":[],"score":202,"play_id":"b31a2894-7ca7-4948-a5a4-91e3a6607df6","local_time":"20210118212556","is_ascension_mode":true,"campfire_choices":[{"data":"Survivor","floor":6,"key":"SMITH"},{"data":"Tactician","floor":13,"key":"SMITH"},{"floor":15,"key":"REST"},{"floor":23,"key":"REST"}],"circlet_count":0,"master_deck":["Strike_G","Strike_G","Strike_G","Strike_G","Defend_G","Defend_G","Defend_G","Defend_G","Defend_G","Survivor+1","Neutralize","Noxious Fumes","Tactician+1","Dagger Spray","Noxious Fumes","Prepared","Poisoned Stab","Noxious Fumes","Poisoned Stab+1"],"relics":["Ring of the Serpent","Strawberry","NlothsMask"],"acts_visited":["Exordium","TheCity"],"potions_floor_usage":[16,16,24],"damage_taken":[{"damage":0,"enemies":"2 Louse","floor":1,"turns":4},{"damage":6,"enemies":"Jaw Worm","floor":3,"turns":4},{"damage":0,"enemies":"Small Slimes","floor":7,"turns":5},{"damage":4,"enemies":"Blue Slaver","floor":8,"turns":5},{"damage":16,"enemies":"Red Slaver","floor":12,"turns":5},{"damage":42,"enemies":"Hexaghost","floor":16,"turns":12},{"damage":23,"enemies":"Spheric Guardian","floor":18,"turns":7},{"damage":23,"enemies":"Chosen","floor":21,"turns":7},{"damage":77,"enemies":"Slavers","floor":24,"turns":4}],"seed_played":"7393834889652066560","potions_obtained":[{"floor":1,"key":"Energy Potion"},{"floor":7,"key":"GhostInAJar"},{"floor":8,"key":"Block Potion"}],"is_trial":false,"path_per_floor":["M","?","M","$","?","R","M","M","T","$","?","M","R","$","R","B",null,"M","?","$","M","?","R","E"],"character_chosen":"THE_SILENT","items_purchased":["Tactician","Noxious Fumes","Noxious Fumes"],"campfire_rested":2,"item_purchase_floors":[4,10,20],"current_hp_per_floor":[77,77,71,71,60,60,60,56,63,63,63,47,47,47,72,30,84,61,61,61,38,38,63,0,0],"gold":138,"neow_bonus":"TEN_PERCENT_HP_BONUS","is_daily":false,"chose_seed":false,"campfire_upgraded":2,"win_rate":0.0,"timestamp":1610972756,"path_taken":["M","?","M","?","?","R","M","M","T","$","?","?","R","?","R","BOSS","M","?","$","?","?","R","E"],"items_purchased_type":["Card","Card","Card"],"build_version":"2020-12-22","purchased_purges":0,"victory":false,"max_hp_per_floor":[77,77,77,77,77,77,77,77,84,84,84,84,84,84,84,84,84,84,84,84,84,84,84,84,84],"card_choices":[{"not_picked":["Well Laid Plans","Calculated Gamble","Riddle With Holes"],"picked":"SKIP","floor":1},{"not_picked":["Setup","Quick Slash"],"picked":"Noxious Fumes","floor":3},{"not_picked":["Tactician","Quick Slash","Outmaneuver"],"picked":"SKIP","floor":7},{"not_picked":["Setup","Underhanded Strike"],"picked":"Dagger Spray","floor":8},{"not_picked":["Cloak And Dagger","Bane"],"picked":"Prepared","floor":12},{"not_picked":["Slice","Calculated Gamble"],"picked":"Poisoned Stab","floor":18},{"not_picked":["Underhanded Strike","Flying Knee"],"picked":"Poisoned Stab+1","floor":21}],"player_experience":47653,"relics_obtained":[{"floor":9,"key":"Strawberry"}],"event_choices":[{"damage_healed":0,"gold_gain":0,"player_choice":"Ignored","damage_taken":0,"max_hp_gain":0,"max_hp_loss":0,"event_name":"Liars Game","floor":2,"gold_loss":0},{"damage_healed":0,"gold_gain":75,"player_choice":"Gather Gold","damage_taken":11,"max_hp_gain":0,"max_hp_loss":0,"event_name":"World of Goop","floor":5,"gold_loss":0},{"cards_removed":["Strike_G"],"damage_healed":0,"gold_gain":0,"player_choice":"Offered Basic","damage_taken":0,"max_hp_gain":0,"max_hp_loss":0,"event_name":"Bonfire Elementals","floor":11,"gold_loss":0},{"damage_healed":0,"gold_gain":0,"player_choice":"Trade","damage_taken":0,"relics_obtained":["NlothsMask"],"max_hp_gain":0,"max_hp_loss":0,"event_name":"FaceTrader","floor":19,"gold_loss":0},{"damage_healed":0,"gold_gain":0,"player_choice":"Ignored","damage_taken":0,"max_hp_gain":0,"max_hp_loss":0,"event_name":"Ghosts","floor":22,"gold_loss":0}],"is_beta":false,"boss_relics":[{"not_picked":["Runic Pyramid","Velvet Choker"],"picked":"Ring of the Serpent"}],"items_purged_floors":[],"is_endless":false,"potions_floor_spawned":[1,7,8],"killed_by":"Slavers","ascension_level":2}}