{"host":"bq4pt811tk9yrmjl","time":1610993190,"event":{"mods":["AchievementEnabler","BaseMod","Colored Map","Colored Powertips","Defuse TimeMaze Blight","Hermit","Minty Spire (QoL Compilation)","StSLib","SuperFastMode"],"gold_per_floor":[109,109,174,174,174,205,205,221,292,292,305,330,330,342,342,447,747,761,761,130,144,159,193,213,213,213,213,213],"floor_reached":27,"language":"ENG","playtime":497,"items_purged":[],"score":279,"play_id":"9fa2b1b5-c218-49fa-aca5-2627e88f6226","local_time":"20210118160630","is_ascension_mode":true,"campfire_choices":[{"data":"hermit:Snapshot","floor":7,"key":"SMITH"},{"data":"hermit:Maintenance","floor":15,"key":"SMITH"}],"circlet_count":0,"master_deck":["hermit:Strike_Hermit","hermit:Strike_Hermit+1","hermit:Strike_Hermit","hermit:Strike_Hermit","hermit:Defend_Hermit+1","hermit:Defend_Hermit+1","hermit:Defend_Hermit+1","hermit:Defend_Hermit","hermit:Snapshot+1","hermit:Covet+1","hermit:Determination","hermit:Maintenance+1","hermit:HighNoon","CurseOfTheBell","hermit:Feint+1","hermit:TakeCover+1"],"relics":["hermit:Momento","NeowsBlessing","Vajra","Regal Pillow","Whetstone","Bag of Preparation","Calling Bell","War Paint","Kunai","Old Coin","MutagenicStrength","ClockworkSouvenir","Torii","Letter Opener","hermit:Spyglass","Dead Branch"],"acts_visited":["Exordium","TheCity"],"potions_floor_usage":[16,18,18,18,18,23],"damage_taken":[{"damage":0,"enemies":"Cultist","floor":1,"turns":1},{"damage":0,"enemies":"3 Sentries","floor":6,"turns":1},{"damage":0,"enemies":"Small Slimes","floor":8,"turns":1},{"damage":5,"enemies":"2 Louse","floor":11,"turns":3},{"damage":6,"enemies":"Lagavulin","floor":12,"turns":7},{"damage":2,"enemies":"Looter","floor":14,"turns":4},{"damage":2,"enemies":"Slime Boss","floor":16,"turns":7},{"damage":9,"enemies":"2 Thieves","floor":18,"turns":5},{"damage":13,"enemies":"Shell Parasite","floor":21,"turns":6},{"damage":16,"enemies":"Snecko","floor":22,"turns":4},{"damage":28,"enemies":"Slavers","floor":23,"turns":8},{"damage":2,"enemies":"Snake Plant","floor":24,"turns":6},{"damage":1,"enemies":"Cultist and Chosen","floor":27,"turns":2}],"seed_played":"3206487351802906377","potions_obtained":[{"floor":1,"key":"Weak Potion"},{"floor":12,"key":"SkillPotion"},{"floor":16,"key":"EntropicBrew"},{"floor":23,"key":"FearPotion"}],"is_trial":false,"path_per_floor":["M","$","?","$","?","E","R","M","T","T","M","E","T","M","R","B",null,"M","?","$","M","M","E","M","?","T","M"],"character_chosen":"HERMIT","items_purchased":["ClockworkSouvenir","Torii","FairyPotion","Regen Potion"],"campfire_rested":0,"item_purchase_floors":[20,20,20,20],"current_hp_per_floor":[75,75,75,75,60,60,60,60,60,60,55,49,49,47,47,45,75,66,66,66,53,37,24,22,22,22,21,21],"gold":213,"neow_bonus":"THREE_ENEMY_KILL","is_daily":false,"chose_seed":false,"campfire_upgraded":2,"win_rate":0.0,"timestamp":1610993190,"path_taken":["M","?","?","$","?","E","R","M","T","?","?","E","?","M","R","BOSS","M","?","$","M","M","E","M","?","T","M"],"items_purchased_type":["Relic","Relic","Potion","Potion"],"build_version":"2020-12-22","purchased_purges":0,"victory":false,"max_hp_per_floor":[75,75,75,75,75,75,75,75,75,75,75,75,75,75,75,75,75,75,75,75,75,75,75,75,75,75,75,75],"card_choices":[{"not_picked":["hermit:TakeCover","hermit:Virtue"],"picked":"hermit:Desperado","floor":1},{"not_picked":["hermit:ShadowCloak","hermit:TakeCover"],"picked":"hermit:Determination","floor":6},{"not_picked":["hermit:LowProfile","hermit:Cheat","hermit:BigShot"],"picked":"SKIP","floor":8},{"not_picked":["hermit:HoleUp","hermit:Coalescence"],"picked":"hermit:Maintenance","floor":11},{"not_picked":["hermit:BlackWind","hermit:Quickdraw","hermit:Shortfuse"],"picked":"SKIP","floor":12},{"not_picked":["hermit:Grudge","hermit:Headshot","hermit:LowProfile"],"picked":"SKIP","floor":14},{"not_picked":["hermit:Purgatory","hermit:EternalForm"],"picked":"hermit:HighNoon","floor":16},{"not_picked":["hermit:Headshot","hermit:GoldenBullet+1"],"picked":"hermit:Feint+1","floor":18},{"not_picked":["hermit:CalledShot","hermit:SprayPray","hermit:LowProfile"],"picked":"SKIP","floor":21},{"not_picked":["hermit:CalledShot","hermit:SprayPray","hermit:LowProfile"],"picked":"SKIP","floor":21},{"not_picked":["hermit:Manifest","hermit:Dive"],"picked":"hermit:TakeCover+1","floor":22},{"not_picked":["hermit:Scavenge","hermit:FatalDesire","hermit:Determination"],"picked":"SKIP","floor":23},{"not_picked":["hermit:Ricochet","hermit:Snipe+1","hermit:Headshot"],"picked":"SKIP","floor":24}],"player_experience":183259,"relics_obtained":[{"floor":6,"key":"Vajra"},{"floor":10,"key":"Regal Pillow"},{"floor":12,"key":"Whetstone"},{"floor":13,"key":"Bag of Preparation"},{"floor":17,"key":"War Paint"},{"floor":17,"key":"Kunai"},{"floor":17,"key":"Old Coin"},{"floor":23,"key":"Letter Opener"},{"floor":26,"key":"Dead Branch"}],"event_choices":[{"damage_healed":0,"gold_gain":65,"player_choice":"Gained Gold","damage_taken":0,"max_hp_gain":0,"max_hp_loss":0,"event_name":"Golden Wing","floor":3,"gold_loss":0},{"damage_healed":0,"gold_gain":0,"player_choice":"Entered Light","damage_taken":15,"max_hp_gain":0,"max_hp_loss":0,"event_name":"Shining Light","floor":5,"gold_loss":0,"cards_upgraded":["hermit:Covet","hermit:Defend_Hermit"]},{"damage_healed":0,"gold_gain":0,"player_choice":"Inject Mutagens","damage_taken":0,"relics_obtained":["MutagenicStrength"],"max_hp_gain":0,"max_hp_loss":0,"event_name":"Drug Dealer","floor":19,"gold_loss":0},{"cards_removed":["hermit:Desperado"],"damage_healed":0,"gold_gain":0,"player_choice":"Gave Card","damage_taken":0,"relics_obtained":["hermit:Spyglass"],"max_hp_gain":0,"max_hp_loss":0,"event_name":"WeMeetAgain","floor":25,"gold_loss":0}],"is_beta":false,"boss_relics":[{"not_picked":["Velvet Choker","Cursed Key"],"picked":"Calling Bell"}],"items_purged_floors":[],"is_endless":false,"potions_floor_spawned":[1,12,16,21,23],"killed_by":"Cultist and Chosen","ascension_level":1}}