{"host":"chv1qanoipyt46jc","time":1610947200,"event":{"mods":["2.2 Compatiblity","AchievementEnabler","BaseMod","BetterRewards","CapriCore","Card Filter","Evolution","Gold Saver","Grow up Mod","Kratos Character Expansion","Minty Spire (QoL Compilation)","Rare Cards Sparkle","Relic Filter","Remove Card Discount Mod","Reorder Act Four","StSLib"],"gold_per_floor":[823,821,832,832,845,873,892,892,971,987,1005,1017,1046,1062,1062,1159,1159,1171,1186,1186,1203,1222,1252,1262,1272,1323,1343,1343,1343,1373,1386,1386,1488,1488,1501,1501,1501,1518,1536,1569,1569,1619,1643,1643,1660,1677,1687,1703,1703,1703,1703,1703,1703,1729,1729],"floor_reached":56,"language":"ENG","playtime":880,"items_purged":["KratosMod:Strike_K","KratosMod:Strike_K","KratosMod:Strike_K","KratosMod:Strike_K","KratosMod:Defend_K","KratosMod:Defend_K","KratosMod:Defend_K","KratosMod:Defend_K","KratosMod:BladeWhip","KratosMod:Tempor","KratosMod:cyclone"],"score":1891,"play_id":"2771f76f-8797-46d8-8010-d6545345894a","local_time":"20210117232000","is_ascension_mode":false,"campfire_choices":[{"data":"KratosMod:BladeWhip","floor":8,"key":"SMITH"},{"data":"KratosMod:BladeWhip","floor":15,"key":"SMITH"},{"data":"KratosMod:BladeWhip","floor":29,"key":"SMITH"},{"data":"1","floor":32,"key":"LIFT"},{"floor":41,"key":"RECALL"},{"data":"2","floor":44,"key":"LIFT"},{"data":"3","floor":49,"key":"LIFT"}],"circlet_count":0,"master_deck":["KratosMod:AthenaBane","KratosMod:BladeWhip+1","KratosMod:BladeWhip+1","KratosMod:Revenge+1","KratosMod:BladeWhip+1"],"relics":["EVO:Axolotl","Medical Kit","Gremlin Horn","Boot","KratosMod:eagle","KratosMod:minohorn","Vajra","Girya","Coffee Dripper","Ancient Tea Set","Centennial Puzzle","Mercury Hourglass","Busted Crown","Akabeko","Unceasing Top","Blood Vial","Eternal Feather"],"acts_visited":["Exordium","TheCity","TheBeyond","TheEnding"],"potions_floor_usage":[55],"damage_taken":[{"damage":0,"enemies":"Cultist","floor":1,"turns":2},{"damage":11,"enemies":"Jaw Worm","floor":3,"turns":2},{"damage":0,"enemies":"Small Slimes","floor":5,"turns":1},{"damage":0,"enemies":"Lagavulin","floor":6,"turns":2},{"damage":0,"enemies":"Exordium Wildlife","floor":7,"turns":1},{"damage":0,"enemies":"Blue Slaver","floor":10,"turns":1},{"damage":0,"enemies":"3 Louse","floor":11,"turns":1},{"damage":0,"enemies":"Large Slime","floor":12,"turns":1},{"damage":0,"enemies":"Gremlin Nob","floor":13,"turns":1},{"damage":0,"enemies":"2 Fungi Beasts","floor":14,"turns":1},{"damage":0,"enemies":"The Guardian","floor":16,"turns":1},{"damage":0,"enemies":"Chosen","floor":18,"turns":1},{"damage":0,"enemies":"2 Thieves","floor":19,"turns":1},{"damage":0,"enemies":"Snake Plant","floor":21,"turns":1},{"damage":0,"enemies":"Shelled Parasite and Fungi","floor":22,"turns":1},{"damage":0,"enemies":"Book of Stabbing","floor":23,"turns":1},{"damage":0,"enemies":"3 Cultists","floor":24,"turns":1},{"damage":0,"enemies":"Sentry and Sphere","floor":25,"turns":1},{"damage":0,"enemies":"Chosen and Byrds","floor":27,"turns":1},{"damage":0,"enemies":"Gremlin Leader","floor":30,"turns":1},{"damage":0,"enemies":"Snake Plant","floor":31,"turns":1},{"damage":0,"enemies":"Champ","floor":33,"turns":1},{"damage":0,"enemies":"3 Shapes","floor":35,"turns":1},{"damage":0,"enemies":"Orb Walker","floor":38,"turns":1},{"damage":0,"enemies":"Transient","floor":39,"turns":1},{"damage":0,"enemies":"Nemesis","floor":40,"turns":1},{"damage":0,"enemies":"Mind Bloom Boss Battle","floor":42,"turns":1},{"damage":3,"enemies":"Sphere and 2 Shapes","floor":45,"turns":1},{"damage":0,"enemies":"3 Darklings","floor":46,"turns":1},{"damage":0,"enemies":"Maw","floor":47,"turns":1},{"damage":0,"enemies":"Jaw Worm Horde","floor":48,"turns":1},{"damage":0,"enemies":"Awakened One","floor":50,"turns":2},{"damage":0,"enemies":"Shield and Spear","floor":54,"turns":1},{"damage":96,"enemies":"The Heart","floor":55,"turns":4}],"seed_played":"4425266436342830764","potions_obtained":[{"floor":5,"key":"SmokeBomb"},{"floor":7,"key":"Block Potion"},{"floor":10,"key":"SpeedPotion"}],"is_trial":false,"path_per_floor":["M","$","M","?","M","E","M","R","T","M","M","M","E","M","R","B",null,"M","M","$","M","M","E","M","M","T","M","?","R","E","M","R","B",null,"M","$","?","M","M","E","R","?","T","R","M","M","M","M","R","B",null,"$","R","E","B",null],"character_chosen":"KRATOS","items_purchased":["Medical Kit","KratosMod:BladeWhip","KratosMod:BladeWhip","KratosMod:BladeWhip","Gremlin Horn","KratosMod:Tempor","KratosMod:Revenge","Boot","KratosMod:BladeWhip","KratosMod:eagle","KratosMod:minohorn"],"campfire_rested":0,"item_purchase_floors":[0,0,0,0,0,0,0,0,0,0,0],"current_hp_per_floor":[44,54,53,63,73,83,93,103,113,123,133,143,153,163,173,183,240,250,260,270,280,290,300,310,320,330,340,350,360,370,380,390,400,410,420,430,440,450,460,470,480,490,500,510,517,529,540,550,560,570,580,590,600,610,524],"gold":1729,"neow_bonus":"","is_daily":false,"chose_seed":false,"campfire_upgraded":3,"win_rate":0.0,"timestamp":1610947200,"path_taken":["M","$","M","?","M","E","M","R","T","M","M","M","E","?","R","BOSS","M","M","$","M","M","E","M","M","T","M","?","R","E","M","R","BOSS","M","$","?","M","M","E","R","?","T","R","M","M","M","M","R","BOSS","$","R","E","BOSS"],"items_purchased_type":["Relic","Card","Card","Card","Relic","Card","Card","Relic","Card","Relic","Relic"],"build_version":"2020-12-22","purchased_purges":11,"victory":true,"max_hp_per_floor":[80,90,100,110,120,130,140,150,160,170,180,190,200,210,220,230,240,250,260,270,280,290,300,310,320,330,340,350,360,370,380,390,400,410,420,430,440,450,460,470,480,490,500,510,520,530,540,550,560,570,580,590,600,610,620],"card_choices":[{"not_picked":["KratosMod:rattle","KratosMod:ShieldBash","KratosMod:clawsofhades"],"picked":"SKIP","floor":1},{"not_picked":["KratosMod:settle","KratosMod:Tempor","KratosMod:Roll"],"picked":"SKIP","floor":3},{"not_picked":["KratosMod:ShieldBash","KratosMod:settle","KratosMod:Roll"],"picked":"SKIP","floor":5},{"not_picked":["KratosMod:ShieldBash","KratosMod:Tempor","KratosMod:rattle"],"picked":"SKIP","floor":6},{"not_picked":["KratosMod:ShieldBash","KratosMod:conjuresoul","KratosMod:SmashStone"],"picked":"SKIP","floor":7},{"not_picked":["KratosMod:Roll","KratosMod:Tempor","KratosMod:rattle"],"picked":"SKIP","floor":10},{"not_picked":["KratosMod:BladeWhip","KratosMod:Roll","KratosMod:Endure"],"picked":"SKIP","floor":11},{"not_picked":["KratosMod:Roll","KratosMod:Endure","KratosMod:Tempor"],"picked":"SKIP","floor":12},{"not_picked":["KratosMod:Endure","KratosMod:Roll","KratosMod:Tempor"],"picked":"SKIP","floor":13},{"not_picked":["KratosMod:rattle","KratosMod:Roll","KratosMod:Tempor"],"picked":"SKIP","floor":14},{"not_picked":["KratosMod:BladeWhip","KratosMod:settle","KratosMod:Roll+1"],"picked":"SKIP","floor":18},{"not_picked":["KratosMod:BladeWhip","KratosMod:ShieldBash","KratosMod:settle"],"picked":"SKIP","floor":19},{"not_picked":["KratosMod:Endure","KratosMod:ShieldBash+1","KratosMod:clawsofhades"],"picked":"SKIP","floor":21},{"not_picked":["KratosMod:conjuresoul+1","KratosMod:Tempor+1","KratosMod:Endure"],"picked":"SKIP","floor":22},{"not_picked":["KratosMod:BladeWhip","KratosMod:conjuresoul","KratosMod:rattle"],"picked":"SKIP","floor":23},{"not_picked":["KratosMod:conjuresoul","KratosMod:clawsofhades","KratosMod:SmashStone+1"],"picked":"SKIP","floor":24},{"not_picked":["KratosMod:conjuresoul","KratosMod:Tempor+1","KratosMod:ShieldBash"],"picked":"SKIP","floor":25},{"not_picked":["KratosMod:clawsofhades","KratosMod:ShieldBash","KratosMod:Endure+1"],"picked":"SKIP","floor":27},{"not_picked":["KratosMod:ablockalypse","KratosMod:Endure","KratosMod:BladeWhip+1"],"picked":"SKIP","floor":30},{"not_picked":["KratosMod:rattle","KratosMod:Roll+1","KratosMod:ShieldBash"],"picked":"SKIP","floor":31},{"not_picked":["KratosMod:Endure"],"picked":"SKIP","floor":35},{"not_picked":["KratosMod:Tempor"],"picked":"SKIP","floor":38},{"not_picked":["KratosMod:ShieldBash+1"],"picked":"SKIP","floor":39},{"not_picked":["KratosMod:Roll+1"],"picked":"SKIP","floor":40},{"not_picked":["KratosMod:clawsofhades+1"],"picked":"SKIP","floor":45},{"not_picked":["KratosMod:Tempor"],"picked":"SKIP","floor":46},{"not_picked":["KratosMod:Roll+1"],"picked":"SKIP","floor":47},{"not_picked":["KratosMod:ShieldBash"],"picked":"SKIP","floor":48},{"not_picked":["KratosMod:settle"],"picked":"SKIP","floor":54}],"player_experience":345522,"relics_obtained":[{"floor":6,"key":"Vajra"},{"floor":13,"key":"Girya"},{"floor":23,"key":"Ancient Tea Set"},{"floor":26,"key":"Centennial Puzzle"},{"floor":30,"key":"Mercury Hourglass"},{"floor":40,"key":"Akabeko"},{"floor":42,"key":"Unceasing Top"},{"floor":43,"key":"Blood Vial"},{"floor":54,"key":"Eternal Feather"}],"event_choices":[{"damage_healed":0,"gold_gain":0,"player_choice":"Upgraded","damage_taken":0,"max_hp_gain":0,"max_hp_loss":0,"event_name":"Upgrade Shrine","floor":4,"gold_loss":0,"cards_upgraded":["KratosMod:Revenge"]},{"damage_healed":0,"gold_gain":0,"player_choice":"Ignored","damage_taken":0,"max_hp_gain":0,"max_hp_loss":0,"event_name":"Beggar","floor":28,"gold_loss":0},{"damage_healed":0,"gold_gain":0,"player_choice":"Memory 1","damage_taken":0,"max_hp_gain":0,"max_hp_loss":0,"event_name":"SensoryStone","floor":37,"gold_loss":0},{"damage_healed":0,"gold_gain":0,"player_choice":"Fight","damage_taken":0,"max_hp_gain":0,"max_hp_loss":0,"event_name":"MindBloom","floor":42,"gold_loss":0}],"is_beta":false,"boss_relics":[{"not_picked":["Runic Dome","Pandora\u0027s Box"],"picked":"Coffee Dripper"},{"not_picked":["Astrolabe","Calling Bell"],"picked":"Busted Crown"}],"items_purged_floors":[0,0,0,0,0,0,0,0,0,0,2],"is_endless":false,"potions_floor_spawned":[1,5,7,10,11,19,23,25,27,31,39,40,42,46,48],"ascension_level":0}}