{"host":"e4hse1vg61zltgzv","time":1610970087,"event":{"mods":["AchievementEnabler","BaseMod","Block Reminder","Colored Map","DeckTracker","GifTheSpireLib","Minty Spire (QoL Compilation)","Rare Cards Sparkle","StSLib","SuperFastMode","The Poker Player","everything is the same but u backflip on backflip"],"gold_per_floor":[117,131,131,148,168,168,193,206,206,222,24,24,24,54,54,130,130,144,157,96,106,119,119,130,147,173,173,173],"floor_reached":27,"language":"KOR","playtime":1022,"items_purged":["Pain"],"score":458,"play_id":"2c424a2a-a52f-423b-9307-8c8d52cc4e5b","local_time":"20210118204127","is_ascension_mode":true,"campfire_choices":[{"data":"Barrage","floor":6.0,"key":"SMITH"},{"floor":13.0,"key":"REST"},{"data":"Creative AI","floor":15.0,"key":"SMITH"},{"floor":23,"key":"REST"}],"circlet_count":0,"master_deck":["AscendersBane","Zap","Dualcast","FTL+1","BootSequence","Cold Snap","Barrage+1","Conserve Battery","Beam Cell","Leap","Creative AI+1","Loop","Reboot","Go for the Eyes","Streamline","Sunder","Seek","Streamline","Hologram","Creative AI","Sweeping Beam","Force Field","Storm","Capacitor","Turbo","Chill+1","Go for the Eyes+1","Hologram+1"],"relics":["Cracked Core","NeowsBlessing","Bottled Lightning","Oddly Smooth Stone","Membership Card","WarpedTongs","Whetstone","Pandora\u0027s Box","Happy Flower"],"acts_visited":["Exordium","TheCity"],"potions_floor_usage":[27,27],"damage_taken":[{"damage":0.0,"enemies":"Jaw Worm","floor":1.0,"turns":1.0},{"damage":0.0,"enemies":"Cultist","floor":2.0,"turns":1.0},{"damage":6.0,"enemies":"2 Louse","floor":4.0,"turns":2.0},{"damage":3.0,"enemies":"Gremlin Gang","floor":5.0,"turns":5.0},{"damage":37.0,"enemies":"Gremlin Nob","floor":7.0,"turns":4.0},{"damage":2.0,"enemies":"Blue Slaver","floor":8.0,"turns":3.0},{"damage":8.0,"enemies":"Red Slaver","floor":10.0,"turns":4.0},{"damage":4.0,"enemies":"3 Sentries","floor":14.0,"turns":5.0},{"damage":18.0,"enemies":"The Guardian","floor":16.0,"turns":10.0},{"damage":10.0,"enemies":"Chosen","floor":18.0,"turns":3.0},{"damage":8.0,"enemies":"2 Thieves","floor":19.0,"turns":3.0},{"damage":36.0,"enemies":"3 Cultists","floor":21.0,"turns":6.0},{"damage":0,"enemies":"Snake Plant","floor":22,"turns":4},{"damage":4,"enemies":"Centurion and Healer","floor":24,"turns":8},{"damage":8,"enemies":"Shelled Parasite and Fungi","floor":25,"turns":7},{"damage":15,"enemies":"Slavers","floor":27,"turns":2}],"seed_played":"2849467678288754453","potions_obtained":[{"floor":1.0,"key":"PotionOfCapacity"},{"floor":4.0,"key":"ColorlessPotion"},{"floor":5.0,"key":"DuplicationPotion"},{"floor":24,"key":"EssenceOfSteel"}],"is_trial":false,"path_per_floor":["M","M","?","M","M","R","E","M","T","M","$","?","R","E","R","B",null,"M","M","$","M","M","R","M","M","T","E"],"character_chosen":"DEFECT","items_purchased":["Membership Card","Creative AI","Capacitor"],"campfire_rested":2,"item_purchase_floors":[11,11,20],"current_hp_per_floor":[64,64,64,58,55,55,18,16,16,8,8,8,29,25,25,7,55,45,37,37,1,1,22,18,10,10,0,0],"gold":173,"neow_bonus":"THREE_ENEMY_KILL","is_daily":false,"chose_seed":false,"campfire_upgraded":2,"win_rate":0.0,"timestamp":1610970087,"path_taken":["M","M","?","M","?","R","E","?","T","M","$","?","R","E","R","BOSS","M","M","$","M","M","R","M","M","T","E"],"items_purchased_type":["Relic","Card","Card"],"build_version":"2020-12-22","purchased_purges":1,"victory":false,"max_hp_per_floor":[71,71,71,71,71,71,71,71,71,71,71,71,71,71,71,71,71,71,71,71,71,71,71,71,71,71,71,71],"card_choices":[{"not_picked":["Rip and Tear","Hologram"],"picked":"FTL","floor":1.0},{"not_picked":["Tempest","Streamline"],"picked":"BootSequence","floor":2.0},{"not_picked":["Capacitor","Coolheaded"],"picked":"Cold Snap","floor":4.0},{"not_picked":["Gash","Double Energy"],"picked":"Barrage","floor":5.0},{"not_picked":["Leap","Compile Driver"],"picked":"Conserve Battery","floor":7.0},{"not_picked":["Hologram","Reprogram"],"picked":"Beam Cell","floor":8.0},{"not_picked":["Scrape","Steam"],"picked":"Leap","floor":10.0},{"not_picked":["Leap","Streamline"],"picked":"Loop","floor":14.0},{"not_picked":["All For One","Machine Learning"],"picked":"Reboot","floor":16.0},{"not_picked":["Turbo","Stack"],"picked":"Force Field","floor":18.0},{"not_picked":["Rebound","Sunder"],"picked":"Storm","floor":19.0},{"not_picked":["Ball Lightning","White Noise+1"],"picked":"Turbo","floor":21},{"not_picked":["Rainbow","Redo"],"picked":"Chill+1","floor":22},{"not_picked":["FTL","Rebound+1"],"picked":"Go for the Eyes+1","floor":24},{"not_picked":["Turbo","Chill"],"picked":"Hologram+1","floor":25}],"player_experience":807478,"relics_obtained":[{"floor":7.0,"key":"Bottled Lightning"},{"floor":9.0,"key":"Oddly Smooth Stone"},{"floor":14.0,"key":"Whetstone"},{"floor":26,"key":"Happy Flower"}],"event_choices":[{"damage_healed":0.0,"max_hp_gain":0.0,"max_hp_loss":0.0,"gold_gain":0.0,"event_name":"Match and Keep!","player_choice":"0 cards matched","floor":3.0,"gold_loss":0.0,"damage_taken":0.0,"cards_obtained":[]},{"damage_healed":0.0,"max_hp_gain":0.0,"max_hp_loss":0.0,"gold_gain":0.0,"event_name":"Accursed Blacksmith","player_choice":"Rummage","floor":12.0,"gold_loss":0.0,"damage_taken":0.0,"relics_obtained":["WarpedTongs"],"cards_obtained":["Pain"]}],"is_beta":false,"boss_relics":[{"not_picked":["Ectoplasm","Runic Dome"],"picked":"Pandora\u0027s Box"}],"items_purged_floors":[20],"is_endless":false,"potions_floor_spawned":[1,4,5,8,14,24],"killed_by":"Slavers","ascension_level":20}}