{"host":"vyjryxuuuxkt43k4","time":1610977528,"event":{"mods":["AchievementEnabler","BaseMod","Colored Map","DeckTracker","Keyboard Shortcuts","Minty Spire (QoL Compilation)","Permanent Neow","Quick Restart","Rare Cards Sparkle","StSLib","SuperFastMode","everything is the same but u backflip on backflip"],"gold_per_floor":[113,113,123,123,44,85,10,23,103,103,103,134,134,148,148,148,148],"floor_reached":16,"language":"KOR","playtime":575,"items_purged":["Strike_R"],"score":173,"play_id":"c744a0ee-917a-4310-9562-da8f6ba8927b","local_time":"20210118224528","is_ascension_mode":true,"campfire_choices":[{"floor":11,"key":"REST"},{"data":"Offering","floor":13,"key":"SMITH"},{"data":"Spot Weakness","floor":15,"key":"SMITH"}],"circlet_count":0,"master_deck":["AscendersBane","Strike_R","Strike_R","Strike_R","Strike_R","Defend_R","Defend_R","Defend_R","Defend_R","Bash","Spot Weakness+1","Disarm","Shrug It Off","Offering+1","Battle Trance","Bludgeon+1","Inflame"],"relics":["Burning Blood","Golden Idol","Red Skull","Bottled Flame","Charon\u0027s Ashes"],"acts_visited":["Exordium"],"potions_floor_usage":[12],"damage_taken":[{"damage":19,"enemies":"Small Slimes","floor":1,"turns":4},{"damage":7,"enemies":"Jaw Worm","floor":3,"turns":4},{"damage":47,"enemies":"3 Sentries","floor":6,"turns":9},{"damage":0,"enemies":"Cultist","floor":8,"turns":4},{"damage":13,"enemies":"Lagavulin","floor":12,"turns":3},{"damage":12,"enemies":"Exordium Wildlife","floor":14,"turns":2},{"damage":41,"enemies":"Slime Boss","floor":16,"turns":6}],"seed_played":"5441537682322941280","potions_obtained":[{"floor":1,"key":"FearPotion"},{"floor":14,"key":"Weak Potion"}],"is_trial":false,"path_per_floor":["M","?","M","?","$","E","$","M","T","?","R","E","R","M","R","B"],"character_chosen":"IRONCLAD","items_purchased":["Offering"],"campfire_rested":1,"item_purchase_floors":[5],"current_hp_per_floor":[59,64,63,63,63,22,22,28,28,28,51,44,44,38,38,0,0],"gold":148,"neow_bonus":"THREE_CARDS","is_daily":false,"chose_seed":false,"campfire_upgraded":2,"win_rate":0.0,"timestamp":1610977528,"path_taken":["M","?","M","?","$","E","?","M","T","?","R","E","R","M","R","BOSS"],"items_purchased_type":["Card"],"build_version":"2020-12-22","purchased_purges":1,"victory":false,"max_hp_per_floor":[80,85,85,79,79,79,79,79,79,79,79,79,79,79,79,79,79],"card_choices":[{"not_picked":["Thunderclap","Anger"],"picked":"Spot Weakness","floor":0},{"not_picked":["Thunderclap","Clash"],"picked":"Disarm","floor":1},{"not_picked":["Spot Weakness","Iron Wave"],"picked":"Shrug It Off","floor":3},{"not_picked":["Clash","Thunderclap"],"picked":"Battle Trance","floor":6},{"not_picked":["Clothesline","Burning Pact"],"picked":"Bludgeon","floor":8},{"not_picked":["Flex","Battle Trance"],"picked":"Inflame","floor":12},{"not_picked":["Body Slam","Shockwave","Wild Strike"],"picked":"SKIP","floor":14}],"player_experience":456641,"relics_obtained":[{"floor":6,"key":"Red Skull"},{"floor":9,"key":"Bottled Flame"},{"floor":12,"key":"Charon\u0027s Ashes"}],"event_choices":[{"damage_healed":0,"gold_gain":0,"player_choice":"Donut","damage_taken":0,"max_hp_gain":5,"max_hp_loss":0,"event_name":"Big Fish","floor":2,"gold_loss":0},{"damage_healed":0,"gold_gain":0,"player_choice":"Lose Max HP","damage_taken":0,"relics_obtained":["Golden Idol"],"max_hp_gain":0,"max_hp_loss":6,"event_name":"Golden Idol","floor":4,"gold_loss":0},{"damage_healed":0,"gold_gain":0,"player_choice":"Upgraded","damage_taken":0,"max_hp_gain":0,"max_hp_loss":0,"event_name":"Upgrade Shrine","floor":10,"gold_loss":0,"cards_upgraded":["Bludgeon"]}],"is_beta":false,"boss_relics":[],"items_purged_floors":[7],"is_endless":false,"potions_floor_spawned":[1,14],"killed_by":"Slime Boss","ascension_level":12}}