{"host":"2yhbarjh4s9lrrzt","time":1610941160,"event":{"mods":["BaseMod","Better Third Choice","Minty Spire (QoL Compilation)","Replay The Spire","StSLib"],"gold_per_floor":[118,137,137,19,35,66,66,77,157,157,157,157,174,188,188,188,188],"floor_reached":16,"language":"ENG","playtime":874,"items_purged":[],"score":102,"play_id":"71f29acd-6253-4c30-8b79-2456b019107f","local_time":"20210117223920","is_ascension_mode":false,"campfire_choices":[{"floor":10,"key":"REST"},{"floor":12,"key":"RECALL"},{"floor":15,"key":"REST"}],"circlet_count":0,"master_deck":["Strike_P","Strike_P","Strike_P","Strike_P","Defend_P","Defend_P","Defend_P","Defend_P","Eruption","Vigilance","Fasting2","FollowUp","BowlingBash","Protect","Replay:AtTheReady","Wallop","ConjureBlade+1","Replay:Battleflow","Replay:BluntJabs","BattleHymn"],"relics":["PureWater","NeowsBlessing","Replay:Multitool"],"acts_visited":["Exordium"],"potions_floor_usage":[6],"damage_taken":[{"damage":0,"enemies":"2 Louse","floor":1,"turns":1},{"damage":0,"enemies":"Small Slimes","floor":2,"turns":2},{"damage":0,"enemies":"Cultist","floor":5,"turns":1},{"damage":37,"enemies":"Lagavulin","floor":6,"turns":14},{"damage":50,"enemies":"Exordium Thugs","floor":8,"turns":8},{"damage":0,"enemies":"Large Slime","floor":13,"turns":5},{"damage":2,"enemies":"2 Fungi Beasts","floor":14,"turns":4},{"damage":65,"enemies":"The Guardian","floor":16,"turns":13}],"seed_played":"6901243104530295916","potions_obtained":[{"floor":1,"key":"Regen Potion"},{"floor":6,"key":"Elixir"},{"floor":8,"key":"Toxic Potion"}],"is_trial":false,"path_per_floor":["M","M","?","$","M","E","R","M","T","R","?","R","M","M","R","B"],"character_chosen":"WATCHER","items_purchased":["BowlingBash","Protect","Replay:AtTheReady"],"campfire_rested":2,"item_purchase_floors":[4,4,4],"current_hp_per_floor":[72,72,72,72,72,50,71,21,21,42,42,42,42,40,61,0,0],"gold":188,"neow_bonus":"THREE_ENEMY_KILL","is_daily":false,"chose_seed":false,"campfire_upgraded":0,"win_rate":0.0,"timestamp":1610941160,"path_taken":["M","M","?","$","M","E","R","M","T","R","?","R","M","?","R","BOSS"],"items_purchased_type":["Card","Card","Card"],"build_version":"2020-12-22","purchased_purges":0,"victory":false,"max_hp_per_floor":[72,72,72,72,72,72,72,72,72,72,72,72,72,72,72,72,72],"card_choices":[{"not_picked":["Vengeance","InnerPeace"],"picked":"Fasting2","floor":1},{"not_picked":["CrushJoints","ThirdEye"],"picked":"FollowUp","floor":2},{"not_picked":["ClearTheMind","BowlingBash"],"picked":"Wallop","floor":5},{"not_picked":["FlyingSleeves","FlurryOfBlows"],"picked":"ConjureBlade","floor":6},{"not_picked":["Crescendo","CrushJoints"],"picked":"Replay:Battleflow","floor":8},{"not_picked":["Protect","FollowUp"],"picked":"Replay:BluntJabs","floor":13},{"not_picked":["CrushJoints","Consecrate"],"picked":"BattleHymn","floor":14}],"player_experience":221606,"relics_obtained":[{"floor":6,"key":"Replay:Multitool"}],"event_choices":[{"damage_healed":0,"gold_gain":0,"player_choice":"Leave","damage_taken":0,"max_hp_gain":0,"max_hp_loss":0,"event_name":"The Cleric","floor":3,"gold_loss":0},{"damage_healed":0,"gold_gain":0,"player_choice":"Ignored","damage_taken":0,"max_hp_gain":0,"max_hp_loss":0,"event_name":"NoteForYourself","floor":11,"gold_loss":0}],"is_beta":false,"boss_relics":[],"items_purged_floors":[],"is_endless":false,"potions_floor_spawned":[1,6,8],"killed_by":"The Guardian","ascension_level":0}}