{"host":"71x3l6y2fkerz90u","time":1610937600,"event":{"mods":["BaseMod","Downfall","Hubris","Minty Spire (QoL Compilation)","StSLib","The Necromancer"],"gold_per_floor":[99,274,274,274,274,274,274,274,274,284,303,313,313,10,26,26,26],"floor_reached":16,"language":"DEU","playtime":857,"items_purged":[],"score":88,"play_id":"380d2147-85f7-44cb-b3f4-24ce9c7df2c9","local_time":"20210118034000","is_ascension_mode":false,"campfire_choices":[{"floor":1,"key":"RECALL"},{"data":"bronze:Replicate","floor":6,"key":"SMITH"},{"data":"bronze:Defend","floor":9,"key":"SMITH"},{"floor":13,"key":"REST"}],"circlet_count":0,"master_deck":["bronze:Strike","bronze:Strike","bronze:Strike","bronze:Strike","bronze:Defend","bronze:Defend","bronze:Defend","bronze:Defend+1","bronze:Goto","Doubt","bronze:Invalidate","bronze:FineTuning","bronze:Flail","bronze:BronzeOrb","bronze:FineTuning","bronze:ClassDefault","bronze:BitShift","hubris:DuctTapeCard","bronze:CutThrough","bronze:DelayedSlice"],"relics":["bronze:BronzeCore","downfall:HeartsMalice","hubris:Icosahedron","Sundial","hubris:DuctTape"],"acts_visited":["Exordium"],"potions_floor_usage":[12,16,16],"damage_taken":[{"damage":0,"enemies":"Jaw Worm","floor":3,"turns":1},{"damage":0,"enemies":"Jaw Worm","floor":4,"turns":1},{"damage":0,"enemies":"2 Louse","floor":8,"turns":1},{"damage":10,"enemies":"Small Slimes","floor":10,"turns":3},{"damage":21,"enemies":"Large Slime","floor":11,"turns":5},{"damage":0,"enemies":"3 Louse","floor":12,"turns":3},{"damage":5,"enemies":"downfall:FleeingMerchant","floor":14,"turns":4},{"damage":8,"enemies":"Gremlin Gang","floor":15,"turns":4},{"damage":48,"enemies":"WA_ARCHETYPE_RETAIN","floor":16,"turns":4}],"seed_played":"-7990773377858483139","potions_obtained":[{"floor":10,"key":"Ancient Potion"},{"floor":11,"key":"Fire Potion"},{"floor":12,"key":"bronze:BurnAndBuffPotion"}],"is_trial":false,"path_per_floor":["R","?","M","?","?","R","T","M","R","M","M","M","R","$","M","B"],"character_chosen":"THE_AUTOMATON","items_purchased":["hubris:DuctTape","bronze:CutThrough"],"campfire_rested":1,"item_purchase_floors":[14,14],"current_hp_per_floor":[70,70,70,70,70,70,70,70,70,60,39,39,60,55,47,0,0],"gold":26,"neow_bonus":"THREE_ENEMY_KILL","is_daily":false,"chose_seed":false,"campfire_upgraded":2,"win_rate":0.0,"timestamp":1610937600,"path_taken":["R","?","M","?","?","R","T","?","R","M","M","M","R","$","M","BOSS"],"items_purchased_type":["Relic","Card"],"build_version":"2020-12-22","purchased_purges":0,"victory":false,"max_hp_per_floor":[70,70,70,70,70,70,70,70,70,70,70,70,70,70,70,70,70],"card_choices":[{"not_picked":["bronze:BronzeArmor","bronze:BuggyMess"],"picked":"bronze:Invalidate","floor":3},{"not_picked":[],"picked":"bronze:Spike","floor":4},{"not_picked":["bronze:WhirlingStrike","bronze:Invalidate"],"picked":"bronze:FineTuning","floor":4},{"not_picked":["bronze:Shield","bronze:Deprecate"],"picked":"bronze:Flail","floor":8},{"not_picked":["bronze:Safeguard","bronze:DelayedSlice"],"picked":"bronze:BronzeOrb","floor":10},{"not_picked":["bronze:Invalidate","bronze:ThunderWave"],"picked":"bronze:FineTuning","floor":11},{"not_picked":["bronze:DelayedGuard","bronze:Overload"],"picked":"bronze:ClassDefault","floor":12},{"not_picked":["bronze:NullPointer","bronze:Shell"],"picked":"bronze:BitShift","floor":14},{"not_picked":["bronze:Shield","bronze:Overheat"],"picked":"bronze:DelayedSlice","floor":15}],"player_experience":131933,"relics_obtained":[{"floor":7,"key":"Sundial"}],"event_choices":[],"is_beta":false,"boss_relics":[],"items_purged_floors":[],"is_endless":false,"potions_floor_spawned":[10,11,12],"killed_by":"WA_ARCHETYPE_RETAIN","ascension_level":0}}