{"host":"p7cjtxxrilhp4dw7","time":1610997452,"event":{"mods":["BaseMod","Block Reminder","Colored Map","Highlight Path","Minty Spire (QoL Compilation)","Replay The Spire","StSLib","The Hierophant"],"gold_per_floor":[109,120,31,81,92,92,117,117,117,147,147,160,160,170,170,273,273,290,290,54,72,83,113,113,147,171,171,171,96,113,113,113],"floor_reached":31,"language":"ENG","playtime":2458,"items_purged":["Regret"],"score":416,"play_id":"74629fe6-d490-44bf-8d06-70ecb4889939","local_time":"20210118121732","is_ascension_mode":true,"campfire_choices":[{"data":"Bash","floor":6,"key":"SMITH"},{"floor":8,"key":"REST"},{"floor":15,"key":"REST"},{"floor":24,"key":"REST"},{"floor":28,"key":"REST"}],"circlet_count":0,"master_deck":["Strike_R","Strike_R","Strike_R","Strike_R","Defend_R","Defend_R","Defend_R","Defend_R","Bash+1","Thunderclap","ReplayTheSpireMod:Corrosion Curse","Replay:Sssssssssshield","Reckless Charge","Dropkick+1","Dropkick+1","Body Slam","Double Tap+1","Iron Wave","ReplayTheSpireMod:Corrosion Curse+1","Armaments","Clumsy","Clash+1"],"relics":["Burning Blood","NeowsBlessing","Ring of Greed","The Courier","Golden Egg","Kunai","Chameleon Ring","SacredBark","Blood Vial","Lee\u0027s Waffle","ReplayFunnel","Garlic","Whetstone"],"acts_visited":["Exordium","TheCity"],"potions_floor_usage":[7,12,16,21,23,25,25],"damage_taken":[{"damage":0,"enemies":"Cultist","floor":1,"turns":1},{"damage":0,"enemies":"Small Slimes","floor":2,"turns":1},{"damage":0,"enemies":"Jaw Worm","floor":5,"turns":1},{"damage":38,"enemies":"3 Sentries","floor":7,"turns":9},{"damage":20,"enemies":"Replay:BlueRogue","floor":10,"turns":6},{"damage":2,"enemies":"Blue Slaver","floor":12,"turns":3},{"damage":2,"enemies":"3 Louse","floor":14,"turns":4},{"damage":31,"enemies":"Slime Boss","floor":16,"turns":12},{"damage":52,"enemies":"3 Byrds","floor":18,"turns":8},{"damage":11,"enemies":"2 Thieves","floor":21,"turns":2},{"damage":23,"enemies":"Shelled Parasite and Fungi","floor":22,"turns":8},{"damage":29,"enemies":"Replay:Snechameleon","floor":23,"turns":7},{"damage":71,"enemies":"Slavers","floor":25,"turns":9},{"damage":13,"enemies":"Snecko","floor":30,"turns":5},{"damage":16,"enemies":"3 Cultists","floor":31,"turns":4}],"seed_played":"-90382866778518304","potions_obtained":[{"floor":1,"key":"Swift Potion"},{"floor":5,"key":"Swift Potion"},{"floor":11,"key":"HeartOfIron"},{"floor":11,"key":"Doom Potion"},{"floor":22,"key":"Toxic Potion"},{"floor":23,"key":"Energy Potion"},{"floor":25,"key":"Strength Potion"}],"is_trial":false,"path_per_floor":["M","M","$","?","M","R","E","R","T","E","?","M","?","M","R","B",null,"M","?","$","M","M","E","R","E","T","?","R","?","M","M"],"character_chosen":"IRONCLAD","items_purchased":["Replay:Sssssssssshield","Lee\u0027s Waffle","Toxic Potion"],"campfire_rested":4,"item_purchase_floors":[3,20,20],"current_hp_per_floor":[78,80,80,80,80,80,48,72,72,58,58,62,55,59,80,55,74,28,28,87,82,67,46,72,9,9,9,35,35,30,16,16],"gold":113,"neow_bonus":"THREE_ENEMY_KILL","is_daily":false,"chose_seed":false,"campfire_upgraded":1,"win_rate":0.0,"timestamp":1610997452,"path_taken":["M","?","$","?","M","R","E","R","T","E","?","?","?","M","R","BOSS","M","?","$","M","M","E","R","E","T","?","R","?","M","M"],"items_purchased_type":["Card","Relic","Potion"],"build_version":"2020-12-22","purchased_purges":1,"victory":false,"max_hp_per_floor":[80,80,80,80,80,80,80,80,80,80,80,80,80,80,80,80,80,80,80,87,87,87,87,87,87,87,87,87,87,87,87,87],"card_choices":[{"not_picked":["ReplayTheSpireMod:Muscle Training","Burning Pact"],"picked":"Thunderclap","floor":1},{"not_picked":["Sword Boomerang","Pommel Strike"],"picked":"ReplayTheSpireMod:Corrosion Curse","floor":2},{"not_picked":["Havoc","ReplayTheSpireMod:Strike From Hell","True Grit"],"picked":"SKIP","floor":5},{"not_picked":["Pummel","Thunderclap"],"picked":"Reckless Charge","floor":7},{"not_picked":["Rupture","Flex"],"picked":"Dropkick","floor":10},{"not_picked":["Run Through","Impervious"],"picked":"Dropkick","floor":12},{"not_picked":["Thunderclap","ReplayTheSpireMod:LeadingStrike"],"picked":"Body Slam","floor":14},{"not_picked":["Exhume","Demon Form"],"picked":"Double Tap","floor":16},{"not_picked":["Inflame","ReplayTheSpireMod:Muscle Training"],"picked":"Iron Wave","floor":18},{"not_picked":["Warcry","True Grit"],"picked":"ReplayTheSpireMod:Corrosion Curse+1","floor":21},{"not_picked":["Clash","Flex"],"picked":"Armaments","floor":22},{"not_picked":["Havoc+1","Sever Soul"],"picked":"Clash+1","floor":23},{"not_picked":["Run Through","Bludgeon","ReplayTheSpireMod:LeadingStrike+1"],"picked":"SKIP","floor":25},{"not_picked":["Run Through","Headbutt+1","Anger"],"picked":"SKIP","floor":30}],"player_experience":483081,"relics_obtained":[{"floor":4,"key":"Ring of Greed"},{"floor":4,"key":"The Courier"},{"floor":4,"key":"Golden Egg"},{"floor":7,"key":"Kunai"},{"floor":10,"key":"Chameleon Ring"},{"floor":23,"key":"ReplayFunnel"},{"floor":25,"key":"Garlic"},{"floor":26,"key":"Whetstone"}],"event_choices":[{"damage_healed":0,"gold_gain":0,"player_choice":"Got Potions","damage_taken":0,"max_hp_gain":0,"max_hp_loss":0,"event_name":"Lab","floor":11,"gold_loss":0},{"cards_removed":["Strike_R"],"damage_healed":0,"gold_gain":0,"player_choice":"Card Removal","damage_taken":7,"max_hp_gain":0,"max_hp_loss":0,"event_name":"Golden Wing","floor":13,"gold_loss":0},{"damage_healed":0,"gold_gain":0,"player_choice":"Ignored","damage_taken":0,"max_hp_gain":0,"max_hp_loss":0,"event_name":"Cursed Tome","floor":27,"gold_loss":0},{"cards_removed":["ReplayTheSpireMod:Doomed"],"damage_healed":0,"gold_gain":0,"player_choice":"Gave Gold","damage_taken":0,"max_hp_gain":0,"max_hp_loss":0,"event_name":"Beggar","floor":29,"gold_loss":75}],"is_beta":false,"boss_relics":[{"not_picked":["Ring of Chaos","Ooze Armor"],"picked":"SacredBark"}],"items_purged_floors":[20],"is_endless":false,"potions_floor_spawned":[1,5,22,23,25],"killed_by":"3 Cultists","ascension_level":7}}