{"host":"u7y9frlpoazak2mn","time":1610938717,"event":{"mods":["100% Spire Juice","2.2 Compatiblity","A Magickal Journey","Alarm Clock","Aspiration","Astrologer","Bard","BaseMod","Beaked The Cultist","Better Altar","Better Match","Better Note","Better Sensory Stone","Better Skull","Better Third Choice","Better-Laid Plans","BetterRewards","ChefMod","Chen","Colored Powertips","Conspire","Curses Come First","Dark Map","Dio Mod","Displayed Cursed Tome","Downfall","Energized Spire","Fiend Mod","Fox Events","Friendly Minions","GifTheSpireLib","Glutton Mod","Halation","Hermit","Hero for Fun","Hubris","Infinite Spire","Jedi Mod","KinomotoSakuraMod(????)","Koishi","Luminous","Mad Scientist","Mari Mod (Legacy)","Mari\u0027s V1 Patch","Marisa????????","Mimic Mod","Minty Spire (QoL Compilation)","Onozuka Komachi Mod","Prisma Mod","Random Character Button","Rare Cards Sparkle","Relic Stats","Remilia_Scarlet Moed?????·?????3.3.5","Remilia??????","Retaliation","Robot Space Explorer","Shade Mod","Somnambulant","Spikes Relics","StS++","StSLib","Stuff the Spire","Td1madao Mod","The Administrix","The Blackbeard","The Bladedancer","The Blue Laboratory","The Bug Knight","The Clintock","The Construct","The Cursed","The Disciple","The Dragon Tamer","The Druid","The Exalted","The Forsaken","The Hierophant","The Judge","The Juggle","The Marked","The Mystic","The Necromancer","The Runesmith","The Senshi","The Servant 0.9.4","The Showman","The Spell Scribe","The Trickster","The Valiant","The Wild Card","The Witch","TheFirefly","TheHero","TheSwordswoman","TheVacant","Transform Curses","Uncapped","Waifu the Spire","Wandering Minibosses","WarShipGirlsR/????R mod","Yakumo Yukari mod","Yohane!","Yuyuko","vexMod"],"gold_per_floor":[21,35,54,54,73,73,83,99,99,116,145,145,163,163,163,163,163],"floor_reached":16,"language":"ENG","playtime":236,"items_purged":[],"score":256,"play_id":"5cdbfd3e-6843-40bb-8969-98ca62084886","local_time":"20210117215837","is_ascension_mode":false,"campfire_choices":[{"data":"Wear_Disguise","floor":6,"key":"SMITH"},{"floor":15,"key":"REST"}],"circlet_count":0,"master_deck":["Strike_Y","Strike_Y","Strike_Y","Strike_Y","Strike_Y","Defend_Y","Defend_Y","Defend_Y","Defend_Y","Defend_Y","Wear_Disguise+1","Slap","Slap","Ignore"],"relics":["Cape","NeowsBlessing","vexMod:InvisibilityCloak","ShockBauble","hubris:Towel"],"acts_visited":["Exordium"],"potions_floor_usage":[],"damage_taken":[{"damage":0,"enemies":"Small Slimes","floor":1,"turns":1},{"damage":0,"enemies":"2 Louse","floor":2,"turns":1},{"damage":0,"enemies":"Cultist","floor":3,"turns":1},{"damage":0,"enemies":"Looter","floor":5,"turns":1},{"damage":0,"enemies":"2 Fungi Beasts","floor":7,"turns":1},{"damage":0,"enemies":"Large Slime","floor":8,"turns":1},{"damage":0,"enemies":"Blue Slaver","floor":10,"turns":1},{"damage":0,"enemies":"Gremlin Nob","floor":11,"turns":1},{"damage":0,"enemies":"3 Louse","floor":13,"turns":1},{"damage":0,"enemies":"Slime Boss","floor":16,"turns":1}],"seed_played":"5877736322742523647","potions_obtained":[{"floor":1,"key":"PowerPotion"},{"floor":3,"key":"Fire Potion"},{"floor":8,"key":"blueLaboratory:LouseDecoction"}],"is_trial":false,"path_per_floor":["M","M","M","$","M","R","M","M","T","M","E","?","M","$","R","B"],"character_chosen":"OPM","items_purchased":[],"campfire_rested":1,"item_purchase_floors":[],"current_hp_per_floor":[999,999,999,999,999,999,999,999,999,999,999,999,999,999,999,999,999],"gold":163,"neow_bonus":"THREE_ENEMY_KILL","is_daily":false,"chose_seed":false,"campfire_upgraded":1,"win_rate":0.0,"timestamp":1610938717,"path_taken":["M","M","M","$","M","R","M","M","T","M","E","?","M","$","R","BOSS"],"items_purchased_type":[],"build_version":"2020-12-22","purchased_purges":0,"victory":false,"max_hp_per_floor":[999,999,999,999,999,999,999,999,999,999,999,999,999,999,999,999,999],"relic_stats":{"counters":[10,10],"obtain_stats":[{"vexMod:InvisibilityCloak":9,"ShockBauble":11,"NeowsBlessing":0,"Cape":0,"hubris:Towel":12},{"vexMod:InvisibilityCloak":6,"ShockBauble":8,"NeowsBlessing":0,"Cape":0,"hubris:Towel":8},{"vexMod:InvisibilityCloak":6,"ShockBauble":8,"NeowsBlessing":0,"Cape":0,"hubris:Towel":8}]},"card_choices":[{"not_picked":["Toss_Stone","Yawn"],"picked":"Wear_Disguise","floor":1},{"not_picked":["Normal_Punch","Ignore","Do_Nothing"],"picked":"SKIP","floor":2},{"not_picked":["Ignore","Yawn"],"picked":"Slap","floor":3},{"not_picked":["Ignore","Hop"],"picked":"Slap","floor":5},{"not_picked":["Hop","Wear_Disguise","Slap"],"picked":"SKIP","floor":7},{"not_picked":["Hop","Yawn"],"picked":"Ignore","floor":8},{"not_picked":["Side_Hop","Yawn","Wear_Disguise"],"picked":"SKIP","floor":10},{"not_picked":["Hop","Side_Hop","Get_Hopes_Up"],"picked":"SKIP","floor":11},{"not_picked":["Wear_Disguise","Yawn","Do_Nothing"],"picked":"SKIP","floor":13}],"player_experience":369816,"relics_obtained":[{"floor":9,"key":"vexMod:InvisibilityCloak"},{"floor":11,"key":"ShockBauble"}],"event_choices":[],"is_beta":false,"boss_relics":[],"items_purged_floors":[],"is_endless":false,"potions_floor_spawned":[1,3,8,16],"killed_by":"Slime Boss","ascension_level":0}}