{"host":"xt797mi8yhee06c1","time":1610936919,"event":{"mods":["100% Spire Juice","BaseMod","Bestiary","Koishi","Marisa£¨Ùöéë¡¡Øª×âÞÞ£©","Minty Spire (QoL Compilation)","Poor People Problems","Prisma Mod","Relic Filter","Shop Mod","Spicy Shops","StSLib","The Marked","The Servant 0.9.4","WarShipGirlsR/??á´Ò³R mod"],"gold_per_floor":[361,361,375,375,375,404,404,415,415,449,461,473,485,21,21,122,122,140,140,179,214,214,214,214],"floor_reached":23,"language":"KOR","playtime":1078,"items_purged":[],"score":222,"play_id":"e886e09e-e00a-47f3-84b7-b06e5df0a18c","local_time":"20210118112839","is_ascension_mode":false,"campfire_choices":[{"data":"rmod:maintain","floor":7,"key":"SMITH"},{"data":"rmod:acesubmarine","floor":11,"key":"SMITH"},{"data":"Apotheosis","floor":15,"key":"SMITH"}],"circlet_count":0,"master_deck":["rmod:basicallowance+1","rmod:maingunfire","rmod:diamondstrike","rmod:chargemoney","rmod:maintain+1","rmod:diaomin","rmod:acesubmarine+1","Apotheosis+1","rmod:capitalist","rmod:seals","rmod:ring","rmod:chargemoney","rmod:supriseattacks","rmod:guardianhero","rmod:combined","rmod:spoils","rmod:aluminumsupply","rmod:sl","rmod:maintain+1","rmod:openingtorpedo","rmod:steelsupply+1"],"relics":["rmod:firstchargereward","Dream Catcher","Centennial Puzzle","Pear","MawBank","Pen Nib","StoneCalendar","Omamori","Pandora\u0027s Box"],"acts_visited":["Exordium","TheCity"],"potions_floor_usage":[20,20],"damage_taken":[{"damage":0,"enemies":"2 Louse","floor":1,"turns":2},{"damage":0,"enemies":"Small Slimes","floor":3,"turns":3},{"damage":6,"enemies":"Lagavulin","floor":6,"turns":8},{"damage":0,"enemies":"Cultist","floor":8,"turns":3},{"damage":18,"enemies":"3 Sentries","floor":10,"turns":8},{"damage":22,"enemies":"The Guardian","floor":16,"turns":7},{"damage":10,"enemies":"Chosen","floor":18,"turns":2},{"damage":20,"enemies":"2 Thieves","floor":20,"turns":5},{"damage":15,"enemies":"Snecko","floor":21,"turns":5},{"damage":27,"enemies":"Slavers","floor":23,"turns":1}],"seed_played":"8431399268329643809","potions_obtained":[{"floor":1,"key":"FearPotion"},{"floor":10,"key":"SkillPotion"},{"floor":16,"key":"SteroidPotion"},{"floor":20,"key":"Ancient Potion"}],"is_trial":false,"path_per_floor":["M","?","M","?","?","E","R","M","T","E","R","?","T","$","R","B",null,"M","?","M","M","?","E"],"character_chosen":"PRAEFECT","items_purchased":["Apotheosis","Omamori","rmod:capitalist"],"campfire_rested":0,"item_purchase_floors":[14,14,14],"current_hp_per_floor":[75,60,60,60,60,54,54,54,64,46,46,43,43,43,43,21,85,75,59,39,24,24,0,0],"gold":214,"neow_bonus":"TWO_FIFTY_GOLD","is_daily":false,"chose_seed":false,"campfire_upgraded":3,"win_rate":0.0,"timestamp":1610936919,"path_taken":["M","?","M","?","?","E","R","?","T","E","R","?","?","$","R","BOSS","M","?","M","M","?","E"],"items_purchased_type":["Card","Relic","Card"],"build_version":"2020-12-22","purchased_purges":0,"victory":false,"max_hp_per_floor":[75,75,75,75,75,75,75,75,85,85,85,85,85,85,85,85,85,85,90,90,90,90,90,90],"card_choices":[{"not_picked":["rmod:aggressivemary","rmod:firesupport"],"picked":"rmod:diamondstrike","floor":1},{"not_picked":["rmod:sl","rmod:launchingtorpedo"],"picked":"rmod:chargemoney","floor":3},{"not_picked":["rmod:diamondstrike","rmod:firesupport"],"picked":"rmod:maintain","floor":6},{"not_picked":["rmod:supportescort","rmod:circuitoustactics"],"picked":"rmod:diaomin","floor":8},{"not_picked":["rmod:tearstotiara","rmod:openingtorpedo"],"picked":"rmod:acesubmarine","floor":10},{"not_picked":["rmod:ridicule","rmod:highspeedmaneuver"],"picked":"rmod:seals","floor":16},{"not_picked":["rmod:tearstotiara","rmod:spoils+1"],"picked":"rmod:maintain+1","floor":18},{"not_picked":["rmod:tearstotiara+1","rmod:ammunitionsupply"],"picked":"rmod:openingtorpedo","floor":20},{"not_picked":["rmod:unsinkable","rmod:fletcherpendant"],"picked":"rmod:steelsupply+1","floor":21}],"player_experience":382256,"relics_obtained":[{"floor":6,"key":"Centennial Puzzle"},{"floor":9,"key":"Pear"},{"floor":10,"key":"MawBank"},{"floor":13,"key":"StoneCalendar"}],"event_choices":[{"damage_healed":0,"gold_gain":0,"player_choice":"Entered Light","damage_taken":15,"max_hp_gain":0,"max_hp_loss":0,"event_name":"Shining Light","floor":2,"gold_loss":0,"cards_upgraded":["rmod:defend","rmod:basicallowance"]},{"damage_healed":0,"gold_gain":0,"player_choice":"Box","damage_taken":0,"relics_obtained":["Dream Catcher"],"max_hp_gain":0,"max_hp_loss":0,"event_name":"Big Fish","floor":4,"gold_loss":0,"cards_obtained":["Regret"]},{"cards_removed":["Regret","Clumsy"],"damage_healed":0,"gold_gain":0,"player_choice":"Removed Curses","damage_taken":0,"max_hp_gain":0,"max_hp_loss":0,"event_name":"Fountain of Cleansing","floor":5,"gold_loss":0},{"damage_healed":0,"gold_gain":0,"player_choice":"Success","damage_taken":3,"relics_obtained":["Pen Nib"],"max_hp_gain":0,"max_hp_loss":0,"event_name":"Scrap Ooze","floor":12,"gold_loss":0},{"damage_healed":0,"gold_gain":0,"player_choice":"Shed Blood","damage_taken":21,"max_hp_gain":5,"max_hp_loss":0,"event_name":"Forgotten Altar","floor":19,"gold_loss":0},{"damage_healed":0,"gold_gain":0,"player_choice":"Ignored","damage_taken":0,"max_hp_gain":0,"max_hp_loss":0,"event_name":"Ghosts","floor":22,"gold_loss":0}],"is_beta":false,"boss_relics":[{"not_picked":["Fusion Hammer","Coffee Dripper"],"picked":"Pandora\u0027s Box"}],"items_purged_floors":[],"is_endless":false,"potions_floor_spawned":[1,10,16,20],"killed_by":"Slavers","ascension_level":0}}