{"host":"l5xpox9cbdko122s","time":1610931576,"event":{"mods":["BaseMod","Minty Spire (QoL Compilation)"],"gold_per_floor":[99,99,24,24,24,24,24,24,24,24,0,0,0,0,0,0,0,0,0,0,0,0,0],"floor_reached":22,"language":"ENG","playtime":1395,"items_purged":["Eruption"],"score":225,"play_id":"32c9dc87-c4ce-42d2-95fb-1b86e2266bd5","local_time":"20210117195936","is_ascension_mode":false,"campfire_choices":[{"floor":6,"key":"RECALL"},{"floor":15,"key":"REST"}],"circlet_count":0,"master_deck":["Strike_P","Strike_P","Strike_P","Strike_P","Defend_P","Defend_P","Defend_P","Defend_P","Vigilance","PathToVictory","PathToVictory+1","EmptyBody"],"relics":["Ectoplasm","Bronze Scales","Girya","SlaversCollar"],"acts_visited":["Exordium","TheCity"],"potions_floor_usage":[5,8,14,14,18,18,20],"damage_taken":[{"damage":0,"enemies":"2 Louse","floor":1,"turns":2},{"damage":1,"enemies":"Cultist","floor":5,"turns":3},{"damage":0,"enemies":"Jaw Worm","floor":7,"turns":4},{"damage":5,"enemies":"Lots of Slimes","floor":8,"turns":4},{"damage":0,"enemies":"2 Fungi Beasts","floor":10,"turns":4},{"damage":0,"enemies":"Looter","floor":11,"turns":3},{"damage":24,"enemies":"3 Sentries","floor":12,"turns":12},{"damage":2,"enemies":"3 Louse","floor":13,"turns":3},{"damage":0,"enemies":"Gremlin Nob","floor":14,"turns":3},{"damage":25,"enemies":"The Guardian","floor":16,"turns":8},{"damage":15,"enemies":"Spheric Guardian","floor":18,"turns":6},{"damage":0,"enemies":"3 Byrds","floor":20,"turns":3},{"damage":41,"enemies":"Cultist and Chosen","floor":21,"turns":7},{"damage":17,"enemies":"Shelled Parasite and Fungi","floor":22,"turns":2}],"seed_played":"-1104409370445935329","potions_obtained":[{"floor":1,"key":"SkillPotion"},{"floor":5,"key":"PowerPotion"},{"floor":10,"key":"Block Potion"},{"floor":12,"key":"Ancient Potion"},{"floor":13,"key":"Block Potion"},{"floor":14,"key":"BottledMiracle"},{"floor":18,"key":"PowerPotion"}],"is_trial":false,"path_per_floor":["M","?","$","?","M","R","M","M","T","M","M","E","M","E","R","B",null,"M","?","M","M","M"],"character_chosen":"WATCHER","items_purchased":[],"campfire_rested":1,"item_purchase_floors":[],"current_hp_per_floor":[72,72,72,72,71,71,71,66,66,66,66,42,40,40,61,36,72,57,57,57,16,0,0],"gold":0,"neow_bonus":"BOSS_RELIC","is_daily":false,"chose_seed":false,"campfire_upgraded":0,"win_rate":0.0,"timestamp":1610931576,"path_taken":["M","?","$","?","?","R","M","M","T","M","M","E","M","E","R","BOSS","M","?","M","M","?"],"items_purchased_type":[],"build_version":"2020-12-22","purchased_purges":1,"victory":false,"max_hp_per_floor":[72,72,72,72,72,72,72,72,72,72,72,72,72,72,72,72,72,72,72,72,72,72,72],"card_choices":[{"not_picked":["Fasting2","ThirdEye"],"picked":"PathToVictory","floor":1},{"not_picked":["TalkToTheHand","CutThroughFate"],"picked":"PathToVictory","floor":5},{"not_picked":["Crescendo","BattleHymn","SashWhip"],"picked":"SKIP","floor":7},{"not_picked":["BattleHymn","ForeignInfluence","FlyingSleeves"],"picked":"SKIP","floor":8},{"not_picked":["FlyingSleeves","SashWhip","MentalFortress"],"picked":"SKIP","floor":10},{"not_picked":["MentalFortress","Vengeance","Wireheading"],"picked":"SKIP","floor":11},{"not_picked":["ThirdEye","CrushJoints","Omniscience"],"picked":"SKIP","floor":12},{"not_picked":["ClearTheMind","Meditate","Consecrate"],"picked":"SKIP","floor":13},{"not_picked":["ThirdEye","Crescendo","Swivel"],"picked":"SKIP","floor":14},{"not_picked":["Halt+1","ClearTheMind","BowlingBash"],"picked":"SKIP","floor":18},{"not_picked":["Crescendo","BowlingBash+1","Fasting2"],"picked":"SKIP","floor":20},{"not_picked":["FlyingSleeves+1","MentalFortress+1"],"picked":"EmptyBody","floor":21}],"player_experience":110423,"relics_obtained":[{"floor":12,"key":"Bronze Scales"},{"floor":14,"key":"Girya"}],"event_choices":[{"damage_healed":0,"gold_gain":0,"player_choice":"Ignored","damage_taken":0,"max_hp_gain":0,"max_hp_loss":0,"event_name":"Shining Light","floor":2,"gold_loss":0},{"damage_healed":0,"gold_gain":100,"player_choice":"Pray","damage_taken":0,"max_hp_gain":0,"max_hp_loss":0,"event_name":"Golden Shrine","floor":4,"gold_loss":0},{"damage_healed":0,"gold_gain":0,"player_choice":"Upgraded","damage_taken":0,"max_hp_gain":0,"max_hp_loss":0,"event_name":"Upgrade Shrine","floor":19,"gold_loss":0,"cards_upgraded":["PathToVictory"]}],"is_beta":false,"boss_relics":[{"not_picked":["Velvet Choker","Coffee Dripper"],"picked":"SlaversCollar"}],"items_purged_floors":[3],"is_endless":false,"potions_floor_spawned":[1,5,10,12,13,14,18],"killed_by":"Shelled Parasite and Fungi","ascension_level":0}}