{"host":"jlz4is0nf6zo9oab","time":1610998681,"event":{"mods":["AchievementEnabler","BaseMod","Colored Map","Colored Powertips","Highlight Path","Minty Spire (QoL Compilation)","StSLib"],"gold_per_floor":[118,68,68,82,82,82,102,102,102,136,136,136,147,159,159,256,256,266,7,20,34,34,34,34],"floor_reached":23,"language":"SPA","playtime":613,"items_purged":[],"score":296,"play_id":"1de1eb2f-721c-4b99-b877-4f437209393c","local_time":"20210118203801","is_ascension_mode":true,"campfire_choices":[{"data":"Bash","floor":6,"key":"SMITH"},{"data":"Immolate","floor":12,"key":"SMITH"},{"data":"Cleave","floor":15,"key":"SMITH"}],"circlet_count":0,"master_deck":["AscendersBane","Strike_R","Strike_R","Strike_R","Strike_R","Defend_R","Defend_R","Defend_R","Defend_R","Bash+1","Cleave+1","Rampage+1","Feed","Immolate+1","Dropkick+1","Spot Weakness"],"relics":["Black Blood","Boot","Smiling Mask","Self Forming Clay","Blood Vial","Bottled Flame"],"acts_visited":["Exordium","TheCity"],"potions_floor_usage":[10,13,16,18],"damage_taken":[{"damage":14,"enemies":"Small Slimes","floor":1,"turns":4},{"damage":1,"enemies":"2 Louse","floor":4,"turns":2},{"damage":1,"enemies":"Cultist","floor":7,"turns":3},{"damage":12,"enemies":"3 Sentries","floor":10,"turns":5},{"damage":11,"enemies":"Gremlin Gang","floor":13,"turns":3},{"damage":0,"enemies":"3 Louse","floor":14,"turns":1},{"damage":68,"enemies":"Slime Boss","floor":16,"turns":10},{"damage":12,"enemies":"3 Byrds","floor":18,"turns":2},{"damage":27,"enemies":"2 Thieves","floor":20,"turns":3},{"damage":42,"enemies":"Shelled Parasite and Fungi","floor":21,"turns":6},{"damage":36,"enemies":"Book of Stabbing","floor":23,"turns":4}],"seed_played":"-3738343611277707539","potions_obtained":[{"floor":7,"key":"Explosive Potion"},{"floor":10,"key":"Block Potion"},{"floor":13,"key":"SkillPotion"},{"floor":16,"key":"LiquidBronze"},{"floor":20,"key":"Strength Potion"}],"is_trial":false,"path_per_floor":["M","?","?","M","?","R","M","?","T","E","$","R","M","M","R","B",null,"M","$","M","M","$","E"],"character_chosen":"IRONCLAD","items_purchased":["Bottled Flame"],"campfire_rested":0,"item_purchase_floors":[19],"current_hp_per_floor":[64,64,52,57,80,80,80,80,80,77,77,77,77,85,85,24,71,73,73,60,32,32,0,0],"gold":34,"neow_bonus":"RANDOM_COMMON_RELIC","is_daily":false,"chose_seed":false,"campfire_upgraded":3,"win_rate":0.0,"timestamp":1610998681,"path_taken":["M","?","?","M","?","R","M","?","T","E","$","R","M","M","R","BOSS","M","$","M","M","$","E"],"items_purchased_type":["Relic"],"build_version":"2020-12-22","purchased_purges":0,"victory":false,"max_hp_per_floor":[80,80,80,80,80,80,80,80,80,83,83,83,86,86,86,86,86,86,86,86,86,86,86,86],"card_choices":[{"not_picked":["Warcry","Armaments"],"picked":"Cleave","floor":1},{"not_picked":["Sword Boomerang","Anger"],"picked":"Rampage","floor":4},{"not_picked":["Wild Strike","Rage"],"picked":"Feed","floor":7},{"not_picked":["Heavy Blade","Cleave"],"picked":"Immolate","floor":10},{"not_picked":["Blood for Blood","Clash","Sword Boomerang"],"picked":"SKIP","floor":13},{"not_picked":["Thunderclap","Armaments","Hemokinesis"],"picked":"SKIP","floor":14},{"not_picked":["Shockwave+1","Clothesline"],"picked":"Dropkick+1","floor":18},{"not_picked":["Havoc","Shockwave"],"picked":"Spot Weakness","floor":20},{"not_picked":["Headbutt+1","Armaments","Rage"],"picked":"SKIP","floor":21}],"player_experience":946053,"relics_obtained":[{"floor":9,"key":"Self Forming Clay"},{"floor":10,"key":"Blood Vial"}],"event_choices":[{"cards_removed":["Strike_R"],"damage_healed":0,"gold_gain":0,"player_choice":"Card Removal","damage_taken":0,"max_hp_gain":0,"max_hp_loss":0,"event_name":"The Cleric","floor":2,"gold_loss":50},{"damage_healed":0,"gold_gain":0,"player_choice":"Success","damage_taken":12,"relics_obtained":["Smiling Mask"],"max_hp_gain":0,"max_hp_loss":0,"event_name":"Scrap Ooze","floor":3,"gold_loss":0},{"damage_healed":26,"gold_gain":0,"player_choice":"Banana","damage_taken":0,"max_hp_gain":0,"max_hp_loss":0,"event_name":"Big Fish","floor":5,"gold_loss":0},{"damage_healed":0,"gold_gain":0,"player_choice":"Grow","damage_taken":0,"max_hp_gain":0,"max_hp_loss":0,"event_name":"Living Wall","floor":8,"gold_loss":0,"cards_upgraded":["Rampage"]}],"is_beta":false,"boss_relics":[{"not_picked":["Runic Cube","Empty Cage"],"picked":"Black Blood"}],"items_purged_floors":[],"is_endless":false,"potions_floor_spawned":[7,10,13,16,20],"killed_by":"Book of Stabbing","ascension_level":11}}