{"host":"1c52r9kaxdyo25eq","time":1610979685,"event":{"mods":["AchievementEnabler","BaseMod","Minty Spire (QoL Compilation)","Rare Cards Sparkle","SuperFastMode","everything is the same but u backflip on backflip"],"gold_per_floor":[368,205,205,225,45,45,61,61,87,87,237,237,253,283,283,354,354,381,381,390,590,610,610,629,629,677,677,34,46,65,65,65,147,147,161,176,195,222,234,234,234],"floor_reached":40,"language":"KOR","playtime":1183,"items_purged":["Defend_G","Defend_G","Strike_G"],"score":797,"play_id":"9e870188-3594-4ae8-8437-3ac883cc630b","local_time":"20210118232125","is_ascension_mode":true,"campfire_choices":[{"data":"Acrobatics","floor":6.0,"key":"SMITH"},{"data":"Well Laid Plans","floor":8.0,"key":"SMITH"},{"data":"Neutralize","floor":10.0,"key":"SMITH"},{"floor":15.0,"key":"REST"},{"floor":23.0,"key":"REST"},{"data":"Prepared","floor":25.0,"key":"SMITH"},{"floor":32.0,"key":"REST"}],"circlet_count":0,"master_deck":["AscendersBane","Strike_G","Strike_G","Strike_G","Strike_G","Defend_G","Defend_G+1","Survivor","Neutralize+1","Predator","Well Laid Plans+1","Grand Finale+1","Acrobatics+1","Prepared+1","Die Die Die","Acrobatics","Reflex","Apotheosis","Grand Finale","Backflip"],"relics":["Ring of the Snake","Omamori","StrikeDummy","Calling Bell","CeramicFish","Shuriken","Pocketwatch","Potion Belt","Bottled Lightning","MealTicket","SlaversCollar","Happy Flower"],"acts_visited":["Exordium","TheCity","TheBeyond"],"potions_floor_usage":[],"damage_taken":[{"damage":1.0,"enemies":"Cultist","floor":1.0,"turns":4.0},{"damage":12.0,"enemies":"Jaw Worm","floor":4.0,"turns":4.0},{"damage":7.0,"enemies":"2 Louse","floor":7.0,"turns":3.0},{"damage":6.0,"enemies":"2 Fungi Beasts","floor":13.0,"turns":4.0},{"damage":14.0,"enemies":"3 Sentries","floor":14.0,"turns":5.0},{"damage":28.0,"enemies":"Slime Boss","floor":16.0,"turns":5.0},{"damage":17.0,"enemies":"Shell Parasite","floor":18.0,"turns":3.0},{"damage":0.0,"enemies":"Chosen","floor":22.0,"turns":2.0},{"damage":10.0,"enemies":"Snake Plant","floor":24.0,"turns":2.0},{"damage":0.0,"enemies":"3 Cultists","floor":29.0,"turns":2.0},{"damage":15.0,"enemies":"Centurion and Healer","floor":30.0,"turns":2.0},{"damage":21.0,"enemies":"Champ","floor":33.0,"turns":5.0},{"damage":0.0,"enemies":"3 Darklings","floor":35.0,"turns":2.0},{"damage":3.0,"enemies":"Orb Walker","floor":36.0,"turns":2.0},{"damage":15.0,"enemies":"Sphere and 2 Shapes","floor":37.0,"turns":2.0},{"damage":28,"enemies":"Maw","floor":39,"turns":6},{"damage":0,"enemies":"Reptomancer","floor":40,"turns":2}],"seed_played":"9064474491598958670","potions_obtained":[{"floor":1.0,"key":"Regen Potion"},{"floor":18.0,"key":"FearPotion"},{"floor":22.0,"key":"EssenceOfSteel"},{"floor":30.0,"key":"Explosive Potion"},{"floor":36.0,"key":"GamblersBrew"}],"is_trial":false,"path_per_floor":["M","$","?","M","$","R","M","R","T","R","?","?","M","E","R","B",null,"M","?","?","?","M","R","M","R","T","?","$","M","M","T","R","B",null,"M","M","M","T","M","E"],"character_chosen":"THE_SILENT","items_purchased":["Well Laid Plans","DuplicationPotion","Apotheosis","Bottled Lightning","Strength Potion"],"campfire_rested":3,"item_purchase_floors":[2,5,28,28,28],"current_hp_per_floor":[58,58,58,46,46,46,39,39,39,39,39,21,15,15,33,5,46,29,29,29,29,29,47,37,37,37,37,37,37,22,22,40,19,50,50,47,32,32,4,4,4],"gold":234,"neow_bonus":"TWO_FIFTY_GOLD","is_daily":false,"chose_seed":false,"campfire_upgraded":4,"win_rate":0.0,"timestamp":1610979685,"path_taken":["M","$","?","M","?","R","?","R","T","R","?","?","M","E","R","BOSS","M","?","?","?","M","R","?","R","T","?","$","M","M","?","R","BOSS","M","M","M","?","M","E"],"items_purchased_type":["Card","Potion","Card","Relic","Potion"],"build_version":"2020-12-22","purchased_purges":3,"victory":false,"max_hp_per_floor":[60,60,60,60,60,60,60,60,60,60,60,60,60,60,60,60,60,60,60,60,60,60,60,60,60,60,60,60,60,60,60,60,60,60,60,60,60,60,60,60,60],"card_choices":[{"not_picked":["Outmaneuver","Dagger Throw"],"picked":"Predator","floor":1.0},{"not_picked":["Heel Hook","PiercingWail"],"picked":"Acrobatics","floor":4.0},{"not_picked":["Leg Sweep","Deflect","Poisoned Stab"],"picked":"SKIP","floor":7.0},{"not_picked":["Slice","Bane","Infinite Blades"],"picked":"SKIP","floor":13.0},{"not_picked":["Slice","Escape Plan"],"picked":"Prepared","floor":14.0},{"not_picked":["Storm of Steel","Glass Knife"],"picked":"Die Die Die","floor":16.0},{"not_picked":["Dodge and Roll+1","PiercingWail"],"picked":"Acrobatics","floor":18.0},{"not_picked":["Choke","Well Laid Plans","Endless Agony"],"picked":"SKIP","floor":22.0},{"not_picked":["Dagger Spray","PiercingWail","Deadly Poison"],"picked":"SKIP","floor":24.0},{"not_picked":["Dodge and Roll","Dagger Throw","Bane"],"picked":"SKIP","floor":29.0},{"not_picked":["Dodge and Roll","Cloak And Dagger","Prepared"],"picked":"SKIP","floor":30.0},{"not_picked":["Unload","Doppelganger"],"picked":"Grand Finale","floor":33.0},{"not_picked":["Underhanded Strike+1","Deadly Poison","Masterful Stab+1"],"picked":"SKIP","floor":35.0},{"not_picked":["Finisher","Flying Knee","Underhanded Strike"],"picked":"SKIP","floor":36.0},{"not_picked":["Dagger Spray","Terror"],"picked":"Backflip","floor":37.0},{"not_picked":["Blade Dance+1","Quick Slash+1","Endless Agony"],"picked":"SKIP","floor":39}],"player_experience":592284,"relics_obtained":[{"floor":9.0,"key":"Omamori"},{"floor":14.0,"key":"StrikeDummy"},{"floor":17.0,"key":"CeramicFish"},{"floor":17.0,"key":"Shuriken"},{"floor":17.0,"key":"Pocketwatch"},{"floor":26.0,"key":"Potion Belt"},{"floor":31.0,"key":"MealTicket"},{"floor":38.0,"key":"Happy Flower"}],"event_choices":[{"damage_healed":0.0,"max_hp_gain":0.0,"max_hp_loss":0.0,"gold_gain":0.0,"event_name":"Match and Keep!","player_choice":"1 cards matched","floor":3.0,"gold_loss":0.0,"damage_taken":0.0,"cards_obtained":["Grand Finale"]},{"damage_healed":0.0,"max_hp_gain":0.0,"max_hp_loss":0.0,"gold_gain":150.0,"event_name":"Liars Game","player_choice":"AGREE","floor":11.0,"gold_loss":0.0,"damage_taken":0.0,"cards_obtained":["Doubt"]},{"damage_healed":0.0,"max_hp_gain":0.0,"max_hp_loss":0.0,"gold_gain":0.0,"event_name":"Shining Light","player_choice":"Entered Light","floor":12.0,"gold_loss":0.0,"damage_taken":18.0,"cards_upgraded":["Defend_G","Grand Finale"]},{"cards_removed":["Defend_G"],"damage_healed":0.0,"max_hp_gain":0.0,"max_hp_loss":0.0,"gold_gain":0.0,"event_name":"Back to Basics","player_choice":"Elegance","floor":19.0,"gold_loss":0.0,"damage_taken":0.0},{"damage_healed":0.0,"max_hp_gain":0.0,"max_hp_loss":0.0,"gold_gain":0.0,"event_name":"The Library","player_choice":"Read","floor":20.0,"gold_loss":0.0,"damage_taken":0.0,"cards_obtained":["Reflex"]},{"damage_healed":0.0,"max_hp_gain":0.0,"max_hp_loss":0.0,"gold_gain":200.0,"event_name":"Wheel of Change","player_choice":"Gold","floor":21.0,"gold_loss":0.0,"damage_taken":0.0},{"damage_healed":0.0,"max_hp_gain":0.0,"max_hp_loss":0.0,"gold_gain":0.0,"event_name":"Cursed Tome","player_choice":"Ignored","floor":27.0,"gold_loss":0.0,"damage_taken":0.0}],"is_beta":false,"boss_relics":[{"not_picked":["Coffee Dripper","Empty Cage"],"picked":"Calling Bell"},{"not_picked":["Runic Dome","Black Star"],"picked":"SlaversCollar"}],"items_purged_floors":[2,5,28],"is_endless":false,"potions_floor_spawned":[1,7,13,18,22,30,36],"killed_by":"Reptomancer","ascension_level":20}}