{"host":"ilrepnd391jk07a9","time":1610954648,"event":{"mods":["Aspiration","BaseMod","Better Altar","Better Note","Better Skull","Better Third Choice","BetterRewards","Colored Powertips","Defuse TimeMaze Blight","GifTheSpireLib","Gremlin Skip","Halation","Highlight Path","Hubris","Infinite Spire","Minty Spire (QoL Compilation)","Quick Restart","Relic Stats","Replay The Spire","StSLib","Stuff the Spire","everything is the same but u backflip on backflip","vexMod"],"gold_per_floor":[116,133,133,133,146,146,178,197,221,221,221,232,251,261,261,335,335,351,351,351,368,386,420,420,451,451,36,64,79,106,129,141,228,240,267,302,337,349,361,406,418,469,507,519,831,843,895,29,29,29,29],"floor_reached":52,"language":"ENG","playtime":3547,"items_purged":["CommonCold"],"score":3411,"play_id":"62310dc7-c998-4138-a909-9dc64a004655","local_time":"20210118202408","is_ascension_mode":true,"campfire_choices":[{"data":"Combust","floor":6,"key":"SMITH"},{"data":"Blood for Blood","floor":6,"key":"SMITH"},{"data":"Sword Boomerang","floor":10,"key":"SMITH"},{"data":"Bloodletting","floor":10,"key":"SMITH"},{"data":"StuffTheSpire:Innocence","floor":15,"key":"SMITH"},{"data":"Bash","floor":15,"key":"SMITH"},{"data":"Immolate","floor":24,"key":"SMITH"},{"data":"Cleave","floor":24,"key":"SMITH"},{"data":"ReplayTheSpireMod:Limb From Limb","floor":32,"key":"SMITH"},{"data":"Combust","floor":32,"key":"SMITH"},{"data":"Rupture","floor":41,"key":"SMITH"},{"data":"Massacre","floor":41,"key":"SMITH"},{"data":"hubris:CleavingFinish","floor":46,"key":"SMITH"},{"data":"Thunderclap","floor":46,"key":"SMITH"},{"data":"Hemokinesis","floor":49,"key":"SMITH"},{"data":"StuffTheSpire:PlasmaPunch","floor":49,"key":"SMITH"}],"circlet_count":0,"master_deck":["AscendersBane","Bloodletting+1","Shrug It Off+1","Battle Trance+1","Rupture+1","Thunderclap+1","Combust+1","Apotheosis+1","Combust+1","Offering+1","Blood for Blood+1","Demonic Infusion+1","Sword Boomerang+1","StuffTheSpire:Innocence+1","Flame Barrier+1","Double Tap+1","hubris:SharpeningStone+1","Cleave+1","Immolate+1","Perfected Strike","Headbutt","hubris:CleavingFinish+1","Abandon+1","Offering+1","Disarm+1","ReplayTheSpireMod:Muscle Training+1","ReplayTheSpireMod:Muscle Training+1","Combust+1","ReplayTheSpireMod:Limb From Limb+1","hubris:Despair","hubris:Greed","Massacre+1","Rupture+1","Rage+1","Hemokinesis+1","Rupture+1","Bloodletting+1","Shockwave+1","StuffTheSpire:PlasmaPunch+1"],"relics":["Burning Blood","Torii","Toxic Egg 2","Pondfish Scales","hubris:GlazedTorus","Replay:Arrowhead","Quantum Egg","halation:Sosunser","Incense Burner","Dead Branch","hubris:Metronome","ClockworkSouvenir","infinitespire:EmpoweringShard","Gambling Chip","PreservedInsect","halation:VictoryRuler","OrangePellets","Turnip","Anchor","Oddly Smooth Stone","Replay:Baseball","vexMod:PaidLearning","Replay:Towering Pillar of Hats","Bag of Marbles","hubris:BundleOfHerbs","halation:PinkSoulGem","Centennial Puzzle","WingedGreaves","Ancient Tea Set","Pandora\u0027s Box","halation:PromiseList","ReplayFunnel","Snack Pack","infinitespire:CheckeredPen","halation:Trompette","MawBank","Replay:Ancient Bell","ReplayTheSpireMod:TigerMarble","Self Forming Clay","infinitespire:Golems Mask","Kunai","Magic Flower","TungstenRod","aspiration:TomeofQuesting","infinitespire:BottledMercury","StuffTheSpire:Tea","DollysMirror"],"acts_visited":["Exordium","TheCity","TheBeyond"],"potions_floor_usage":[],"damage_taken":[{"damage":6,"enemies":"2 Louse","floor":1,"turns":1},{"damage":0,"enemies":"infinitespire:Voidling","floor":2,"turns":1},{"damage":1,"enemies":"Jaw Worm","floor":5,"turns":3},{"damage":0,"enemies":"3 Sentries","floor":7,"turns":4},{"damage":0,"enemies":"Large Slime","floor":12,"turns":1},{"damage":5,"enemies":"Exordium Wildlife","floor":13,"turns":1},{"damage":2,"enemies":"Lots of Slimes","floor":14,"turns":2},{"damage":26,"enemies":"Fading Forest","floor":16,"turns":10},{"damage":4,"enemies":"3 Byrds","floor":18,"turns":3},{"damage":6,"enemies":"2 Thieves","floor":21,"turns":1},{"damage":3,"enemies":"Chosen and Byrds","floor":22,"turns":3},{"damage":1,"enemies":"Gremlin Leader","floor":23,"turns":2},{"damage":0,"enemies":"Slavers","floor":25,"turns":1},{"damage":8,"enemies":"Book of Stabbing","floor":28,"turns":1},{"damage":0,"enemies":"Snecko","floor":29,"turns":2},{"damage":0,"enemies":"Slavers","floor":30,"turns":1},{"damage":1,"enemies":"Shelled Parasite and Fungi","floor":31,"turns":2},{"damage":21,"enemies":"hubris:MusketHawk","floor":33,"turns":4},{"damage":4,"enemies":"Orb Walker","floor":35,"turns":1},{"damage":12,"enemies":"3 Shapes","floor":36,"turns":1},{"damage":4,"enemies":"Sphere and 2 Shapes","floor":37,"turns":2},{"damage":3,"enemies":"Giant Head","floor":40,"turns":1},{"damage":7,"enemies":"R_Hoarder","floor":42,"turns":2},{"damage":0,"enemies":"Giant Head","floor":47,"turns":1},{"damage":13,"enemies":"Awakened One","floor":50,"turns":5},{"damage":10,"enemies":"Donu and Deca","floor":51,"turns":2}],"seed_played":"-4905837129546289433","potions_obtained":[{"floor":2,"key":"LiquidBronze"},{"floor":4,"key":"Flashbang"},{"floor":21,"key":"Block Potion"}],"is_trial":false,"path_per_floor":["M","M","?","?","M","R","E","?","T","R","?","M","M","M","R","B",null,"M","?","?","M","M","E","R","E","T","$","E","M","E","M","R","B",null,"M","M","M","?","T","E","R","E","T","R","?","R","E","$","R","B","B",null],"character_chosen":"IRONCLAD","items_purchased":["Bloodletting","Toxic Egg 2","Shrug It Off+1","Quantum Egg","halation:Sosunser","Battle Trance+1","Rupture","hubris:Metronome","ClockworkSouvenir","infinitespire:EmpoweringShard","PreservedInsect","Thunderclap","Combust","OrangePellets","Anchor","Apotheosis+1","Combust","Oddly Smooth Stone","Replay:Baseball","vexMod:PaidLearning","Bag of Marbles","Offering+1","Blood for Blood","Demonic Infusion+1","ReplayTheSpireMod:Muscle Training+1","Combust","infinitespire:CheckeredPen","Hemokinesis","StuffTheSpire:Tea","DollysMirror","Bloodletting+1","Shockwave+1","StuffTheSpire:PlasmaPunch"],"campfire_rested":0,"item_purchase_floors":[0,0,0,0,0,0,0,0,0,0,0,0,0,0,0,0,0,0,0,0,0,0,0,0,27,27,27,48,48,48,48,48,48],"current_hp_per_floor":[21,27,27,27,32,32,38,38,38,38,28,34,35,39,39,48,68,70,70,85,85,85,85,85,85,85,85,85,85,85,85,85,76,83,85,79,83,83,83,85,85,85,85,85,85,85,85,85,85,85,85],"gold":29,"neow_bonus":"","is_daily":false,"chose_seed":false,"campfire_upgraded":16,"win_rate":0.0,"timestamp":1610954648,"path_taken":["M","M","?","?","?","R","E","?","T","R","?","?","?","M","R","BOSS","M","?","?","M","M","E","R","E","T","$","E","?","E","M","R","BOSS","M","M","M","?","?","E","R","E","T","R","?","R","E","$","R","BOSS","BOSS"],"items_purchased_type":["Card","Relic","Card","Relic","Relic","Card","Card","Relic","Relic","Relic","Relic","Card","Card","Relic","Relic","Card","Card","Relic","Relic","Relic","Relic","Card","Card","Card","Card","Card","Relic","Card","Relic","Relic","Card","Card","Card"],"build_version":"2020-12-22","purchased_purges":1,"victory":true,"max_hp_per_floor":[75,75,75,75,75,75,75,75,75,75,75,75,75,75,75,75,75,75,75,85,85,85,85,85,85,85,85,85,85,85,85,85,85,85,85,85,85,85,85,85,85,85,85,85,85,85,85,85,85,85,85],"relic_stats":{"Torii":11,"counters":[187,671],"Self Forming Clay":[21],"Dead Branch":[112],"Magic Flower":[5],"PreservedInsect":557,"MawBank":216,"Burning Blood":852,"OrangePellets":[36],"Centennial Puzzle":[51],"Gambling Chip":[233],"Pandora\u0027s Box":["Metallicize","Headbutt","Feed","ReplayTheSpireMod:Stacked","hubris:SharpeningStone","Cleave","Immolate","Perfected Strike","Headbutt","Berserk","hubris:CleavingFinish","Abandon","Offering"],"Turnip":[32],"Kunai":[8],"obtain_stats":[{"Replay:Accelerometer":9,"StuffTheSpire:BottledEssence":0,"Blood Vial":97,"StuffTheSpire:SapphireSignet":0,"vexMod:InvisibilityCloak":107,"infinitespire:ShieldingShard":107,"hubris:AstralHammer":89,"Fusion Hammer":137,"halation:PromiseList":42,"aspiration:DSix":0,"Replay:Bottled Steam":9,"Runic Cube":123,"hubris:MobiusCoin":39,"Blue Candle":2,"Pen Nib":61,"infinitespire:Magic Flask":0,"StuffTheSpire:MayFlowers":31,"infinitespire:Broken Mirror":48,"infinitespire:Lychee Nut":116,"Snecko Eye":170,"StuffTheSpire:DullRazor":0,"vexMod:ImprovementManual":121,"hubris:Reverence":83,"Regal Pillow":176,"Torii":148,"Singing Bowl":95,"King of Hearts":26,"StuffTheSpire:GrapeVine":59,"hubris:EmptyBottle":100,"Smiling Mask":93,"Ancient Tea Set":118,"Burning Blood":0,"Pet Ghost":103,"StuffTheSpire:Gunfinga":151,"infinitespire:Bottled Soul":43,"aspiration:AnachronicSnailShell":0,"Chemical X":74,"Replay:Bottled Eggs":11,"aspiration:FutureDiary":85,"InkBottle":114,"aspiration:ChemicalBlood":10,"Ring of the Snake":72,"Potion Belt":143,"NeowsBlessing":0,"hubris:64BitClover":0,"halation:BottledLove":7,"vexMod:BerryBomb":144,"PreservedInsect":0,"infinitespire:Lucky Rock":61,"Replay:Arrowhead":63,"StuffTheSpire:Mouthbags":127,"betterThird:SlimedRelic":108,"Art of War":167,"Durian":0,"halation:PinkSoulGem":3,"halation:Trompette":28,"hubris:BottledRain":113,"infinitespire:Midas Blood":117,"Ice Cream":37,"Calipers":36,"Gremlin Horn":50,"Centennial Puzzle":7,"halation:PrussianBluePaint":125,"Philosopher\u0027s Stone":17,"Prayer Wheel":0,"halation:KoshaPiece":152,"Girya":17,"hubris:Teleporter":126,"Replay:Grab Bag":17,"StuffTheSpire:ForceGauntlet":77,"hubris:HollowSoul":5,"Charon\u0027s Ashes":117,"vexMod:PaidLearning":55,"Du-Vu Doll":40,"hubris:Zylophone":0,"OrangePellets":0,"Onion Ring":122,"StuffTheSpire:PointBlank":48,"infinitespire:EmpoweringShard":0,"StuffTheSpire:OldFever":162,"Pocketwatch":8,"Black Blood":34,"aspiration:TomeofQuesting":59,"halation:WeightlessCrab":24,"Juzu Bracelet":87,"Empty Cage":34,"PrismaticShard":0,"hubris:Icosahedron":90,"Chameleon Ring":146,"StuffTheSpire:Nightcore":165,"Runic Pyramid":156,"Guide Book":0,"halation:IllGainedPizza":75,"hubris:MedicalManual":42,"Replay:WaspNest":111,"Odd Mushroom":106,"Calling Bell":17,"Pondfish Scales":0,"infinitespire:Satchel":97,"StuffTheSpire:CocoNut":177,"hubris:BundleOfHerbs":0,"infinitespire:Burning Sword":69,"Bag of Marbles":0,"Membership Card":159,"hubris:OldNail":0,"Golden Egg":18,"infinitespire:BottledMercury":47,"vexMod:MemoryStick":40,"StuffTheSpire:Barrel":97,"vexMod:TanglingVine":174,"halation:HeavySnake":178,"vexMod:CardConverter":0,"vexMod:EndlessSickness":86,"hubris:DeckOfHolding":57,"MealTicket":133,"infinitespire:Golems Mask":0,"vexMod:DeviousBotling":34,"Kunai":36,"Replay:Wax Seal":125,"Electric Blood":121,"hubris:TinFlute":18,"StuffTheSpire:NeowsTribute":98,"Pear":111,"halation:QuantumPhysicsTextbook":70,"hubris:SphereOfDissonance":13,"Replay:Ancient Bell":34,"SlaversCollar":1,"Runic Dome":7,"Ooze Armor":17,"halation:Jellyphish":36,"halation:PenCase":82,"Pandora\u0027s Box":34,"hubris:TenFootPole":63,"Kintsugi":69,"infinitespire:PuzzleCube":43,"Abe\u0027s Treasure":134,"infinitespire:Cupcake":138,"vexMod:BigBerry":17,"Lantern":62,"aspiration:Lifesprig":73,"hubris:Metronome":0,"halation:Sosunser":0,"Magic Flower":26,"StoneCalendar":6,"Painkiller Herb":169,"Blue Doll":56,"Replay:Multitool":27,"Bag of Preparation":45,"Cursed Key":17,"Replay:Rubber Ducky":130,"StuffTheSpire:RunicConfusion":102,"Shovel":0,"halation:Toothbrush":35,"hubris:FunFungus":96,"WingedGreaves":8,"halation:PinkAlligatorPlush":52,"hubris:ChampionShield":14,"StuffTheSpire:RedRose":5,"hubris:GlazedTorus":0,"Self Forming Clay":34,"StuffTheSpire:Expresso":0,"Thread and Needle":0,"infinitespire:Joker Card":42,"Omamori":0,"infinitespire:CheckeredPen":27,"halation:SelfBoilingWater":17,"MawBank":30,"Turnip":42,"Bottled Lightning":109,"halation:AfternoonTea":78,"Toy Ornithopter":125,"Vajra":172,"halation:Prosthetics":40,"Lizard Tail":62,"DollysMirror":39,"Strawberry":100,"halation:VictoryRuler":0,"Toxic Egg 2":0,"Replay:Blank Codex":71,"Happy Flower":66,"vexMod:ScavengeHelm":71,"aspiration:Nostalgia":72,"Dead Branch":27,"Astrolabe":52,"Oddly Smooth Stone":139,"vexMod:TimeEaterHat":0,"infinitespire:Beetle Shell":95,"Letter Opener":13,"aspiration:SeaSaltIceCream":0,"Replay:Kaleidoscope":0,"War Paint":113,"Question Card":38,"Replay:Baseball":0,"Shuriken":40,"Simple Rune":50,"StuffTheSpire:DarkSteelAnvil":120,"Molten Egg 2":128,"hubris:ToyBattleship":24,"ReplayTheSpireMod:TigerMarble":9,"Grinning Jar":79,"Meat on the Bone":29,"ReplayFunnel":50,"Replay:PocketPolymizer":41,"Snecko Heart":155,"Mango":0,"Incense Burner":0,"ClockworkSouvenir":0,"StuffTheSpire:Experiment12":125,"Frozen Eye":44,"Pantograph":54,"Gambling Chip":93,"Tiny Chest":27,"Red Skull":17,"StuffTheSpire:Tea":147,"hubris:DisguiseKit":68,"ReplayTheSpireMod:Ninjato":28,"Replay:Towering Pillar of Hats":0,"infinitespire:CursedDice":31,"Quantum Egg":154,"aspiration:HummingbirdHeart":0,"aspiration:SecretTechniqueScroll":38,"Peace Pipe":0,"CaptainsWheel":64,"Anchor":78,"ChewingGum":16,"Another Sword":51,"StuffTheSpire:Kangaroo":2,"Snack Pack":105,"Coffee Dripper":151,"TungstenRod":83},{"Replay:Accelerometer":31,"StuffTheSpire:BottledEssence":105,"Blood Vial":66,"StuffTheSpire:SapphireSignet":105,"vexMod:InvisibilityCloak":70,"infinitespire:ShieldingShard":154,"hubris:AstralHammer":63,"Fusion Hammer":83,"halation:PromiseList":24,"aspiration:DSix":105,"Replay:Bottled Steam":3,"Runic Cube":78,"hubris:MobiusCoin":20,"Blue Candle":106,"Pen Nib":134,"infinitespire:Magic Flask":27,"StuffTheSpire:MayFlowers":39,"infinitespire:Broken Mirror":46,"infinitespire:Lychee Nut":74,"Snecko Eye":100,"StuffTheSpire:DullRazor":105,"vexMod:ImprovementManual":161,"hubris:Reverence":59,"Regal Pillow":103,"Torii":89,"Singing Bowl":148,"King of Hearts":36,"StuffTheSpire:GrapeVine":133,"hubris:EmptyBottle":150,"Smiling Mask":64,"Ancient Tea Set":76,"Burning Blood":0,"Pet Ghost":68,"StuffTheSpire:Gunfinga":91,"infinitespire:Bottled Soul":124,"aspiration:AnachronicSnailShell":105,"Chemical X":139,"Replay:Bottled Eggs":32,"aspiration:FutureDiary":60,"InkBottle":73,"aspiration:ChemicalBlood":31,"Ring of the Snake":139,"Potion Belt":86,"NeowsBlessing":0,"hubris:64BitClover":27,"halation:BottledLove":31,"vexMod:BerryBomb":88,"PreservedInsect":161,"infinitespire:Lucky Rock":52,"Replay:Arrowhead":53,"StuffTheSpire:Mouthbags":80,"betterThird:SlimedRelic":154,"Art of War":98,"Durian":105,"halation:PinkSoulGem":163,"halation:Trompette":175,"hubris:BottledRain":156,"infinitespire:Midas Blood":159,"Ice Cream":18,"Calipers":43,"Gremlin Horn":25,"Centennial Puzzle":165,"halation:PrussianBluePaint":78,"Philosopher\u0027s Stone":8,"Prayer Wheel":105,"halation:KoshaPiece":91,"Girya":8,"hubris:Teleporter":78,"Replay:Grab Bag":8,"StuffTheSpire:ForceGauntlet":57,"hubris:HollowSoul":29,"Charon\u0027s Ashes":75,"vexMod:PaidLearning":50,"Du-Vu Doll":22,"hubris:Zylophone":105,"OrangePellets":105,"Onion Ring":77,"StuffTheSpire:PointBlank":24,"infinitespire:EmpoweringShard":161,"StuffTheSpire:OldFever":97,"Pocketwatch":3,"Black Blood":17,"aspiration:TomeofQuesting":51,"halation:WeightlessCrab":11,"Juzu Bracelet":61,"Empty Cage":41,"PrismaticShard":105,"hubris:Icosahedron":63,"Chameleon Ring":88,"StuffTheSpire:Nightcore":98,"Runic Pyramid":94,"Guide Book":105,"halation:IllGainedPizza":140,"hubris:MedicalManual":46,"Replay:WaspNest":73,"Odd Mushroom":154,"Calling Bell":8,"Pondfish Scales":161,"infinitespire:Satchel":149,"StuffTheSpire:CocoNut":103,"hubris:BundleOfHerbs":161,"infinitespire:Burning Sword":55,"Bag of Marbles":161,"Membership Card":95,"hubris:OldNail":105,"Golden Egg":35,"infinitespire:BottledMercury":185,"vexMod:MemoryStick":21,"StuffTheSpire:Barrel":65,"vexMod:TanglingVine":102,"halation:HeavySnake":103,"vexMod:CardConverter":105,"vexMod:EndlessSickness":61,"hubris:DeckOfHolding":50,"MealTicket":80,"infinitespire:Golems Mask":105,"vexMod:DeviousBotling":41,"Kunai":42,"Replay:Wax Seal":78,"Electric Blood":77,"hubris:TinFlute":34,"StuffTheSpire:NeowsTribute":66,"Pear":72,"halation:QuantumPhysicsTextbook":56,"hubris:SphereOfDissonance":32,"Replay:Ancient Bell":179,"SlaversCollar":27,"Runic Dome":30,"Ooze Armor":34,"halation:Jellyphish":18,"halation:PenCase":59,"Pandora\u0027s Box":120,"hubris:TenFootPole":53,"Kintsugi":138,"infinitespire:PuzzleCube":46,"Abe\u0027s Treasure":81,"infinitespire:Cupcake":84,"vexMod:BigBerry":111,"Lantern":52,"aspiration:Lifesprig":56,"hubris:Metronome":161,"halation:Sosunser":161,"Magic Flower":12,"StoneCalendar":2,"Painkiller Herb":99,"Blue Doll":131,"Replay:Multitool":13,"Bag of Preparation":46,"Cursed Key":8,"Replay:Rubber Ducky":80,"StuffTheSpire:RunicConfusion":67,"Shovel":105,"halation:Toothbrush":41,"hubris:FunFungus":64,"WingedGreaves":165,"halation:PinkAlligatorPlush":129,"hubris:ChampionShield":33,"StuffTheSpire:RedRose":107,"hubris:GlazedTorus":105,"Self Forming Clay":179,"StuffTheSpire:Expresso":105,"Thread and Needle":105,"infinitespire:Joker Card":45,"Omamori":105,"infinitespire:CheckeredPen":174,"halation:SelfBoilingWater":8,"MawBank":177,"Turnip":23,"Bottled Lightning":72,"halation:AfternoonTea":141,"Toy Ornithopter":78,"Vajra":101,"halation:Prosthetics":44,"Lizard Tail":135,"DollysMirror":44,"Strawberry":67,"halation:VictoryRuler":161,"Toxic Egg 2":161,"Replay:Blank Codex":139,"Happy Flower":54,"vexMod:ScavengeHelm":56,"aspiration:Nostalgia":139,"Dead Branch":36,"Astrolabe":48,"Oddly Smooth Stone":84,"vexMod:TimeEaterHat":105,"infinitespire:Beetle Shell":64,"Letter Opener":6,"aspiration:SeaSaltIceCream":105,"Replay:Kaleidoscope":105,"War Paint":73,"Question Card":43,"Replay:Baseball":105,"Shuriken":45,"Simple Rune":47,"StuffTheSpire:DarkSteelAnvil":76,"Molten Egg 2":80,"hubris:ToyBattleship":36,"ReplayTheSpireMod:TigerMarble":108,"Grinning Jar":59,"Meat on the Bone":38,"ReplayFunnel":46,"Replay:PocketPolymizer":22,"Snecko Heart":93,"Mango":105,"Incense Burner":161,"ClockworkSouvenir":161,"StuffTheSpire:Experiment12":78,"Frozen Eye":124,"Pantograph":49,"Gambling Chip":63,"Tiny Chest":37,"Red Skull":8,"StuffTheSpire:Tea":89,"hubris:DisguiseKit":54,"ReplayTheSpireMod:Ninjato":37,"Replay:Towering Pillar of Hats":161,"infinitespire:CursedDice":16,"Quantum Egg":92,"aspiration:HummingbirdHeart":105,"aspiration:SecretTechniqueScroll":19,"Peace Pipe":105,"CaptainsWheel":53,"Anchor":58,"ChewingGum":33,"Another Sword":26,"StuffTheSpire:Kangaroo":28,"Snack Pack":69,"Coffee Dripper":90,"TungstenRod":60},{"Replay:Accelerometer":134,"StuffTheSpire:BottledEssence":389,"Blood Vial":293,"StuffTheSpire:SapphireSignet":389,"vexMod:InvisibilityCloak":313,"infinitespire:ShieldingShard":590,"hubris:AstralHammer":284,"Fusion Hammer":343,"halation:PromiseList":97,"aspiration:DSix":389,"Replay:Bottled Steam":3,"Runic Cube":333,"hubris:MobiusCoin":73,"Blue Candle":391,"Pen Nib":508,"infinitespire:Magic Flask":112,"StuffTheSpire:MayFlowers":174,"infinitespire:Broken Mirror":212,"infinitespire:Lychee Nut":322,"Snecko Eye":382,"StuffTheSpire:DullRazor":389,"vexMod:ImprovementManual":613,"hubris:Reverence":270,"Regal Pillow":387,"Torii":359,"Singing Bowl":562,"King of Hearts":162,"StuffTheSpire:GrapeVine":504,"hubris:EmptyBottle":575,"Smiling Mask":287,"Ancient Tea Set":326,"Burning Blood":0,"Pet Ghost":303,"StuffTheSpire:Gunfinga":366,"infinitespire:Bottled Soul":471,"aspiration:AnachronicSnailShell":389,"Chemical X":527,"Replay:Bottled Eggs":139,"aspiration:FutureDiary":274,"InkBottle":320,"aspiration:ChemicalBlood":134,"Ring of the Snake":527,"Potion Belt":351,"NeowsBlessing":0,"hubris:64BitClover":112,"halation:BottledLove":134,"vexMod:BerryBomb":356,"PreservedInsect":613,"infinitespire:Lucky Rock":241,"Replay:Arrowhead":242,"StuffTheSpire:Mouthbags":336,"betterThird:SlimedRelic":590,"Art of War":377,"Durian":389,"halation:PinkSoulGem":615,"halation:Trompette":647,"hubris:BottledRain":596,"infinitespire:Midas Blood":605,"Ice Cream":63,"Calipers":195,"Gremlin Horn":99,"Centennial Puzzle":622,"halation:PrussianBluePaint":333,"Philosopher\u0027s Stone":23,"Prayer Wheel":389,"halation:KoshaPiece":366,"Girya":23,"hubris:Teleporter":333,"Replay:Grab Bag":23,"StuffTheSpire:ForceGauntlet":260,"hubris:HollowSoul":120,"Charon\u0027s Ashes":324,"vexMod:PaidLearning":236,"Du-Vu Doll":86,"hubris:Zylophone":389,"OrangePellets":389,"Onion Ring":329,"StuffTheSpire:PointBlank":97,"infinitespire:EmpoweringShard":613,"StuffTheSpire:OldFever":376,"Pocketwatch":3,"Black Blood":59,"aspiration:TomeofQuesting":238,"halation:WeightlessCrab":35,"Juzu Bracelet":279,"Empty Cage":188,"PrismaticShard":389,"hubris:Icosahedron":284,"Chameleon Ring":356,"StuffTheSpire:Nightcore":377,"Runic Pyramid":372,"Guide Book":389,"halation:IllGainedPizza":532,"hubris:MedicalManual":212,"Replay:WaspNest":320,"Odd Mushroom":590,"Calling Bell":23,"Pondfish Scales":613,"infinitespire:Satchel":568,"StuffTheSpire:CocoNut":387,"hubris:BundleOfHerbs":613,"infinitespire:Burning Sword":251,"Bag of Marbles":613,"Membership Card":373,"hubris:OldNail":389,"Golden Egg":155,"infinitespire:BottledMercury":664,"vexMod:MemoryStick":80,"StuffTheSpire:Barrel":289,"vexMod:TanglingVine":385,"halation:HeavySnake":387,"vexMod:CardConverter":389,"vexMod:EndlessSickness":279,"hubris:DeckOfHolding":236,"MealTicket":336,"infinitespire:Golems Mask":389,"vexMod:DeviousBotling":188,"Kunai":191,"Replay:Wax Seal":333,"Electric Blood":329,"hubris:TinFlute":149,"StuffTheSpire:NeowsTribute":293,"Pear":316,"halation:QuantumPhysicsTextbook":256,"hubris:SphereOfDissonance":139,"Replay:Ancient Bell":656,"SlaversCollar":112,"Runic Dome":123,"Ooze Armor":149,"halation:Jellyphish":63,"halation:PenCase":270,"Pandora\u0027s Box":452,"hubris:TenFootPole":242,"Kintsugi":525,"infinitespire:PuzzleCube":212,"Abe\u0027s Treasure":338,"infinitespire:Cupcake":347,"vexMod:BigBerry":421,"Lantern":241,"aspiration:Lifesprig":256,"hubris:Metronome":613,"halation:Sosunser":613,"Magic Flower":39,"StoneCalendar":2,"Painkiller Herb":379,"Blue Doll":500,"Replay:Multitool":41,"Bag of Preparation":212,"Cursed Key":23,"Replay:Rubber Ducky":336,"StuffTheSpire:RunicConfusion":299,"Shovel":389,"halation:Toothbrush":188,"hubris:FunFungus":287,"WingedGreaves":622,"halation:PinkAlligatorPlush":496,"hubris:ChampionShield":144,"StuffTheSpire:RedRose":394,"hubris:GlazedTorus":389,"Self Forming Clay":656,"StuffTheSpire:Expresso":389,"Thread and Needle":389,"infinitespire:Joker Card":205,"Omamori":389,"infinitespire:CheckeredPen":646,"halation:SelfBoilingWater":23,"MawBank":650,"Turnip":91,"Bottled Lightning":316,"halation:AfternoonTea":534,"Toy Ornithopter":333,"Vajra":383,"halation:Prosthetics":198,"Lizard Tail":512,"DollysMirror":198,"Strawberry":299,"halation:VictoryRuler":613,"Toxic Egg 2":613,"Replay:Blank Codex":527,"Happy Flower":245,"vexMod:ScavengeHelm":256,"aspiration:Nostalgia":527,"Dead Branch":162,"Astrolabe":227,"Oddly Smooth Stone":347,"vexMod:TimeEaterHat":389,"infinitespire:Beetle Shell":287,"Letter Opener":12,"aspiration:SeaSaltIceCream":389,"Replay:Kaleidoscope":389,"War Paint":320,"Question Card":195,"Replay:Baseball":389,"Shuriken":205,"Simple Rune":220,"StuffTheSpire:DarkSteelAnvil":326,"Molten Egg 2":336,"hubris:ToyBattleship":162,"ReplayTheSpireMod:TigerMarble":397,"Grinning Jar":270,"Meat on the Bone":171,"ReplayFunnel":212,"Replay:PocketPolymizer":86,"Snecko Heart":370,"Mango":389,"Incense Burner":613,"ClockworkSouvenir":613,"StuffTheSpire:Experiment12":333,"Frozen Eye":471,"Pantograph":231,"Gambling Chip":284,"Tiny Chest":167,"Red Skull":23,"StuffTheSpire:Tea":359,"hubris:DisguiseKit":245,"ReplayTheSpireMod:Ninjato":167,"Replay:Towering Pillar of Hats":613,"infinitespire:CursedDice":52,"Quantum Egg":368,"aspiration:HummingbirdHeart":389,"aspiration:SecretTechniqueScroll":67,"Peace Pipe":389,"CaptainsWheel":242,"Anchor":264,"ChewingGum":144,"Another Sword":106,"StuffTheSpire:Kangaroo":116,"Snack Pack":312,"Coffee Dripper":363,"TungstenRod":274}],"TungstenRod":17},"card_choices":[{"not_picked":["Armaments+1","Shrug It Off+1","Battle Trance+1"],"picked":"SKIP","floor":1},{"not_picked":["ReplayReversal+1","Blood for Blood","Iron Wave"],"picked":"SKIP","floor":2},{"not_picked":["Pommel Strike","Power Through+1","ReplayTheSpireMod:Corrosion Curse+1"],"picked":"SKIP","floor":5},{"not_picked":["Seeing Red+1","Iron Wave"],"picked":"Sword Boomerang","floor":7},{"not_picked":["StuffTheSpire:Incineration","Perfected Strike","Cleave"],"picked":"SKIP","floor":12},{"not_picked":["Iron Wave","Twin Strike"],"picked":"Flame Barrier+1","floor":13},{"not_picked":["Clothesline","Body Slam","Anger"],"picked":"SKIP","floor":14},{"not_picked":["Juggernaut","Fiend Fire"],"picked":"Double Tap+1","floor":16},{"not_picked":["Inflame","Headbutt"],"picked":"Disarm+1","floor":18},{"not_picked":["Perfected Strike","Twin Strike"],"picked":"ReplayTheSpireMod:Muscle Training+1","floor":21},{"not_picked":["Evolve","True Grit+1","Havoc+1"],"picked":"SKIP","floor":22},{"not_picked":["Evolve","hubris:ReadiedAction+1","True Grit+1"],"picked":"SKIP","floor":23},{"not_picked":["Replay:Many Hands+1","Power Through+1","Armaments+1"],"picked":"SKIP","floor":25},{"not_picked":["Clothesline","Ghostly Armor+1"],"picked":"ReplayTheSpireMod:Limb From Limb","floor":28},{"not_picked":["Wild Strike","Run Through","Body Slam"],"picked":"SKIP","floor":29},{"not_picked":["ReplayTheSpireMod:Strike From Hell","StuffTheSpire:Incineration","Immolate"],"picked":"SKIP","floor":30},{"not_picked":["Havoc+1","Uppercut","Clash"],"picked":"SKIP","floor":31},{"not_picked":["CurseOfTheBell","ReplayTheSpireMod:Restless Dread"],"picked":"hubris:Despair","floor":34},{"not_picked":["Sickly","hubris:Gluttony"],"picked":"hubris:Greed","floor":34},{"not_picked":["Languid","Doubt"],"picked":"CommonCold","floor":34},{"not_picked":["Warcry+1","ReplayTheSpireMod:Corrosion Curse+1"],"picked":"Massacre","floor":35},{"not_picked":["Heavy Blade+1","Body Slam+1","Iron Wave"],"picked":"SKIP","floor":36},{"not_picked":["Juggernaut","Cleave+1"],"picked":"Rupture","floor":37},{"not_picked":["hubris:ReadiedAction+1","Clash","Heavy Blade"],"picked":"SKIP","floor":40},{"not_picked":["Reckless Charge","Headbutt"],"picked":"Rage+1","floor":42},{"not_picked":["Sword Boomerang","Dropkick","Entrench+1"],"picked":"SKIP","floor":47}],"player_experience":758937,"relics_obtained":[{"floor":7,"key":"Centennial Puzzle"},{"floor":8,"key":"WingedGreaves"},{"floor":9,"key":"Ancient Tea Set"},{"floor":23,"key":"halation:PromiseList"},{"floor":25,"key":"ReplayFunnel"},{"floor":26,"key":"Snack Pack"},{"floor":28,"key":"halation:Trompette"},{"floor":30,"key":"MawBank"},{"floor":39,"key":"Kunai"},{"floor":40,"key":"Magic Flower"},{"floor":42,"key":"TungstenRod"},{"floor":43,"key":"aspiration:TomeofQuesting"},{"floor":47,"key":"infinitespire:BottledMercury"}],"event_choices":[{"damage_healed":0,"gold_gain":0,"player_choice":"Got Potions","damage_taken":0,"max_hp_gain":0,"max_hp_loss":0,"event_name":"Lab","floor":4,"gold_loss":0},{"cards_removed":["Pain"],"damage_healed":0,"gold_gain":0,"player_choice":"Elegance","damage_taken":0,"max_hp_gain":0,"max_hp_loss":0,"event_name":"betterThird:BetterWriting","floor":19,"gold_loss":0},{"cards_removed":["Berserk"],"damage_healed":5,"gold_gain":0,"player_choice":"Offered Rare","damage_taken":0,"max_hp_gain":10,"max_hp_loss":0,"event_name":"Bonfire Elementals","floor":20,"gold_loss":0},{"cards_removed":["Bash"],"damage_healed":0,"gold_gain":0,"player_choice":"Removed Attack","damage_taken":0,"max_hp_gain":0,"max_hp_loss":0,"event_name":"Falling","floor":38,"gold_loss":0},{"damage_healed":0,"gold_gain":300,"player_choice":"Gold","damage_taken":0,"max_hp_gain":0,"max_hp_loss":0,"event_name":"Wheel of Change","floor":45,"gold_loss":0}],"is_beta":false,"boss_relics":[{"not_picked":["vexMod:MysteryBossChallenge","aspiration:SilentSkillbook"],"picked":"Pandora\u0027s Box"},{"not_picked":["Busted Crown","Mark of Pain"],"picked":"Replay:Ancient Bell"},{"not_picked":["Bronze Scales","Toy Ornithopter"],"picked":"ReplayTheSpireMod:TigerMarble"},{"not_picked":["Replay:WaspNest","Question Card"],"picked":"Self Forming Clay"},{"not_picked":["vexMod:CardConverter","Another Sword"],"picked":"infinitespire:Golems Mask"}],"items_purged_floors":[48],"is_endless":false,"potions_floor_spawned":[2,13,14,21,22,23,28,31,35,40,47],"ascension_level":20}}