{"host":"dcj2yvrgcvh5dl2s","time":1610984430,"event":{"mods":["BaseMod","Better Note","Block Reminder","Colored Powertips","DeckTracker","Minty Spire (QoL Compilation)","Quick Restart","Rare Cards Sparkle","Relic Stats","StSLib"],"gold_per_floor":[113,113,113,126,126,161,161,195,245,1,11,11,39,54,54,156,156,166,166,197,197,208,208,208],"floor_reached":23,"language":"ENG","playtime":900,"items_purged":[],"score":302,"play_id":"b8eece5f-d2ec-4c46-b42e-9ef92dafb6a0","local_time":"20210119014030","is_ascension_mode":true,"campfire_choices":[{"floor":7,"key":"REST"},{"floor":12,"key":"REST"},{"floor":15,"key":"REST"}],"circlet_count":0,"master_deck":["Strike_G","Strike_G","Strike_G","Strike_G+1","Defend_G","Defend_G","Defend_G","Defend_G","Defend_G+1","Survivor","Neutralize","Backflip","Heel Hook","Blade Dance","Terror","Catalyst","Crippling Poison","A Thousand Cuts","Catalyst"],"relics":["Ring of the Snake","NeowsBlessing","Smiling Mask","Anchor","PreservedInsect","Regal Pillow","Bottled Lightning","White Beast Statue","Cursed Key","Nilry\u0027s Codex","Red Mask"],"acts_visited":["Exordium","TheCity"],"potions_floor_usage":[20,22,22,23],"damage_taken":[{"damage":0,"enemies":"Cultist","floor":1,"turns":1},{"damage":0,"enemies":"2 Louse","floor":4,"turns":1},{"damage":0,"enemies":"Gremlin Nob","floor":6,"turns":1},{"damage":15,"enemies":"3 Sentries","floor":8,"turns":9},{"damage":0,"enemies":"Small Slimes","floor":11,"turns":3},{"damage":16,"enemies":"Lagavulin","floor":13,"turns":8},{"damage":4,"enemies":"3 Louse","floor":14,"turns":4},{"damage":36,"enemies":"The Guardian","floor":16,"turns":12},{"damage":28,"enemies":"2 Thieves","floor":18,"turns":4},{"damage":0,"enemies":"Masked Bandits","floor":20,"turns":3},{"damage":13,"enemies":"Shell Parasite","floor":22,"turns":5},{"damage":10,"enemies":"Slavers","floor":23,"turns":2}],"seed_played":"8042329747311643485","potions_obtained":[{"floor":6,"key":"GamblersBrew"},{"floor":11,"key":"Ancient Potion"},{"floor":14,"key":"GamblersBrew"},{"floor":18,"key":"DuplicationPotion"},{"floor":20,"key":"FearPotion"},{"floor":22,"key":"Fruit Juice"}],"is_trial":false,"path_per_floor":["M","?","?","M","?","E","R","E","T","$","M","R","E","M","R","B",null,"M","?","?","?","M","E"],"character_chosen":"THE_SILENT","items_purchased":["Bottled Lightning"],"campfire_rested":3,"item_purchase_floors":[10],"current_hp_per_floor":[63,56,42,42,17,17,38,23,23,23,23,59,43,39,70,34,61,33,17,17,17,9,0,0],"gold":208,"neow_bonus":"THREE_ENEMY_KILL","is_daily":false,"chose_seed":false,"campfire_upgraded":0,"win_rate":0.0,"timestamp":1610984430,"path_taken":["M","?","?","M","?","E","R","E","T","$","M","R","E","M","R","BOSS","M","?","?","?","M","E"],"items_purchased_type":["Relic"],"build_version":"2020-12-22","purchased_purges":0,"victory":false,"max_hp_per_floor":[70,70,70,70,70,70,70,70,70,70,70,70,70,70,70,70,70,70,70,70,70,75,75,75],"relic_stats":{"Regal Pillow":25,"counters":[12,53],"PreservedInsect":68,"Smiling Mask":0,"Cursed Key":0,"obtain_stats":[{"Anchor":6,"Regal Pillow":9,"NeowsBlessing":0,"Nilry\u0027s Codex":19,"PreservedInsect":8,"Red Mask":20,"Bottled Lightning":10,"Smiling Mask":5,"Cursed Key":17,"White Beast Statue":13,"Ring of the Snake":0},{"Anchor":3,"Regal Pillow":4,"NeowsBlessing":0,"Nilry\u0027s Codex":9,"PreservedInsect":4,"Red Mask":10,"Bottled Lightning":4,"Smiling Mask":2,"Cursed Key":8,"White Beast Statue":6,"Ring of the Snake":0},{"Anchor":3,"Regal Pillow":12,"NeowsBlessing":0,"Nilry\u0027s Codex":43,"PreservedInsect":12,"Red Mask":46,"Bottled Lightning":12,"Smiling Mask":2,"Cursed Key":39,"White Beast Statue":23,"Ring of the Snake":0}],"Ring of the Snake":[24]},"card_choices":[{"not_picked":["Blade Dance","Endless Agony"],"picked":"Backflip","floor":1},{"not_picked":["Acrobatics","Flying Knee"],"picked":"Heel Hook","floor":4},{"not_picked":["Accuracy","Underhanded Strike"],"picked":"Blade Dance","floor":6},{"not_picked":["Quick Slash","Predator"],"picked":"Terror","floor":8},{"not_picked":["Dagger Spray","Outmaneuver"],"picked":"Catalyst","floor":11},{"not_picked":["Dagger Throw","Eviscerate","Dodge and Roll"],"picked":"SKIP","floor":13},{"not_picked":["Escape Plan","Die Die Die"],"picked":"Crippling Poison","floor":14},{"not_picked":["Grand Finale","Venomology"],"picked":"A Thousand Cuts","floor":16},{"not_picked":["Masterful Stab","Deflect"],"picked":"Catalyst","floor":18},{"not_picked":["Acrobatics+1","Sucker Punch+1","Bane+1"],"picked":"SKIP","floor":22}],"player_experience":2246412,"relics_obtained":[{"floor":6,"key":"Anchor"},{"floor":8,"key":"PreservedInsect"},{"floor":9,"key":"Regal Pillow"},{"floor":13,"key":"White Beast Statue"},{"floor":19,"key":"Nilry\u0027s Codex"},{"floor":20,"key":"Red Mask"}],"event_choices":[{"cards_removed":["Strike_G"],"damage_healed":0,"gold_gain":0,"player_choice":"Card Removal","damage_taken":7,"max_hp_gain":0,"max_hp_loss":0,"event_name":"Golden Wing","floor":2,"gold_loss":0},{"damage_healed":0,"gold_gain":0,"player_choice":"Entered Light","damage_taken":14,"max_hp_gain":0,"max_hp_loss":0,"event_name":"Shining Light","floor":3,"gold_loss":0,"cards_upgraded":["Strike_G","Defend_G"]},{"damage_healed":0,"gold_gain":0,"player_choice":"Success","damage_taken":25,"relics_obtained":["Smiling Mask"],"max_hp_gain":0,"max_hp_loss":0,"event_name":"Scrap Ooze","floor":5,"gold_loss":0},{"damage_healed":0,"gold_gain":0,"player_choice":"Obtained Book","damage_taken":16,"max_hp_gain":0,"max_hp_loss":0,"event_name":"Cursed Tome","floor":19,"gold_loss":0},{"damage_healed":0,"gold_gain":0,"player_choice":"Fought Bandits","damage_taken":0,"max_hp_gain":0,"max_hp_loss":0,"event_name":"Masked Bandits","floor":20,"gold_loss":0},{"damage_healed":0,"gold_gain":0,"player_choice":"Ignored","damage_taken":0,"max_hp_gain":0,"max_hp_loss":0,"event_name":"Ghosts","floor":21,"gold_loss":0}],"is_beta":false,"boss_relics":[{"not_picked":["Snecko Eye","SacredBark"],"picked":"Cursed Key"}],"items_purged_floors":[],"is_endless":false,"potions_floor_spawned":[6,11,14,16,18,20,22],"killed_by":"Slavers","ascension_level":6}}