{"host":"Zandorum","time":1610942769,"event":{"mods":["100% Spire Juice","2.2 Compatiblity","Act Like it!","Bard","BaseMod","Better Note","Hermit","Hubris","Jorbs\u0027s Wanderer Trilogy","Mimic Mod","Minty Spire (QoL Compilation)","Quick Restart","Rare Cards Sparkle","Reorder Act Four","Somnambulant","StSLib","The Cursed","The Disciple","The Hierophant","The Jungle","The Runesmith","TheVacant"],"gold_per_floor":[118,137,15,90,90,103,103,103,103],"floor_reached":8,"language":"ENG","playtime":309,"items_purged":["Moonworks:Defend"],"score":46,"play_id":"fcd31f85-91b4-47af-a3d8-935f01f97a48","local_time":"20210117200609","is_ascension_mode":false,"campfire_choices":[{"data":"Moonworks:EvilSpyWorkPreparation","floor":7,"key":"SMITH"}],"circlet_count":0,"master_deck":["Moonworks:Strike","Moonworks:Strike","Moonworks:Strike","Moonworks:Strike","Moonworks:Defend","Moonworks:Defend","Moonworks:Defend","Moonworks:Ambush","Moonworks:LongDistanceShot+1","Moonworks:NicePresent","Moonworks:Assault+1","Moonworks:EvilSpyWorkPreparation+1","Moonworks:JonathanRush"],"relics":["Moonworks:BrokenBomb","Moonworks:Homemark","NeowsBlessing"],"acts_visited":["Exordium"],"potions_floor_usage":[],"damage_taken":[{"damage":0,"enemies":"Small Slimes","floor":1,"turns":1},{"damage":0,"enemies":"2 Louse","floor":2,"turns":1},{"damage":0,"enemies":"Jaw Worm","floor":6,"turns":1},{"damage":41,"enemies":"Lagavulin","floor":8,"turns":5}],"seed_played":"1014680259876326616","potions_obtained":[],"is_trial":false,"path_per_floor":["M","M","$","?","?","M","R","E"],"character_chosen":"THE_STARBREAKER","items_purchased":["Moonworks:EvilSpyWorkPreparation"],"campfire_rested":0,"item_purchase_floors":[3],"current_hp_per_floor":[60,60,60,49,37,37,37,0,0],"gold":103,"neow_bonus":"THREE_ENEMY_KILL","is_daily":false,"chose_seed":false,"campfire_upgraded":1,"win_rate":0.0,"timestamp":1610942769,"path_taken":["M","M","$","?","?","?","R","E"],"items_purchased_type":["Card"],"build_version":"2020-12-18","purchased_purges":1,"victory":false,"max_hp_per_floor":[60,60,60,60,60,60,60,60,60],"card_choices":[{"not_picked":["Moonworks:MixPhenomenon","Moonworks:DeployBits"],"picked":"Moonworks:NicePresent","floor":1},{"not_picked":["Moonworks:MiracleRedBeanIceCream","Moonworks:BigBangBell"],"picked":"Moonworks:Assault","floor":2},{"not_picked":["Moonworks:Dash","Moonworks:IndiscriminateFireSupport"],"picked":"Moonworks:JonathanRush","floor":6}],"player_experience":150109,"relics_obtained":[],"event_choices":[{"damage_healed":0,"gold_gain":75,"player_choice":"Gather Gold","damage_taken":11,"max_hp_gain":0,"max_hp_loss":0,"event_name":"World of Goop","floor":4,"gold_loss":0},{"damage_healed":0,"gold_gain":0,"player_choice":"Entered Light","damage_taken":12,"max_hp_gain":0,"max_hp_loss":0,"event_name":"Shining Light","floor":5,"gold_loss":0,"cards_upgraded":["Moonworks:LongDistanceShot","Moonworks:Assault"]}],"is_beta":true,"boss_relics":[],"items_purged_floors":[3],"is_endless":false,"potions_floor_spawned":[],"killed_by":"Lagavulin","ascension_level":0}}