{"host":"dn6kke80v5f7isus","time":1610946532,"event":{"mods":["AchievementEnabler","Act Like it!","BaseMod","Colored Powertips","Custom Start","Defuse TimeMaze Blight","Duelist Mod","Gremlin Skip","Highlight Path","Hubris","Infinite Spire","Minty Spire (QoL Compilation)","Rare Cards Sparkle","Replay The Spire","StSLib","Uncapped"],"gold_per_floor":[112,112,112,131,150,150,180,199,277,306,325,343,124,137,137,233,233,247,247,247,147,162,162,162],"floor_reached":23,"language":"ENG","playtime":716,"items_purged":["Strike_G","Strike_G"],"score":213,"play_id":"e2d2e943-8a99-4e92-9698-09763869bb49","local_time":"20210118000852","is_ascension_mode":true,"campfire_choices":[{"data":"Noxious Fumes","floor":6.0,"key":"SMITH"},{"floor":15.0,"key":"REST"}],"circlet_count":0,"master_deck":["Strike_G","Strike_G+1","Strike_G+1","Defend_G","Defend_G","Defend_G","Defend_G+1","Defend_G","Survivor","Neutralize+1","Noxious Fumes+1","Draining Mist","ReplayTheSpireMod:Necrosis+1"],"relics":["Ring of the Snake","NeowsBlessing","Turnip","Chameleon Ring","MealTicket","Whetstone","SacredBark"],"acts_visited":["Exordium","TheCity"],"potions_floor_usage":[18,22,23,23],"damage_taken":[{"damage":0.0,"enemies":"Jaw Worm","floor":1.0,"turns":1.0},{"damage":0.0,"enemies":"Cultist","floor":4.0,"turns":1.0},{"damage":0.0,"enemies":"Small Slimes","floor":5.0,"turns":1.0},{"damage":9.0,"enemies":"3 Sentries","floor":7.0,"turns":7.0},{"damage":5.0,"enemies":"3 Louse","floor":8.0,"turns":3.0},{"damage":18.0,"enemies":"Gremlin Nob","floor":10.0,"turns":4.0},{"damage":6.0,"enemies":"Exordium Thugs","floor":11.0,"turns":4.0},{"damage":0.0,"enemies":"2 Fungi Beasts","floor":12.0,"turns":4.0},{"damage":7.0,"enemies":"Large Slime","floor":14.0,"turns":6.0},{"damage":12.0,"enemies":"The Guardian","floor":16.0,"turns":11.0},{"damage":36,"enemies":"2 Thieves","floor":18,"turns":4},{"damage":1,"enemies":"Shell Parasite","floor":22,"turns":7},{"damage":24,"enemies":"Gremlin Leader","floor":23,"turns":5}],"seed_played":"4002004550304652349","potions_obtained":[{"floor":5.0,"key":"Reflective Coating"},{"floor":8.0,"key":"Poison Potion"},{"floor":10.0,"key":"PowerPotion"},{"floor":11.0,"key":"Swift Potion"},{"floor":14.0,"key":"Venom Potion"},{"floor":16.0,"key":"CultistPotion"},{"floor":18,"key":"SkillPotion"},{"floor":22,"key":"BlessingOfTheForge"}],"is_trial":false,"path_per_floor":["M","?","?","M","M","R","E","M","T","E","M","M","$","M","R","B",null,"M","?","?","$","M","E"],"character_chosen":"THE_SILENT","items_purchased":["Whetstone"],"campfire_rested":1,"item_purchase_floors":[13],"current_hp_per_floor":[70,56,56,56,56,56,47,42,42,24,18,18,33,26,47,35,70,34,18,18,33,32,8,8],"gold":162,"neow_bonus":"THREE_ENEMY_KILL","is_daily":false,"chose_seed":false,"campfire_upgraded":1,"win_rate":0.0,"timestamp":1610946532,"path_taken":["M","?","?","M","M","R","E","M","T","E","M","M","$","M","R","BOSS","M","?","?","$","M","E"],"items_purchased_type":["Relic"],"build_version":"2020-12-22","purchased_purges":2,"victory":false,"max_hp_per_floor":[70,70,70,70,70,70,70,70,70,70,70,70,70,70,70,70,70,70,70,70,70,70,70,70],"card_choices":[{"not_picked":["Cloak And Dagger","Blade Dance"],"picked":"Noxious Fumes","floor":1.0},{"not_picked":["Acrobatics","Infinite Blades","Expertise"],"picked":"SKIP","floor":4.0},{"not_picked":["Cloak And Dagger","ReplayTheSpireMod:From All Sides","Underhanded Strike"],"picked":"SKIP","floor":5.0},{"not_picked":["PiercingWail","Choke","Concentrate"],"picked":"SKIP","floor":7.0},{"not_picked":["Sucker Punch","Dodge and Roll"],"picked":"Draining Mist","floor":8.0},{"not_picked":["Hidden Blade","Blade Dance","Acrobatics"],"picked":"SKIP","floor":10.0},{"not_picked":["Blade Dance","Dagger Spray","Dodge and Roll"],"picked":"SKIP","floor":11.0},{"not_picked":["Distraction","Flying Knee","Dagger Throw"],"picked":"SKIP","floor":12.0},{"not_picked":["Skewer","Dagger Spray","Cloak And Dagger"],"picked":"SKIP","floor":14.0},{"not_picked":["Burst","Bullet Time"],"picked":"ReplayTheSpireMod:Necrosis","floor":16.0},{"not_picked":["Caltrops","Calculated Gamble","Slice"],"picked":"SKIP","floor":18},{"not_picked":["Dodge and Roll","Predator","Fluid Movement"],"picked":"SKIP","floor":22}],"player_experience":571019,"relics_obtained":[{"floor":7.0,"key":"Turnip"},{"floor":9.0,"key":"Chameleon Ring"},{"floor":10.0,"key":"MealTicket"}],"event_choices":[{"damage_healed":0.0,"max_hp_gain":0.0,"max_hp_loss":0.0,"gold_gain":0.0,"event_name":"Shining Light","player_choice":"Entered Light","floor":2.0,"gold_loss":0.0,"damage_taken":14.0,"cards_upgraded":["Defend_G","Neutralize"]},{"damage_healed":0,"gold_gain":0,"player_choice":"Obtained Book","damage_taken":16,"max_hp_gain":0,"max_hp_loss":0,"event_name":"Cursed Tome","floor":19,"gold_loss":0}],"is_beta":false,"boss_relics":[{"not_picked":["Fusion Hammer","Replay:Drink Me"],"picked":"SacredBark"}],"items_purged_floors":[13,21],"is_endless":false,"potions_floor_spawned":[5,8,10,11,14,16,18,22],"killed_by":"Gremlin Leader","ascension_level":1}}