{"host":"jwbw4f4imxd0v0b0","time":1610954997,"event":{"mods":["BaseMod","Colored Map","Highlight Path","Minty Spire (QoL Compilation)","Relic Stats","StSLib"],"gold_per_floor":[113,127,16,35,48,48,80,80,158,170,190,190,190,190,190,269,269,281,281,292,292,302,302,317,66,66,86,113,128,52,68,68,144,144,163,213,229,240,250,282,282,282,309,328,347,347,367,396,396,396],"floor_reached":51,"language":"ENG","playtime":5245,"items_purged":["Strike_G","Strike_G"],"score":1336,"play_id":"70489e70-b1ae-45b3-927b-79f7ec53f2dd","local_time":"20210118012957","is_ascension_mode":true,"campfire_choices":[{"data":"Noxious Fumes","floor":6.0,"key":"SMITH"},{"data":"Cloak And Dagger","floor":8.0,"key":"SMITH"},{"data":"Blade Dance","floor":13.0,"key":"SMITH"},{"data":"PiercingWail","floor":15.0,"key":"SMITH"},{"floor":23.0,"key":"REST"},{"data":"Footwork","floor":32.0,"key":"SMITH"},{"floor":42.0,"key":"REST"},{"data":"Wraith Form v2","floor":49,"key":"SMITH"}],"circlet_count":0,"master_deck":["AscendersBane","Strike_G","Defend_G","Defend_G","Defend_G","Defend_G","Defend_G","Survivor","Neutralize","PiercingWail+1","Cloak And Dagger+1","Noxious Fumes+1","Dodge and Roll","Backflip","Blade Dance+1","Envenom","Footwork+1","Deflect","PiercingWail","Prepared+1","Footwork+1","PiercingWail","Wraith Form v2+1","Catalyst","Footwork+1","PiercingWail+1","Night Terror","Concentrate+1","Bouncing Flask","Footwork+1"],"relics":["Ring of the Snake","Unceasing Top","HornCleat","Strawberry","Runic Pyramid","Nilry\u0027s Codex","DollysMirror","Question Card","Shuriken","Busted Crown","Girya","Anchor","Oddly Smooth Stone"],"acts_visited":["Exordium","TheCity","TheBeyond"],"potions_floor_usage":[50,50],"damage_taken":[{"damage":0.0,"enemies":"2 Louse","floor":1.0,"turns":4.0},{"damage":0.0,"enemies":"Small Slimes","floor":2.0,"turns":4.0},{"damage":5.0,"enemies":"Jaw Worm","floor":4.0,"turns":6.0},{"damage":0.0,"enemies":"3 Louse","floor":5.0,"turns":5.0},{"damage":12.0,"enemies":"Lagavulin","floor":7.0,"turns":9.0},{"damage":5.0,"enemies":"Exordium Wildlife","floor":10.0,"turns":7.0},{"damage":7.0,"enemies":"Red Slaver","floor":11.0,"turns":5.0},{"damage":26.0,"enemies":"Hexaghost","floor":16.0,"turns":12.0},{"damage":4.0,"enemies":"Shell Parasite","floor":18.0,"turns":8.0},{"damage":0.0,"enemies":"3 Byrds","floor":20.0,"turns":8.0},{"damage":6.0,"enemies":"Snake Plant","floor":22.0,"turns":6.0},{"damage":1.0,"enemies":"Centurion and Healer","floor":24.0,"turns":8.0},{"damage":0.0,"enemies":"Snecko","floor":27.0,"turns":7.0},{"damage":1.0,"enemies":"Gremlin Leader","floor":28.0,"turns":8.0},{"damage":6.0,"enemies":"Sentry and Sphere","floor":29.0,"turns":8.0},{"damage":1.0,"enemies":"Shelled Parasite and Fungi","floor":31.0,"turns":7.0},{"damage":4.0,"enemies":"Automaton","floor":33.0,"turns":14.0},{"damage":1.0,"enemies":"3 Shapes","floor":35.0,"turns":10.0},{"damage":8.0,"enemies":"2 Orb Walkers","floor":36.0,"turns":10.0},{"damage":2.0,"enemies":"3 Darklings","floor":37.0,"turns":6.0},{"damage":0.0,"enemies":"Maw","floor":38.0,"turns":11.0},{"damage":0.0,"enemies":"4 Shapes","floor":39.0,"turns":7.0},{"damage":7.0,"enemies":"Reptomancer","floor":40.0,"turns":7.0},{"damage":0.0,"enemies":"Writhing Mass","floor":44.0,"turns":7.0},{"damage":1.0,"enemies":"Maw","floor":45.0,"turns":10.0},{"damage":0,"enemies":"Sphere and 2 Shapes","floor":47,"turns":6},{"damage":0,"enemies":"Giant Head","floor":48,"turns":6},{"damage":72,"enemies":"Awakened One","floor":50,"turns":17}],"seed_played":"6756101914503897892","potions_obtained":[{"floor":1.0,"key":"Block Potion"},{"floor":5.0,"key":"Energy Potion"},{"floor":16.0,"key":"Swift Potion"},{"floor":18.0,"key":"Dexterity Potion"},{"floor":33.0,"key":"DistilledChaos"},{"floor":39.0,"key":"BlessingOfTheForge"}],"is_trial":false,"path_per_floor":["M","M","$","M","M","R","E","R","T","M","M","?","R","?","R","B",null,"M","?","M","?","M","R","M","$","T","M","E","M","$","M","R","B",null,"M","?","M","M","M","E","?","R","T","M","M","?","M","E","R","B",null],"character_chosen":"THE_SILENT","items_purchased":["Noxious Fumes","DollysMirror","Footwork"],"campfire_rested":2,"item_purchase_floors":[3,25,30],"current_hp_per_floor":[65,65,65,60,60,60,48,48,48,43,36,32,32,32,32,6,61,57,36,36,36,30,53,52,52,52,52,51,45,45,44,44,40,69,68,60,58,58,58,51,51,74,74,74,73,73,73,73,73,1],"gold":396,"neow_bonus":"TEN_PERCENT_HP_BONUS","is_daily":false,"chose_seed":false,"campfire_upgraded":6,"win_rate":0.0,"timestamp":1610954997,"path_taken":["M","M","$","M","M","R","E","R","T","M","M","?","R","?","R","BOSS","M","?","M","?","M","R","M","?","T","M","E","?","?","M","R","BOSS","M","?","M","M","M","E","?","R","T","M","M","?","?","E","R","BOSS"],"items_purchased_type":["Card","Relic","Card"],"build_version":"2020-12-22","purchased_purges":2,"victory":true,"max_hp_per_floor":[72,72,72,72,72,72,72,72,72,72,72,79,79,79,79,79,79,79,79,79,79,79,79,79,79,79,79,79,79,79,79,79,79,79,79,79,79,79,79,79,79,79,79,79,79,79,79,79,79,79],"relic_stats":{"Busted Crown":20,"counters":[28,223],"Shuriken":[29],"Question Card":15,"obtain_stats":[{"Girya":36,"Nilry\u0027s Codex":19,"Oddly Smooth Stone":43,"Question Card":26,"Anchor":40,"HornCleat":9,"Busted Crown":34,"DollysMirror":25,"Shuriken":28,"Strawberry":12,"Unceasing Top":7,"Ring of the Snake":0,"Runic Pyramid":17},{"Girya":19,"Nilry\u0027s Codex":9,"Oddly Smooth Stone":23,"Question Card":12,"Anchor":23,"HornCleat":5,"Busted Crown":17,"DollysMirror":12,"Shuriken":14,"Strawberry":7,"Unceasing Top":5,"Ring of the Snake":0,"Runic Pyramid":8},{"Girya":146,"Nilry\u0027s Codex":60,"Oddly Smooth Stone":177,"Question Card":82,"Anchor":177,"HornCleat":28,"Busted Crown":126,"DollysMirror":82,"Shuriken":97,"Strawberry":40,"Unceasing Top":28,"Ring of the Snake":0,"Runic Pyramid":52}],"Unceasing Top":[8],"Ring of the Snake":[56]},"card_choices":[{"not_picked":["Well Laid Plans","Dagger Throw"],"picked":"PiercingWail","floor":1.0},{"not_picked":["Escape Plan","Underhanded Strike"],"picked":"Cloak And Dagger","floor":2.0},{"not_picked":["Expertise","Tools of the Trade","Cloak And Dagger"],"picked":"SKIP","floor":4.0},{"not_picked":["Bane","Calculated Gamble"],"picked":"Dodge and Roll","floor":5.0},{"not_picked":["Doppelganger","Endless Agony"],"picked":"Backflip","floor":7.0},{"not_picked":["Sucker Punch","Quick Slash","Endless Agony"],"picked":"SKIP","floor":10.0},{"not_picked":["Acrobatics","Deflect"],"picked":"Blade Dance","floor":11.0},{"not_picked":["Malaise","Unload"],"picked":"Envenom","floor":16.0},{"not_picked":["Distraction+1","Leg Sweep"],"picked":"Footwork+1","floor":18.0},{"not_picked":["Cloak And Dagger","Dodge and Roll"],"picked":"Deflect","floor":20.0},{"not_picked":["Deflect","Expertise"],"picked":"PiercingWail","floor":22.0},{"not_picked":["Acrobatics","Predator"],"picked":"Prepared+1","floor":24.0},{"not_picked":["PiercingWail","Prepared","Dagger Throw","Endless Agony"],"picked":"SKIP","floor":27.0},{"not_picked":["Prepared","Dagger Throw","Endless Agony"],"picked":"PiercingWail","floor":27.0},{"not_picked":["Acrobatics","Bouncing Flask+1","Dodge and Roll"],"picked":"Wraith Form v2","floor":28.0},{"not_picked":["Backflip","Caltrops","Choke"],"picked":"Catalyst","floor":29.0},{"not_picked":["Acrobatics","Cloak And Dagger","Dagger Throw+1"],"picked":"PiercingWail+1","floor":31.0},{"not_picked":["Corpse Explosion","Adrenaline","Venomology"],"picked":"Night Terror","floor":33.0},{"not_picked":["Riddle With Holes"],"picked":"Concentrate+1","floor":35.0},{"not_picked":["Skewer"],"picked":"Bouncing Flask","floor":36.0},{"not_picked":["Cloak And Dagger","Flechettes"],"picked":"SKIP","floor":37.0},{"not_picked":["Riddle With Holes","Bane+1"],"picked":"SKIP","floor":38.0},{"not_picked":["Quick Slash+1","Acrobatics"],"picked":"SKIP","floor":39.0},{"not_picked":["Escape Plan","Prepared"],"picked":"SKIP","floor":40.0},{"not_picked":["Dodge and Roll","Dagger Throw+1"],"picked":"SKIP","floor":44.0},{"not_picked":["Slice+1","Skewer"],"picked":"SKIP","floor":45.0},{"not_picked":["Backflip"],"picked":"Footwork+1","floor":47},{"not_picked":["Expertise","Crippling Poison"],"picked":"SKIP","floor":48}],"player_experience":1086076,"relics_obtained":[{"floor":7.0,"key":"Unceasing Top"},{"floor":9.0,"key":"HornCleat"},{"floor":19.0,"key":"Nilry\u0027s Codex"},{"floor":26.0,"key":"Question Card"},{"floor":28.0,"key":"Shuriken"},{"floor":36.0,"key":"Girya"},{"floor":40.0,"key":"Anchor"},{"floor":43.0,"key":"Oddly Smooth Stone"}],"event_choices":[{"damage_healed":0.0,"max_hp_gain":0.0,"max_hp_loss":0.0,"gold_gain":0.0,"event_name":"Scrap Ooze","player_choice":"Success","floor":12.0,"gold_loss":0.0,"damage_taken":11.0,"relics_obtained":["Strawberry"]},{"damage_healed":0.0,"max_hp_gain":0.0,"max_hp_loss":0.0,"gold_gain":0.0,"event_name":"Liars Game","player_choice":"Ignored","floor":14.0,"gold_loss":0.0,"damage_taken":0.0},{"damage_healed":0.0,"max_hp_gain":0.0,"max_hp_loss":0.0,"gold_gain":0.0,"event_name":"Cursed Tome","player_choice":"Obtained Book","floor":19.0,"gold_loss":0.0,"damage_taken":21.0},{"damage_healed":0.0,"max_hp_gain":0.0,"max_hp_loss":0.0,"gold_gain":0.0,"event_name":"The Mausoleum","player_choice":"Ignored","floor":21.0,"gold_loss":0.0,"damage_taken":0.0},{"damage_healed":0.0,"max_hp_gain":0.0,"max_hp_loss":0.0,"gold_gain":0.0,"event_name":"Mysterious Sphere","player_choice":"Fight","floor":36.0,"gold_loss":0.0,"damage_taken":0.0},{"cards_removed":["Strike_G"],"damage_healed":0.0,"max_hp_gain":0.0,"max_hp_loss":0.0,"gold_gain":0.0,"event_name":"Falling","player_choice":"Removed Attack","floor":41.0,"gold_loss":0.0,"damage_taken":0.0},{"cards_removed":["Strike_G"],"damage_healed":0.0,"max_hp_gain":0.0,"max_hp_loss":0.0,"gold_gain":0.0,"event_name":"Purifier","player_choice":"Purged","floor":46.0,"gold_loss":0.0,"damage_taken":0.0}],"is_beta":false,"boss_relics":[{"not_picked":["Ring of the Serpent","SlaversCollar"],"picked":"Runic Pyramid"},{"not_picked":["Sozu","SacredBark"],"picked":"Busted Crown"}],"items_purged_floors":[3,25],"is_endless":false,"potions_floor_spawned":[1,5,16,18,20,27,33,37,39,40,47],"ascension_level":15}}