{"host":"3pvh99l9qedhoxgj","time":1610969108,"event":{"mods":["Alarm Clock","BaseMod","Better-Laid Plans","Colored Powertips","Conspire","Highlight Path","Infinite Spire","Marisa（F雨　魔理沙）","Minty Spire (QoL Compilation)","Relic Stats","Replay The Spire","StSLib","The Bladedancer","The Bug Knight","[功能]功能增强和修复MOD","【功能Mod】聪明的最终Boss","【遗物卡牌】REMEMod"],"gold_per_floor":[119,89,107,97,97,128,148,181,231,131,131,163,177,209,209,313,313,331,347,347,347,382,413,413,413,413,425,450,450,450,466,466,570,570,580,580,630,630,658,730,793,865,891,891,992,992,1098,1203,1203,1255],"floor_reached":51,"language":"ZHS","playtime":2916,"items_purged":["Defend_MRS","Defend_MRS","Defend_MRS","Defend_MRS","Strike_MRS","Strike_MRS","Strike_MRS","Strike_MRS"],"score":1038,"play_id":"c5ca9d6a-0981-4fc1-b1ca-1a1af9853916","local_time":"20210118192508","is_ascension_mode":false,"campfire_choices":[{"data":"REME_Flogging","floor":15.0,"key":"SMITH"},{"data":"MysteriousBeam","floor":15.0,"key":"SMITH"},{"data":"CasketOfStar","floor":24.0,"key":"SMITH"},{"data":"OrrerysSun","floor":24.0,"key":"SMITH"},{"data":"GrandCross","floor":30.0,"key":"SMITH"},{"data":"REME_MagicPocketWatch","floor":30.0,"key":"SMITH"},{"data":"PulseMagic","floor":32.0,"key":"SMITH"},{"data":"Occultation","floor":32.0,"key":"SMITH"},{"data":"Pot Of Greed","floor":49,"key":"SMITH"},{"data":"Pot Of Greed","floor":49,"key":"SMITH"}],"circlet_count":0,"master_deck":["MasterSpark","UpSweep","REME_CRH+1","DoubleSpark","REME_Flogging+1","IllusionStar","ChargeUpSpray+1","DC+1","MysteriousBeam+1","TreasureHunter+1","Occultation+1","GrandCross+1","Orbital+1","SuperPerseids","Ghostly","ShootingEcho+1","SuperPerseids","6A","CasketOfStar+1","PulseMagic+1","OrrerysSun+1","REME_MagicPocketWatch+1","PowerUp","MysteriousBeam+1","GrandCross+1","FinalSpark+1","DoubleSpark+1","Pot Of Greed+1","Pot Of Greed+1","Pot Of Greed","GrandCross+1","SuperPerseids","StarBarrage+1","AsteroidBelt+1","DragonMeteor+1","DoubleSpark+1"],"relics":["MiniHakkero","REME_ComplimentaryCards","conspire:Boomerang","Singing Bowl","Bag of Marbles","Replay:Lucky Slots","Ancient Tea Set","Kunai","Gremlin Food","Happy Flower","REME_HourglassOfDeath","Oddly Smooth Stone","War Paint","infinitespire:BottledMercury","Lee\u0027s Waffle","Replay:Arrowhead","conspire:Dentures","Bird Faced Urn","Sozu","Whetstone","infinitespire:Beetle Shell","OrangePellets","Red Mask","Omamori","Molten Egg 2","Bag of Preparation","ClockworkSouvenir","conspire:DeflatedDodgeball","Divine Protection","infinitespire:Cupcake","Question Card","Grinning Jar","HollowMod:JonisBlessing","infinitespire:EvilPickle","conspire:TopHat","Blue Doll","Strange Spoon","AmplifyWand","infinitespire:WardingShard","Replay:Bandana","Gremlin Horn"],"acts_visited":["Exordium","TheCity","TheBeyond"],"potions_floor_usage":[],"damage_taken":[{"damage":9.0,"enemies":"2 Louse","floor":1.0,"turns":3.0},{"damage":0.0,"enemies":"Cultist","floor":3.0,"turns":2.0},{"damage":0.0,"enemies":"Lagavulin","floor":6.0,"turns":2.0},{"damage":0.0,"enemies":"Small Slimes","floor":7.0,"turns":1.0},{"damage":9.0,"enemies":"3 Sentries","floor":8.0,"turns":3.0},{"damage":0.0,"enemies":"Exordium Thugs","floor":13.0,"turns":2.0},{"damage":0.0,"enemies":"Gremlin Nob","floor":14.0,"turns":1.0},{"damage":0.0,"enemies":"Fading Forest","floor":16.0,"turns":7.0},{"damage":0.0,"enemies":"3 Byrds","floor":18.0,"turns":2.0},{"damage":0.0,"enemies":"Spheric Guardian","floor":19.0,"turns":2.0},{"damage":0.0,"enemies":"Masked Bandits","floor":22.0,"turns":2.0},{"damage":0.0,"enemies":"Gremlin Leader","floor":23.0,"turns":3.0},{"damage":0.0,"enemies":"Shelled Parasite and Fungi","floor":27.0,"turns":1.0},{"damage":0.0,"enemies":"conspire:SneckoGhost","floor":28.0,"turns":2.0},{"damage":7.0,"enemies":"Snake Plant","floor":31.0,"turns":2.0},{"damage":0.0,"enemies":"Pondfish","floor":33.0,"turns":5.0},{"damage":0.0,"enemies":"3 Shapes","floor":35.0,"turns":2.0},{"damage":0.0,"enemies":"Orb Walker","floor":37.0,"turns":1.0},{"damage":0.0,"enemies":"conspire:MimicChest","floor":39.0,"turns":3.0},{"damage":0.0,"enemies":"R_Hoarder","floor":40.0,"turns":4.0},{"damage":0,"enemies":"Spire Growth","floor":41,"turns":1},{"damage":0,"enemies":"Transient","floor":42,"turns":6},{"damage":0,"enemies":"Nemesis","floor":45,"turns":5},{"damage":0,"enemies":"3 Darklings","floor":47,"turns":2},{"damage":0,"enemies":"Spire Growth","floor":48,"turns":2},{"damage":0,"enemies":"Replay:Hell Engine","floor":50,"turns":2}],"seed_played":"8918671142373136478","potions_obtained":[{"floor":1.0,"key":"Explosive Potion"},{"floor":7.0,"key":"PowerPotion"},{"floor":8.0,"key":"BottledSpark"},{"floor":8.0,"key":"CultistPotion"},{"floor":8.0,"key":"Flashbang"},{"floor":13.0,"key":"GamblersBrew"},{"floor":14.0,"key":"AttackPotion"},{"floor":16.0,"key":"Energy Potion"},{"floor":16.0,"key":"Weak Potion"}],"is_trial":false,"path_per_floor":["M","$","M","$","?","E","M","E","T","?","$","?","M","E","R","B",null,"M","M","?","$","?","E","R","$","T","M","E","?","R","M","R","B",null,"M","$","M","$","?","E","M","M","T","?","E","?","M","M","R","B",null],"character_chosen":"MARISA","items_purchased":["Singing Bowl","Bag of Marbles","Replay:Lucky Slots","REME_Flogging","IllusionStar","ChargeUpSpray+1","DC","Block Potion","Energy Potion","Ancient Tea Set","Kunai","TreasureHunter","Occultation","GrandCross","War Paint","infinitespire:BottledMercury","Lee\u0027s Waffle","Flash of Steel","Whetstone","infinitespire:Beetle Shell","OrangePellets","OrrerysSun","Molten Egg 2","Bag of Preparation","ClockworkSouvenir","REME_MagicPocketWatch","PowerUp","Question Card","Grinning Jar","HollowMod:JonisBlessing","GrandCross+1","SuperPerseids","conspire:TopHat","Blue Doll","Strange Spoon","StarBarrage+1"],"campfire_rested":0,"item_purchase_floors":[2,2,2,2,2,2,2,2,2,4,4,4,4,4,11,11,11,11,21,21,21,21,25,25,25,25,25,36,36,36,36,36,38,38,38,38],"current_hp_per_floor":[45,45,45,45,45,45,47,38,38,38,84,51,51,51,51,63,84,84,86,69,69,75,83,83,83,83,87,87,87,87,84,84,90,97,97,97,99,99,99,101,101,101,101,101,101,111,113,115,115,115],"gold":1255,"neow_bonus":"ONE_RARE_RELIC","is_daily":false,"chose_seed":false,"campfire_upgraded":10,"win_rate":0.0,"timestamp":1610969108,"path_taken":["M","$","M","$","?","E","?","E","T","?","?","?","?","E","R","BOSS","M","M","?","$","?","E","R","?","T","?","E","?","R","M","R","BOSS","M","$","M","$","?","E","M","M","T","?","E","?","M","M","R","BOSS"],"items_purchased_type":["Relic","Relic","Relic","Card","Card","Card","Card","Potion","Potion","Relic","Relic","Card","Card","Card","Relic","Relic","Relic","Card","Relic","Relic","Relic","Card","Relic","Relic","Relic","Card","Card","Relic","Relic","Relic","Card","Card","Relic","Relic","Relic","Card"],"build_version":"2020-12-22","purchased_purges":8,"victory":true,"max_hp_per_floor":[75,75,75,75,75,75,77,77,77,77,84,84,84,84,84,84,84,84,86,91,91,93,95,95,95,95,95,95,95,95,97,97,97,97,97,97,99,99,99,101,101,101,101,101,101,111,113,115,115,115],"relic_stats":{"Lee\u0027s Waffle":46,"Singing Bowl":18,"Happy Flower":[20],"Gremlin Horn":[2,2],"counters":[26,68],"Bag of Preparation":[28],"Whetstone":["ShootingEcho","DC"],"War Paint":["Orbital","REME_CRH"],"Question Card":18,"Sozu":23,"OrangePellets":[1],"Strange Spoon":[29],"Bird Faced Urn":[24],"Kunai":[71],"obtain_stats":[{"AmplifyWand":39,"infinitespire:BottledMercury":11,"Divine Protection":28,"Singing Bowl":2,"Gremlin Horn":45,"Blue Doll":38,"Bag of Preparation":25,"Whetstone":21,"Ancient Tea Set":4,"conspire:TopHat":38,"ClockworkSouvenir":25,"Sozu":17,"Replay:Bandana":43,"Replay:Lucky Slots":2,"Red Mask":22,"Kunai":4,"Gremlin Food":6,"conspire:Dentures":14,"Lee\u0027s Waffle":11,"Happy Flower":6,"Oddly Smooth Stone":9,"HollowMod:JonisBlessing":36,"infinitespire:Beetle Shell":21,"conspire:Boomerang":0,"Omamori":23,"War Paint":11,"Question Card":36,"Replay:Arrowhead":12,"infinitespire:EvilPickle":37,"OrangePellets":21,"Strange Spoon":38,"REME_HourglassOfDeath":8,"infinitespire:WardingShard":40,"Bird Faced Urn":14,"Molten Egg 2":25,"Bag of Marbles":2,"MiniHakkero":0,"conspire:DeflatedDodgeball":26,"Grinning Jar":36,"REME_ComplimentaryCards":0,"infinitespire:Cupcake":34},{"AmplifyWand":19,"infinitespire:BottledMercury":5,"Divine Protection":14,"Singing Bowl":1,"Gremlin Horn":23,"Blue Doll":18,"Bag of Preparation":12,"Whetstone":10,"Ancient Tea Set":2,"conspire:TopHat":18,"ClockworkSouvenir":12,"Sozu":8,"Replay:Bandana":22,"Replay:Lucky Slots":1,"Red Mask":11,"Kunai":2,"Gremlin Food":3,"conspire:Dentures":7,"Lee\u0027s Waffle":5,"Happy Flower":3,"Oddly Smooth Stone":5,"HollowMod:JonisBlessing":17,"infinitespire:Beetle Shell":10,"conspire:Boomerang":0,"Omamori":12,"War Paint":5,"Question Card":17,"Replay:Arrowhead":5,"infinitespire:EvilPickle":18,"OrangePellets":10,"Strange Spoon":18,"REME_HourglassOfDeath":5,"infinitespire:WardingShard":20,"Bird Faced Urn":7,"Molten Egg 2":12,"Bag of Marbles":1,"MiniHakkero":0,"conspire:DeflatedDodgeball":12,"Grinning Jar":17,"REME_ComplimentaryCards":0,"infinitespire:Cupcake":16},{"AmplifyWand":46,"infinitespire:BottledMercury":11,"Divine Protection":33,"Singing Bowl":3,"Gremlin Horn":62,"Blue Doll":43,"Bag of Preparation":30,"Whetstone":25,"Ancient Tea Set":5,"conspire:TopHat":43,"ClockworkSouvenir":30,"Sozu":21,"Replay:Bandana":57,"Replay:Lucky Slots":3,"Red Mask":27,"Kunai":5,"Gremlin Food":7,"conspire:Dentures":14,"Lee\u0027s Waffle":11,"Happy Flower":7,"Oddly Smooth Stone":11,"HollowMod:JonisBlessing":42,"infinitespire:Beetle Shell":25,"conspire:Boomerang":0,"Omamori":30,"War Paint":11,"Question Card":42,"Replay:Arrowhead":11,"infinitespire:EvilPickle":42,"OrangePellets":25,"Strange Spoon":43,"REME_HourglassOfDeath":11,"infinitespire:WardingShard":50,"Bird Faced Urn":14,"Molten Egg 2":30,"Bag of Marbles":3,"MiniHakkero":0,"conspire:DeflatedDodgeball":30,"Grinning Jar":42,"REME_ComplimentaryCards":0,"infinitespire:Cupcake":40}]},"card_choices":[{"not_picked":["IllusionStar","OpenUniverse"],"picked":"DoubleSpark","floor":1.0},{"not_picked":["WitchOfGreed","LuminesStrike"],"picked":"MysteriousBeam","floor":3.0},{"not_picked":["EarthLightRay","IllusionStar"],"picked":"Orbital","floor":6.0},{"not_picked":["DoubleSpark","SporeBomb","IllusionStar"],"picked":"Singing Bowl","floor":7.0},{"not_picked":["GrandCross","UltimateShortwave"],"picked":"SuperPerseids","floor":8.0},{"not_picked":["DragonMeteor","WitchOfGreed"],"picked":"ShootingEcho","floor":12.0},{"not_picked":["OrrerysSun","6A"],"picked":"SuperPerseids","floor":13.0},{"not_picked":["FairyDestructionRay","SuperNova"],"picked":"6A","floor":14.0},{"not_picked":["TreasureHunter","BlazingStar"],"picked":"CasketOfStar","floor":16.0},{"not_picked":["NonDirectionalLaser","EnergyRecoil"],"picked":"PulseMagic","floor":18.0},{"not_picked":["Orbital","IllusionStar","GalacticHalo"],"picked":"Singing Bowl","floor":19.0},{"not_picked":["MachineGunSpark","WitchLeyline","SuperPerseids+1"],"picked":"Singing Bowl","floor":22.0},{"not_picked":["DoubleSpark","DeepEcoloBomb","MachineGunSpark"],"picked":"Singing Bowl","floor":23.0},{"not_picked":["DoubleSpark+1","PowerUp"],"picked":"MysteriousBeam+1","floor":27.0},{"not_picked":["Acceleration","OpenUniverse"],"picked":"GrandCross+1","floor":28.0},{"not_picked":["PowerUp","MilkyWay","WitchLeyline+1"],"picked":"Singing Bowl","floor":31.0},{"not_picked":["BigCrunch","EscapeVelocity"],"picked":"FinalSpark+1","floor":33.0},{"not_picked":["ManaConvection","PowerUp"],"picked":"DoubleSpark+1","floor":35.0},{"not_picked":["MachineGunSpark+1","GravityBeat+1","GrandCross+1","DeepEcoloBomb+1"],"picked":"Singing Bowl","floor":37.0},{"not_picked":["DarkMatter","GasGiant+1","PowerUp+1"],"picked":"AsteroidBelt+1","floor":39.0},{"not_picked":["PulseMagic+1","RefractionSpark+1","DoubleSpark+1","IllusionStar+1"],"picked":"Singing Bowl","floor":40},{"not_picked":["WitchOfGreed","ShootingEcho+1","Orbital"],"picked":"DragonMeteor+1","floor":41},{"not_picked":["MilkyWay","GalacticHalo","6A+1"],"picked":"ManaRampage","floor":42},{"not_picked":["SporeBomb","GrandCross+1","EscapeVelocity"],"picked":"DoubleSpark+1","floor":45},{"not_picked":["GalacticHalo+1","OrrerysSun+1","DragonMeteor+1","DeepEcoloBomb+1"],"picked":"Singing Bowl","floor":47},{"not_picked":["MysteriousBeam+1","WitchLeyline+1","LuminesStrike+1","WitchOfGreed"],"picked":"Singing Bowl","floor":48}],"player_experience":116080,"relics_obtained":[{"floor":6.0,"key":"Gremlin Food"},{"floor":6.0,"key":"Happy Flower"},{"floor":8.0,"key":"REME_HourglassOfDeath"},{"floor":9.0,"key":"Oddly Smooth Stone"},{"floor":12.0,"key":"Replay:Arrowhead"},{"floor":14.0,"key":"conspire:Dentures"},{"floor":14.0,"key":"Bird Faced Urn"},{"floor":22.0,"key":"Red Mask"},{"floor":23.0,"key":"Omamori"},{"floor":26.0,"key":"conspire:DeflatedDodgeball"},{"floor":28.0,"key":"Divine Protection"},{"floor":39.0,"key":"AmplifyWand"},{"floor":40,"key":"infinitespire:WardingShard"},{"floor":43,"key":"Replay:Bandana"},{"floor":45,"key":"Gremlin Horn"}],"event_choices":[{"damage_healed":0.0,"max_hp_gain":0.0,"max_hp_loss":0.0,"gold_gain":0.0,"event_name":"Upgrade Shrine","player_choice":"Upgraded","floor":5.0,"gold_loss":0.0,"damage_taken":0.0,"cards_upgraded":["TreasureHunter"]},{"damage_healed":0.0,"max_hp_gain":0.0,"max_hp_loss":0.0,"gold_gain":0.0,"event_name":"conspire:LoneGhost","player_choice":"Argue","floor":10.0,"gold_loss":0.0,"damage_taken":0.0},{"damage_healed":0.0,"max_hp_gain":5.0,"max_hp_loss":0.0,"gold_gain":0.0,"event_name":"Forgotten Altar","player_choice":"Shed Blood","floor":20.0,"gold_loss":0.0,"damage_taken":22.0},{"damage_healed":0.0,"max_hp_gain":0.0,"max_hp_loss":0.0,"gold_gain":0.0,"event_name":"Masked Bandits","player_choice":"Fought Bandits","floor":22.0,"gold_loss":0.0,"damage_taken":0.0},{"damage_healed":0.0,"max_hp_gain":0.0,"max_hp_loss":0.0,"gold_gain":0.0,"event_name":"Beggar","player_choice":"Ignored","floor":29.0,"gold_loss":0.0,"damage_taken":0.0},{"cards_removed":["Flash of Steel"],"damage_healed":0,"gold_gain":0,"player_choice":"Removed Attack","damage_taken":0,"max_hp_gain":0,"max_hp_loss":0,"event_name":"Falling","floor":44,"gold_loss":0},{"cards_removed":["ManaRampage"],"damage_healed":0,"gold_gain":0,"player_choice":"Offered Rare","damage_taken":0,"max_hp_gain":10,"max_hp_loss":0,"event_name":"Bonfire Elementals","floor":46,"gold_loss":0}],"is_beta":false,"boss_relics":[{"not_picked":["Replay:Bronze Core","Velvet Choker"],"picked":"Sozu"},{"not_picked":["SlaversCollar","Pandora\u0027s Box"],"picked":"infinitespire:Cupcake"}],"items_purged_floors":[2,2,2,2,2,2,4,4],"is_endless":false,"potions_floor_spawned":[1,3,6,7,8,8,8,8,13,14,16,16,19,19,23,23,27,27,28,28,31,33,33,35,35,37,39,40,41,41,42,45,47,47,48],"ascension_level":0}}