{"host":"04hh9gplt9wkfmr1","time":1610932082,"event":{"mods":["AchievementEnabler","BaseMod","Colored Map","KOR Keyword Fix","Minty Spire (QoL Compilation)","Rare Cards Sparkle","SuperFastMode"],"gold_per_floor":[112,112,127,137,147,182,182,199,223,258,273,273,77,90,90,188,188,200,299,299,299],"floor_reached":20,"language":"KOR","playtime":535,"items_purged":["Strike_B"],"score":214,"play_id":"aae330f1-f30d-4dc2-9d95-447db6a75cce","local_time":"20210118100802","is_ascension_mode":true,"campfire_choices":[{"floor":7.0,"key":"REST"},{"data":"Zap","floor":12.0,"key":"SMITH"},{"data":"Genetic Algorithm","floor":15.0,"key":"SMITH"}],"circlet_count":0,"master_deck":["Strike_B","Strike_B","Defend_B","Defend_B","Defend_B","Defend_B","Zap+1","Dualcast","Ball Lightning","Self Repair","Tempest","Capacitor","Machine Learning","Genetic Algorithm+1","Leap","Capacitor","Ball Lightning","Genetic Algorithm","Buffer"],"relics":["Cracked Core","TungstenRod","Bottled Lightning","Dream Catcher","MealTicket","Black Star"],"acts_visited":["Exordium","TheCity"],"potions_floor_usage":[],"damage_taken":[{"damage":4.0,"enemies":"2 Louse","floor":1.0,"turns":2.0},{"damage":0.0,"enemies":"Cultist","floor":3.0,"turns":4.0},{"damage":11.0,"enemies":"Jaw Worm","floor":4.0,"turns":4.0},{"damage":8.0,"enemies":"Looter","floor":5.0,"turns":4.0},{"damage":31.0,"enemies":"3 Sentries","floor":6.0,"turns":6.0},{"damage":4.0,"enemies":"Blue Slaver","floor":8.0,"turns":4.0},{"damage":27.0,"enemies":"Gremlin Nob","floor":10.0,"turns":4.0},{"damage":6.0,"enemies":"Large Slime","floor":11.0,"turns":5.0},{"damage":3.0,"enemies":"Exordium Thugs","floor":14.0,"turns":4.0},{"damage":33.0,"enemies":"Slime Boss","floor":16.0,"turns":8.0},{"damage":53.0,"enemies":"3 Byrds","floor":18.0,"turns":6.0},{"damage":29,"enemies":"Spheric Guardian","floor":20,"turns":5}],"seed_played":"-1953999794370104669","potions_obtained":[{"floor":5.0,"key":"LiquidBronze"},{"floor":6.0,"key":"PowerPotion"},{"floor":10.0,"key":"PowerPotion"},{"floor":11.0,"key":"Explosive Potion"},{"floor":14.0,"key":"SteroidPotion"}],"is_trial":false,"path_per_floor":["M","?","M","M","M","E","R","M","T","E","M","R","$","M","R","B",null,"M","?","M"],"character_chosen":"DEFECT","items_purchased":["Capacitor","Ball Lightning"],"campfire_rested":1,"item_purchase_floors":[13,13],"current_hp_per_floor":[50,50,50,46,45,21,43,46,46,26,27,27,42,46,46,13,75,29,29,0,0],"gold":299,"neow_bonus":"ONE_RARE_RELIC","is_daily":false,"chose_seed":false,"campfire_upgraded":2,"win_rate":0.0,"timestamp":1610932082,"path_taken":["M","?","M","M","?","E","R","M","T","E","M","R","$","M","R","BOSS","M","?","M"],"items_purchased_type":["Card","Card"],"build_version":"2020-12-22","purchased_purges":1,"victory":false,"max_hp_per_floor":[75,75,75,75,75,75,75,75,75,75,75,75,75,75,75,75,75,75,75,75,75],"card_choices":[{"not_picked":["Go for the Eyes","Hologram"],"picked":"Ball Lightning","floor":1.0},{"not_picked":["Turbo","Streamline"],"picked":"Self Repair","floor":3.0},{"not_picked":["Streamline","Meteor Strike"],"picked":"Tempest","floor":4.0},{"not_picked":["Ball Lightning","Coolheaded"],"picked":"Capacitor","floor":5.0},{"not_picked":["Tempest","Ball Lightning"],"picked":"Machine Learning","floor":6.0},{"not_picked":["Go for the Eyes","Aggregate"],"picked":"Genetic Algorithm","floor":8.0},{"not_picked":["Steam","Darkness","Go for the Eyes"],"picked":"SKIP","floor":10.0},{"not_picked":["Redo","Reinforced Body"],"picked":"Leap","floor":11.0},{"not_picked":["Hello World","Go for the Eyes"],"picked":"Genetic Algorithm","floor":14.0},{"not_picked":["Hyperbeam","Creative AI"],"picked":"Buffer","floor":16.0},{"not_picked":["Self Repair","Recycle","Conserve Battery"],"picked":"SKIP","floor":18.0}],"player_experience":46947,"relics_obtained":[{"floor":6.0,"key":"Bottled Lightning"},{"floor":9.0,"key":"Dream Catcher"},{"floor":10.0,"key":"MealTicket"}],"event_choices":[{"cards_removed":["Strike_B"],"damage_healed":0.0,"max_hp_gain":0.0,"max_hp_loss":0.0,"gold_gain":0.0,"event_name":"Purifier","player_choice":"Purged","floor":2.0,"gold_loss":0.0,"damage_taken":0.0},{"damage_healed":0.0,"max_hp_gain":0.0,"max_hp_loss":0.0,"gold_gain":99.0,"event_name":"Nest","player_choice":"Stole From Cult","floor":19.0,"gold_loss":0.0,"damage_taken":0.0}],"is_beta":false,"boss_relics":[{"not_picked":["FrozenCore","Nuclear Battery"],"picked":"Black Star"}],"items_purged_floors":[13],"is_endless":false,"potions_floor_spawned":[5,6,10,11,14],"killed_by":"Spheric Guardian","ascension_level":3}}