{"host":"rjfefv2ruvigm2gb","time":1610979804,"event":{"mods":["AchievementEnabler","AlwaysNeverKeys","Arknights The Spire","BaseMod","Card Forge","Curses Come First","Displayed Cursed Tome","Evolution","Fox Events","Gold Saver","Googly Eyes","HexUI Lib","Ironclad Rager","Mad Scientist","Minty Spire (QoL Compilation)","Permanent Neow","Poor People Problems","Quick Restart","Shop Mod","StS++","StSLib","SuperFastMode","The Sage","Virulent Crown"],"gold_per_floor":[865,876,723,723,207,241,241,316,341,341,372,372,372,386,386,488,488,503,503,516,516,535,535,547,572,618,632,731,731,764,764,764,866,866,877,877,877,892,892,892,923,923,923,923,923,923,950,969,969,969,969,969,820,855,855],"floor_reached":56,"language":"ENG","playtime":848,"items_purged":[],"score":2277,"play_id":"2dedac9a-ba90-4295-918d-7420adbeaac5","local_time":"20210118082324","is_ascension_mode":true,"campfire_choices":[{"floor":7.0,"key":"REST"},{"floor":10.0,"key":"REST"},{"floor":15.0,"key":"REST"},{"floor":23.0,"key":"REST"},{"floor":32.0,"key":"REST"},{"floor":40.0,"key":"REST"},{"data":"1","floor":42.0,"key":"LIFT"},{"data":"2","floor":44.0,"key":"LIFT"},{"data":"3","floor":49.0,"key":"LIFT"},{"floor":52.0,"key":"REST"}],"circlet_count":0,"master_deck":["Adrenaline+1","Deadly Poison+1","Adrenaline+1","Catalyst+1","Catalyst+1","Adrenaline+1","Catalyst+1","Adrenaline+1","Catalyst+1","Adrenaline+1","Catalyst+1","Catalyst+1","Catalyst+1","Adrenaline+1","Catalyst+1","Deadly Poison+1","Corpse Explosion+1"],"relics":["Ring of the Snake","Hammer of Thor","Seething Fire","Anvil of the Gods","EVO:Axolotl","Potion Belt","Bag of Marbles","sagemod:Red_Beast_Statue","Happy Flower","PreservedInsect","Toxic Egg 2","Mummified Hand","Sozu","MutagenicStrength","Dream Catcher","StSpp:BrokenTotem","Ornamental Fan","VirulentCrownMod:VirulentCrown","GremlinMask","SacredBark","Girya","Nunchaku","Snake Skull","TwistedFunnel","Anchor"],"acts_visited":["Exordium","TheCity","TheBeyond","TheEnding"],"potions_floor_usage":[],"damage_taken":[{"damage":1.0,"enemies":"Small Slimes","floor":1.0,"turns":4.0},{"damage":0.0,"enemies":"Jaw Worm","floor":2.0,"turns":1.0},{"damage":0.0,"enemies":"Lagavulin","floor":6.0,"turns":1.0},{"damage":0.0,"enemies":"Gremlin Nob","floor":11.0,"turns":1.0},{"damage":0.0,"enemies":"Cultist","floor":14.0,"turns":1.0},{"damage":0.0,"enemies":"Hexaghost","floor":16.0,"turns":1.0},{"damage":0.0,"enemies":"Spheric Guardian","floor":18.0,"turns":1.0},{"damage":0.0,"enemies":"3 Byrds","floor":20.0,"turns":1.0},{"damage":0.0,"enemies":"Centurion and Healer","floor":22.0,"turns":1.0},{"damage":0.0,"enemies":"Snake Plant","floor":24.0,"turns":1.0},{"damage":0.0,"enemies":"Chosen and Byrds","floor":27.0,"turns":1.0},{"damage":0.0,"enemies":"Slavers","floor":30.0,"turns":1.0},{"damage":0.0,"enemies":"Champ","floor":33.0,"turns":1.0},{"damage":0.0,"enemies":"3 Shapes","floor":35.0,"turns":1.0},{"damage":0.0,"enemies":"Orb Walker","floor":38.0,"turns":1.0},{"damage":0.0,"enemies":"Nemesis","floor":41.0,"turns":1.0},{"damage":0.0,"enemies":"Reptomancer","floor":47.0,"turns":1.0},{"damage":0.0,"enemies":"3 Darklings","floor":48.0,"turns":1.0},{"damage":0.0,"enemies":"Donu and Deca","floor":50.0,"turns":1.0},{"damage":0.0,"enemies":"Shield and Spear","floor":54.0,"turns":1.0},{"damage":69,"enemies":"The Heart","floor":55,"turns":3}],"seed_played":"-5752729749751994850","potions_obtained":[{"floor":0.0,"key":"Energy Potion"},{"floor":0.0,"key":"SpeedPotion"},{"floor":0.0,"key":"BlessingOfTheForge"},{"floor":1.0,"key":"SteroidPotion"}],"is_trial":false,"path_per_floor":["M","M","$","?","$","E","R","?","T","R","E","T","$","M","R","B",null,"M","?","M","?","M","R","M","T","T","M","?","?","E","?","R","B",null,"M","?","$","M","$","R","E","R","T","R","?","$","E","M","R","B",null,"R","$","E","B",null],"character_chosen":"THE_SILENT","items_purchased":["Potion Belt","Bag of Marbles","sagemod:Red_Beast_Statue","DuplicationPotion","TwistedFunnel"],"campfire_rested":7,"item_purchase_floors":[3,5,5,5,53],"current_hp_per_floor":[62,62,62,62,62,62,70,59,59,70,70,70,70,70,70,70,70,70,70,70,70,70,70,70,70,70,70,70,70,70,70,70,70,70,70,70,70,70,70,70,70,70,70,70,70,70,70,70,70,70,70,70,70,70,1],"gold":855,"neow_bonus":"THREE_SMALL_POTIONS","is_daily":false,"chose_seed":false,"campfire_upgraded":0,"win_rate":0.0,"timestamp":1610979804,"path_taken":["M","M","$","?","$","E","R","?","T","R","E","?","?","M","R","BOSS","M","?","M","?","?","R","M","?","T","M","?","?","E","?","R","BOSS","M","?","$","?","$","R","E","R","T","R","?","$","E","?","R","BOSS","R","$","E","BOSS"],"items_purchased_type":["Relic","Relic","Relic","Potion","Relic"],"build_version":"2020-12-22","purchased_purges":0,"victory":true,"max_hp_per_floor":[70,70,70,70,70,70,70,70,70,70,70,70,70,70,70,70,70,70,70,70,70,70,70,70,70,70,70,70,70,70,70,70,70,70,70,70,70,70,70,70,70,70,70,70,70,70,70,70,70,70,70,70,70,70,70],"card_choices":[{"not_picked":["Acrobatics","Well Laid Plans","Blade Dance"],"picked":"SKIP","floor":1.0},{"not_picked":["All Out Attack","Sucker Punch","Blur"],"picked":"SKIP","floor":2.0},{"not_picked":["Prepared","Die Die Die","Bane"],"picked":"SKIP","floor":6.0},{"not_picked":["Masterful Stab","Predator","Quick Slash"],"picked":"SKIP","floor":11.0},{"not_picked":["Bane","Escape Plan+1","Catalyst+1"],"picked":"SKIP","floor":14.0},{"not_picked":["Sucker Punch","StSpp:ChainedTrap+1"],"picked":"Deadly Poison+1","floor":18.0},{"not_picked":["Poisoned Stab","Masterful Stab","StSpp:StrikeFirst"],"picked":"SKIP","floor":20.0},{"not_picked":["Dagger Throw+1","Well Laid Plans","Cloak And Dagger+1"],"picked":"SKIP","floor":22.0},{"not_picked":["StSpp:CorrosivePoison+1","Dagger Spray+1","Catalyst+1"],"picked":"SKIP","floor":24.0},{"not_picked":["Terror+1","Poisoned Stab","Prepared+1"],"picked":"SKIP","floor":27.0},{"not_picked":["Cloak And Dagger+1","StSpp:Throw+1","Setup+1"],"picked":"SKIP","floor":30.0},{"not_picked":["StSpp:Dive+1","Dash+1","StSpp:CorrosivePoison+1"],"picked":"SKIP","floor":35.0},{"not_picked":["Backflip+1","Sucker Punch","Eviscerate"],"picked":"SKIP","floor":38.0},{"not_picked":["Backflip+1","Unload","Masterful Stab"],"picked":"SKIP","floor":41.0},{"not_picked":["Blade Dance+1","Bane","Prepared+1"],"picked":"SKIP","floor":47.0},{"not_picked":["StSpp:StrikeFirst+1","Deadly Poison+1","Dagger Throw"],"picked":"SKIP","floor":48.0},{"not_picked":["StSpp:CorrosivePoison+1","Riddle With Holes+1","StSpp:Dive+1"],"picked":"SKIP","floor":54.0}],"player_experience":996086,"relics_obtained":[{"floor":6.0,"key":"Happy Flower"},{"floor":9.0,"key":"PreservedInsect"},{"floor":11.0,"key":"Toxic Egg 2"},{"floor":12.0,"key":"Mummified Hand"},{"floor":25.0,"key":"Dream Catcher"},{"floor":26.0,"key":"StSpp:BrokenTotem"},{"floor":30.0,"key":"VirulentCrownMod:VirulentCrown"},{"floor":41.0,"key":"Girya"},{"floor":43.0,"key":"Nunchaku"},{"floor":47.0,"key":"Snake Skull"},{"floor":54.0,"key":"Anchor"}],"event_choices":[{"cards_removed":["Catalyst"],"damage_healed":0.0,"max_hp_gain":0.0,"max_hp_loss":0.0,"gold_gain":0.0,"event_name":"Living Wall","player_choice":"Forget","floor":4.0,"gold_loss":0.0,"damage_taken":0.0},{"damage_healed":0.0,"max_hp_gain":0.0,"max_hp_loss":0.0,"gold_gain":75.0,"event_name":"World of Goop","player_choice":"Gather Gold","floor":8.0,"gold_loss":0.0,"damage_taken":11.0},{"damage_healed":0.0,"max_hp_gain":0.0,"max_hp_loss":0.0,"gold_gain":0.0,"event_name":"Drug Dealer","player_choice":"Inject Mutagens","floor":19.0,"gold_loss":0.0,"damage_taken":0.0,"relics_obtained":["MutagenicStrength"]},{"damage_healed":0.0,"max_hp_gain":0.0,"max_hp_loss":0.0,"gold_gain":0.0,"event_name":"Upgrade Shrine","player_choice":"Ignored","floor":21.0,"gold_loss":0.0,"damage_taken":0.0},{"damage_healed":0.0,"max_hp_gain":0.0,"max_hp_loss":0.0,"gold_gain":99.0,"event_name":"Nest","player_choice":"Stole From Cult","floor":28.0,"gold_loss":0.0,"damage_taken":0.0},{"damage_healed":0.0,"max_hp_gain":0.0,"max_hp_loss":0.0,"gold_gain":0.0,"event_name":"The Mausoleum","player_choice":"Opened","floor":29.0,"gold_loss":0.0,"damage_taken":0.0,"relics_obtained":["Ornamental Fan"]},{"damage_healed":0.0,"max_hp_gain":0.0,"max_hp_loss":0.0,"gold_gain":0.0,"event_name":"FaceTrader","player_choice":"Trade","floor":31.0,"gold_loss":0.0,"damage_taken":0.0,"relics_obtained":["GremlinMask"]},{"damage_healed":0.0,"max_hp_gain":0.0,"max_hp_loss":0.0,"gold_gain":0.0,"event_name":"Purifier","player_choice":"Ignored","floor":36.0,"gold_loss":0.0,"damage_taken":0.0},{"damage_healed":0.0,"max_hp_gain":0.0,"max_hp_loss":0.0,"gold_gain":0.0,"event_name":"Accursed Blacksmith","player_choice":"Ignored","floor":45.0,"gold_loss":0.0,"damage_taken":0.0}],"is_beta":false,"boss_relics":[{"not_picked":["WristBlade","Calling Bell"],"picked":"Sozu"},{"not_picked":["Velvet Choker","StSpp:Balance"],"picked":"SacredBark"}],"items_purged_floors":[],"is_endless":false,"potions_floor_spawned":[1,14,18,22,27,35,47,54],"ascension_level":9}}