{"host":"b995t17pt6d05w8c","time":1610986734,"event":{"mods":["AchievementEnabler","BaseMod","Colored Map","DeckTracker","Keyboard Shortcuts","Minty Spire (QoL Compilation)","Permanent Neow","SuperFastMode"],"gold_per_floor":[216,82,82,82,98,98,98,123,146,163,163,180,180,193,193,264,264,282,282,282,353,323,353,353,385,385,401,401,136,136,11,11,85,85,95,150,0,0,0,0,0,0],"floor_reached":41,"language":"KOR","playtime":1146,"items_purged":["Strike_G","Strike_G+1","Defend_G+1","Strike_G+1"],"score":899,"play_id":"0eb992a9-ccdb-473b-9d8f-872d5958306f","local_time":"20210119011854","is_ascension_mode":true,"campfire_choices":[{"data":"Masterful Stab","floor":6.0,"key":"SMITH"},{"floor":11.0,"key":"REST"},{"data":"Poisoned Stab","floor":15.0,"key":"SMITH"},{"floor":24.0,"key":"REST"},{"data":"Neutralize","floor":30.0,"key":"SMITH"},{"data":"Acrobatics","floor":32.0,"key":"SMITH"},{"floor":40,"key":"REST"}],"circlet_count":0,"master_deck":["AscendersBane","Defend_G+1","Defend_G+1","Survivor","Neutralize+1","Tactician+1","Dagger Throw","Masterful Stab+1","Dagger Spray","Catalyst","Leg Sweep","Poisoned Stab+1","Backflip","Footwork","Escape Plan","Acrobatics+1","Adrenaline","Acrobatics"],"relics":["Ring of the Snake","White Beast Statue","Bag of Preparation","Art of War","CultistMask","Sozu","Kunai","Singing Bowl","Tough Bandages","Sundial","TheAbacus","Empty Cage","Turnip"],"acts_visited":["TheCity","TheBeyond"],"potions_floor_usage":[],"damage_taken":[{"damage":1.0,"enemies":"Small Slimes","floor":1.0,"turns":4.0},{"damage":0.0,"enemies":"Jaw Worm","floor":5.0,"turns":3.0},{"damage":34.0,"enemies":"3 Sentries","floor":8.0,"turns":11.0},{"damage":0.0,"enemies":"Cultist","floor":10.0,"turns":3.0},{"damage":0.0,"enemies":"2 Fungi Beasts","floor":12.0,"turns":2.0},{"damage":0.0,"enemies":"3 Louse","floor":14.0,"turns":2.0},{"damage":23.0,"enemies":"The Guardian","floor":16.0,"turns":14.0},{"damage":13.0,"enemies":"Shell Parasite","floor":18.0,"turns":7.0},{"damage":8.0,"enemies":"2 Thieves","floor":22.0,"turns":4.0},{"damage":19.0,"enemies":"Slavers","floor":23.0,"turns":11.0},{"damage":0.0,"enemies":"Gremlin Leader","floor":25.0,"turns":6.0},{"damage":0.0,"enemies":"Snecko","floor":27.0,"turns":6.0},{"damage":31,"enemies":"Collector","floor":33,"turns":21},{"damage":0,"enemies":"Orb Walker","floor":35,"turns":3},{"damage":32,"enemies":"2 Orb Walkers","floor":36,"turns":7},{"damage":41,"enemies":"Nemesis","floor":41,"turns":3}],"seed_played":"1376379505743485353","potions_obtained":[{"floor":1.0,"key":"Poison Potion"},{"floor":8.0,"key":"DuplicationPotion"},{"floor":10.0,"key":"Weak Potion"},{"floor":14.0,"key":"Regen Potion"},{"floor":16.0,"key":"PowerPotion"}],"is_trial":false,"path_per_floor":["M","$","?","?","M","R","?","E","T","M","R","M","?","M","R","B",null,"M","?","?","T","M","E","R","E","T","M","?","$","R","$","R","B",null,"M","?","$","?","?","R","E"],"character_chosen":"THE_SILENT","items_purchased":["Dagger Throw","TheAbacus"],"campfire_rested":3,"item_purchase_floors":[2,29],"current_hp_per_floor":[58,58,51,51,51,51,40,6,6,6,25,25,25,25,25,17,54,41,41,41,41,33,14,33,35,35,35,35,35,35,35,35,4,52,54,22,22,22,22,41,0,0],"gold":0,"neow_bonus":"HUNDRED_GOLD","is_daily":false,"chose_seed":false,"campfire_upgraded":4,"win_rate":0.0,"timestamp":1610986734,"path_taken":["M","$","?","?","?","R","?","E","T","M","R","M","?","?","R","BOSS","M","?","?","?","?","E","R","E","T","M","?","$","R","$","R","BOSS","M","?","?","?","?","R","E"],"items_purchased_type":["Card","Relic"],"build_version":"2020-12-22","purchased_purges":4,"victory":false,"max_hp_per_floor":[66,66,66,66,66,66,66,66,66,66,66,66,66,66,66,66,66,66,66,66,66,66,66,66,68,68,68,68,68,68,68,68,68,68,70,70,70,70,66,66,66,66],"card_choices":[{"not_picked":["Accuracy","Masterful Stab"],"picked":"Tactician","floor":1.0},{"not_picked":["Blade Dance","Terror"],"picked":"Masterful Stab","floor":5.0},{"not_picked":["PiercingWail","Deflect"],"picked":"Dagger Spray","floor":8.0},{"not_picked":["Underhanded Strike","Concentrate"],"picked":"Catalyst","floor":10.0},{"not_picked":["Bane","Slice"],"picked":"Leg Sweep","floor":12.0},{"not_picked":["Underhanded Strike","Accuracy"],"picked":"Poisoned Stab","floor":14.0},{"not_picked":["Underhanded Strike","Reflex"],"picked":"Backflip","floor":18.0},{"not_picked":["Skewer","Endless Agony","Underhanded Strike"],"picked":"SKIP","floor":22.0},{"not_picked":["Endless Agony","Quick Slash+1"],"picked":"Escape Plan","floor":23.0},{"not_picked":["Tactician+1","Burst","Poisoned Stab"],"picked":"Singing Bowl","floor":25.0},{"not_picked":["Sucker Punch","Dagger Spray"],"picked":"Acrobatics","floor":27.0},{"not_picked":["Glass Knife","After Image"],"picked":"Adrenaline","floor":33},{"not_picked":["Bane+1","Backflip+1","Dagger Throw"],"picked":"Singing Bowl","floor":35},{"not_picked":["Choke","Well Laid Plans"],"picked":"Acrobatics","floor":36}],"player_experience":148581,"relics_obtained":[{"floor":8.0,"key":"Bag of Preparation"},{"floor":9.0,"key":"Art of War"},{"floor":21.0,"key":"Kunai"},{"floor":23.0,"key":"Singing Bowl"},{"floor":25.0,"key":"Tough Bandages"},{"floor":26.0,"key":"Sundial"},{"floor":36,"key":"Turnip"}],"event_choices":[{"cards_removed":["Defend_G"],"damage_healed":0.0,"max_hp_gain":0.0,"max_hp_loss":0.0,"gold_gain":0.0,"event_name":"Golden Wing","player_choice":"Card Removal","floor":3.0,"gold_loss":0.0,"damage_taken":7.0},{"damage_healed":0.0,"max_hp_gain":0.0,"max_hp_loss":0.0,"gold_gain":0.0,"event_name":"Accursed Blacksmith","player_choice":"Forge","floor":4.0,"gold_loss":0.0,"damage_taken":0.0,"cards_upgraded":["Tactician"]},{"damage_healed":0.0,"max_hp_gain":0.0,"max_hp_loss":0.0,"gold_gain":0.0,"event_name":"Scrap Ooze","player_choice":"Success","floor":7.0,"gold_loss":0.0,"damage_taken":11.0,"relics_obtained":["White Beast Statue"]},{"damage_healed":0.0,"max_hp_gain":0.0,"max_hp_loss":0.0,"gold_gain":0.0,"event_name":"FaceTrader","player_choice":"Trade","floor":13.0,"gold_loss":0.0,"damage_taken":0.0,"relics_obtained":["CultistMask"]},{"damage_healed":0.0,"max_hp_gain":0.0,"max_hp_loss":0.0,"gold_gain":0.0,"event_name":"Back to Basics","player_choice":"Simplicity","floor":19.0,"gold_loss":0.0,"damage_taken":0.0,"cards_upgraded":["Strike_G","Strike_G","Strike_G","Strike_G","Defend_G","Defend_G","Defend_G","Defend_G"]},{"damage_healed":0.0,"max_hp_gain":0.0,"max_hp_loss":0.0,"gold_gain":0.0,"event_name":"The Library","player_choice":"Read","floor":20.0,"gold_loss":0.0,"damage_taken":0.0,"cards_obtained":["Footwork"]},{"damage_healed":0.0,"max_hp_gain":0.0,"max_hp_loss":0.0,"gold_gain":0.0,"event_name":"The Mausoleum","player_choice":"Ignored","floor":28.0,"gold_loss":0.0,"damage_taken":0.0},{"damage_healed":0,"gold_gain":0,"player_choice":"Fight","damage_taken":0,"max_hp_gain":0,"max_hp_loss":0,"event_name":"Mysterious Sphere","floor":36,"gold_loss":0},{"cards_removed":["Strike_G"],"damage_healed":0,"gold_gain":0,"player_choice":"Removed Attack","damage_taken":0,"max_hp_gain":0,"max_hp_loss":0,"event_name":"Falling","floor":38,"gold_loss":0},{"damage_healed":0,"gold_gain":0,"player_choice":"Max HP","damage_taken":0,"max_hp_gain":0,"max_hp_loss":4,"event_name":"Winding Halls","floor":39,"gold_loss":0}],"is_beta":false,"boss_relics":[{"not_picked":["WristBlade","Fusion Hammer"],"picked":"Sozu"},{"not_picked":["Coffee Dripper","Snecko Eye"],"picked":"Empty Cage"}],"items_purged_floors":[2,29,31,37],"is_endless":false,"potions_floor_spawned":[1,8,10,12,14,16,18,22,23,25,27,33,35,36],"killed_by":"Nemesis","ascension_level":19}}