{"host":"8a3jzv7qxg3y7b6t","time":1610946253,"event":{"mods":["BaseMod","Better Third Choice","Downfall","Hermit","Minty Spire (QoL Compilation)","Relic Stats","StSLib","The Bug Knight","The Cursed"],"gold_per_floor":[114,37,0,0,17,17,43,58,83,102,102,120,120,135,135,231,231,247,247,259,277,296,296,296],"floor_reached":23,"language":"ENG","playtime":1167,"items_purged":[],"score":205,"play_id":"debc2919-cbc1-404a-ba52-9b7d2c7e96c3","local_time":"20210117210413","is_ascension_mode":true,"campfire_choices":[{"floor":6,"key":"RECALL"},{"floor":13,"key":"REST"},{"floor":15,"key":"REST"}],"circlet_count":0,"master_deck":["HollowMod:NailStrikeStart","HollowMod:NailStrikeStart","HollowMod:NailStrikeStart","HollowMod:NailStrikeStart","HollowMod:QuickDashStart","HollowMod:QuickDashStart","HollowMod:QuickDashStart","HollowMod:QuickDashStart","HollowMod:FocusHealStart","HollowMod:PogoStrike","HollowMod:DesolateDive","Enlightenment+1","HollowMod:CloakDash","HollowMod:Weaversong","HollowMod:SoulStrike","HollowMod:FallenFury","HollowMod:MantisMark","HollowMod:HuntersJournal","HollowMod:SoulSplash","HollowMod:HornetsHelp","HollowMod:DesolateDive","HollowMod:CloakDash"],"relics":["Philosopher\u0027s Stone","Akabeko","GremlinMask","SlaversCollar"],"acts_visited":["Exordium","TheCity"],"potions_floor_usage":[7,16,16,21,22,23],"damage_taken":[{"damage":3.0,"enemies":"2 Louse","floor":1.0,"turns":2.0},{"damage":2,"enemies":"Cultist","floor":5,"turns":4},{"damage":20,"enemies":"Lagavulin","floor":7,"turns":7},{"damage":0,"enemies":"Jaw Worm","floor":8,"turns":2},{"damage":11,"enemies":"Looter","floor":10,"turns":2},{"damage":20,"enemies":"Gremlin Gang","floor":12,"turns":3},{"damage":3,"enemies":"Large Slime","floor":14,"turns":4},{"damage":39,"enemies":"Hexaghost","floor":16,"turns":9},{"damage":11,"enemies":"Spheric Guardian","floor":18,"turns":4},{"damage":24,"enemies":"2 Thieves","floor":20,"turns":4},{"damage":9,"enemies":"Cultist and Chosen","floor":21,"turns":5},{"damage":19,"enemies":"Snecko","floor":22,"turns":6},{"damage":16,"enemies":"Slavers","floor":23,"turns":3}],"seed_played":"2940821159678031837","potions_obtained":[{"floor":5,"key":"Guardian:BlockOnCardUsePotion"},{"floor":7,"key":"Strength Potion"},{"floor":12,"key":"SteroidPotion"},{"floor":14,"key":"CultistPotion"},{"floor":18,"key":"DistilledChaos"},{"floor":21,"key":"Ancient Potion"},{"floor":22,"key":"bronze:BurnAndBuffPotion"}],"is_trial":false,"path_per_floor":["M","$","?","?","M","R","E","M","T","M","?","M","R","M","R","B",null,"M","?","M","M","M","E"],"character_chosen":"THE_BUGKNIGHT","items_purchased":["HollowMod:DesolateDive"],"campfire_rested":2,"item_purchase_floors":[2],"current_hp_per_floor":[72,72,78,78,76,76,56,56,56,45,45,25,49,46,70,31,81,70,70,46,37,18,2,2],"gold":296,"neow_bonus":"BOSS_RELIC","is_daily":false,"chose_seed":false,"campfire_upgraded":0,"win_rate":0.0,"timestamp":1610946253,"path_taken":["M","$","?","?","M","R","E","M","T","?","?","M","R","?","R","BOSS","M","?","M","M","M","E"],"items_purchased_type":["Card"],"build_version":"2020-12-22","purchased_purges":0,"victory":false,"max_hp_per_floor":[75,75,81,81,81,81,81,81,81,81,81,81,81,81,81,81,81,81,81,81,81,81,81,81],"relic_stats":{"counters":[13,55],"obtain_stats":[{"SlaversCollar":17,"HollowMod:VesselMask":0,"Philosopher\u0027s Stone":0,"GremlinMask":11,"Akabeko":7},{"SlaversCollar":8,"HollowMod:VesselMask":0,"Philosopher\u0027s Stone":0,"GremlinMask":5,"Akabeko":3},{"SlaversCollar":33,"HollowMod:VesselMask":0,"Philosopher\u0027s Stone":0,"GremlinMask":17,"Akabeko":13}]},"card_choices":[{"not_picked":["HollowMod:CloakDash","HollowMod:NewJinnsSoul","HollowMod:SharpenedShadows"],"picked":"SKIP","floor":1.0},{"not_picked":["HollowMod:PerfectDash","HollowMod:CycloneSlash"],"picked":"HollowMod:SoulStrike","floor":5},{"not_picked":["HollowMod:BlackTendrils","HollowMod:MawleksShell"],"picked":"HollowMod:FallenFury","floor":7},{"not_picked":["HollowMod:InfectedAttack","HollowMod:InfectedCysts"],"picked":"HollowMod:MantisMark","floor":8},{"not_picked":["HollowMod:WraithStrike","HollowMod:SharpenedNail"],"picked":"HollowMod:HuntersJournal","floor":10},{"not_picked":["HollowMod:LuriensSpire","HollowMod:BrokenVessel","HollowMod:MothsMistake"],"picked":"SKIP","floor":12},{"not_picked":["HollowMod:InfectedAttack","HollowMod:LuriensSpire"],"picked":"HollowMod:SoulSplash","floor":14},{"not_picked":["HollowMod:LifebloodCore","HollowMod:VoidDash"],"picked":"HollowMod:HornetsHelp","floor":16},{"not_picked":["HollowMod:SiblingsSouls","HollowMod:SoulSplash"],"picked":"HollowMod:DesolateDive","floor":18},{"not_picked":["HollowMod:ChannelNail","HollowMod:BlackTendrils","HollowMod:SoulSplash+1"],"picked":"SKIP","floor":20},{"not_picked":["HollowMod:CornifersMapStart","HollowMod:ShadowDash+1","HollowMod:TaintedHusks"],"picked":"SKIP","floor":21},{"not_picked":["HollowMod:HowlingWraiths","HollowMod:CornifersMapStart"],"picked":"HollowMod:CloakDash","floor":22}],"player_experience":605241,"relics_obtained":[{"floor":7,"key":"Akabeko"}],"event_choices":[{"damage_healed":0.0,"max_hp_gain":0.0,"max_hp_loss":0.0,"gold_gain":0.0,"event_name":"betterThird:BetterSerpent","player_choice":"RENOUNCE","floor":3.0,"gold_loss":37.0,"damage_taken":37.0,"cards_obtained":["Enlightenment"]},{"damage_healed":0.0,"max_hp_gain":0.0,"max_hp_loss":0.0,"gold_gain":0.0,"event_name":"Match and Keep!","player_choice":"2 cards matched","floor":4.0,"gold_loss":0.0,"damage_taken":0.0,"cards_obtained":["HollowMod:CloakDash","HollowMod:Weaversong"]},{"damage_healed":0,"gold_gain":0,"player_choice":"Trade","damage_taken":0,"relics_obtained":["GremlinMask"],"max_hp_gain":0,"max_hp_loss":0,"event_name":"FaceTrader","floor":11,"gold_loss":0},{"damage_healed":0,"gold_gain":0,"player_choice":"Serpent","damage_taken":0,"max_hp_gain":0,"max_hp_loss":0,"event_name":"BanditSerpent","floor":19,"gold_loss":0}],"is_beta":false,"boss_relics":[{"not_picked":["Tiny House","Runic Dome"],"picked":"SlaversCollar"}],"items_purged_floors":[],"is_endless":false,"potions_floor_spawned":[5,7,12,14,18,21,22],"killed_by":"Slavers","ascension_level":1}}