{"host":"b995t17pt6d05w8c","time":1610999405,"event":{"mods":["AchievementEnabler","BaseMod","Colored Map","DeckTracker","Keyboard Shortcuts","Minty Spire (QoL Compilation)","Permanent Neow","SuperFastMode"],"gold_per_floor":[119,119,130,130,143,173,193,210,210,228,228,60,60,77,77,152,152,172,262,279,279,204,204,221,256,282,296,342,61,61,61,61,61,61],"floor_reached":33,"language":"KOR","playtime":786,"items_purged":["Strike_G"],"score":530,"play_id":"b615c237-ba21-4455-b2ef-17ecccc824b1","local_time":"20210119045005","is_ascension_mode":true,"campfire_choices":[{"data":"Neutralize","floor":13.0,"key":"SMITH"},{"data":"Riddle With Holes","floor":15.0,"key":"SMITH"},{"floor":23.0,"key":"REST"},{"data":"Blade Dance","floor":30.0,"key":"SMITH"},{"data":"Crippling Poison","floor":32.0,"key":"SMITH"}],"circlet_count":0,"master_deck":["AscendersBane","Strike_G","Strike_G","Strike_G","Defend_G","Defend_G","Defend_G","Defend_G","Survivor","Neutralize+1","Riddle With Holes+1","Crippling Poison+1","Footwork","Terror","Blur","Quick Slash","Backflip","Die Die Die","Acrobatics","Blade Dance+1"],"relics":["Ring of the Snake","PreservedInsect","Mercury Hourglass","Odd Mushroom","Kunai","Lee\u0027s Waffle","WristBlade","Centennial Puzzle","Toy Ornithopter","Eternal Feather"],"acts_visited":["Exordium","TheCity"],"potions_floor_usage":[],"damage_taken":[{"damage":16.0,"enemies":"Jaw Worm","floor":1.0,"turns":9.0},{"damage":1.0,"enemies":"Cultist","floor":3.0,"turns":4.0},{"damage":1.0,"enemies":"2 Louse","floor":5.0,"turns":3.0},{"damage":14.0,"enemies":"Gremlin Nob","floor":6.0,"turns":4.0},{"damage":9.0,"enemies":"The Mushroom Lair","floor":7.0,"turns":4.0},{"damage":2.0,"enemies":"Large Slime","floor":8.0,"turns":7.0},{"damage":1.0,"enemies":"2 Fungi Beasts","floor":10.0,"turns":4.0},{"damage":1.0,"enemies":"Blue Slaver","floor":14.0,"turns":4.0},{"damage":60.0,"enemies":"Slime Boss","floor":16.0,"turns":13.0},{"damage":0.0,"enemies":"3 Byrds","floor":18.0,"turns":4.0},{"damage":18.0,"enemies":"Spheric Guardian","floor":20.0,"turns":4.0},{"damage":9.0,"enemies":"Centurion and Healer","floor":24.0,"turns":8.0},{"damage":26.0,"enemies":"Gremlin Leader","floor":25.0,"turns":5.0},{"damage":10.0,"enemies":"Snecko","floor":27.0,"turns":4.0},{"damage":46,"enemies":"Automaton","floor":33,"turns":6}],"seed_played":"3027696227254829373","potions_obtained":[{"floor":5.0,"key":"Ancient Potion"},{"floor":8.0,"key":"SneckoOil"},{"floor":16.0,"key":"Regen Potion"},{"floor":20.0,"key":"Dexterity Potion"}],"is_trial":false,"path_per_floor":["M","?","M","?","M","E","?","M","T","M","?","$","R","M","R","B",null,"M","?","M","?","$","R","M","E","T","M","T","$","R","?","R","B"],"character_chosen":"THE_SILENT","items_purchased":["Lee\u0027s Waffle","Eternal Feather"],"campfire_rested":1,"item_purchase_floors":[12,29],"current_hp_per_floor":[43,43,42,42,41,27,18,16,16,15,15,73,73,72,72,12,58,58,46,28,24,24,45,51,25,25,15,15,15,27,27,39,0,0],"gold":61,"neow_bonus":"RANDOM_COMMON_RELIC","is_daily":false,"chose_seed":false,"campfire_upgraded":4,"win_rate":0.0,"timestamp":1610999405,"path_taken":["M","?","?","?","M","E","?","M","T","M","?","$","R","M","R","BOSS","M","?","?","?","$","R","?","E","T","M","?","$","R","?","R","BOSS"],"items_purchased_type":["Relic","Relic"],"build_version":"2020-12-22","purchased_purges":1,"victory":false,"max_hp_per_floor":[66,66,66,66,66,66,66,66,66,66,66,73,73,73,73,73,73,73,73,73,73,73,73,73,73,73,73,73,73,73,73,73,73,73],"card_choices":[{"not_picked":["Dodge and Roll","Flying Knee"],"picked":"Riddle With Holes","floor":1.0},{"not_picked":["Flying Knee","Bouncing Flask"],"picked":"Footwork","floor":3.0},{"not_picked":["All Out Attack","Acrobatics"],"picked":"Terror","floor":5.0},{"not_picked":["Deflect","Poisoned Stab"],"picked":"Blur","floor":6.0},{"not_picked":["Endless Agony","Distraction","Dodge and Roll"],"picked":"SKIP","floor":8.0},{"not_picked":["Flechettes","Deadly Poison"],"picked":"Quick Slash","floor":10.0},{"not_picked":["Eviscerate","Finisher"],"picked":"Backflip","floor":14.0},{"not_picked":["After Image","Doppelganger"],"picked":"Die Die Die","floor":16.0},{"not_picked":["Well Laid Plans","Deflect"],"picked":"Acrobatics","floor":18.0},{"not_picked":["Backstab","Noxious Fumes"],"picked":"Blade Dance","floor":20.0},{"not_picked":["Underhanded Strike","Deflect","Outmaneuver"],"picked":"SKIP","floor":24.0},{"not_picked":["Tools of the Trade","All Out Attack","Flying Knee"],"picked":"SKIP","floor":25.0},{"not_picked":["Tools of the Trade","All Out Attack","Flying Knee"],"picked":"SKIP","floor":25.0},{"not_picked":["Quick Slash+1","Outmaneuver","Expertise"],"picked":"SKIP","floor":27.0}],"player_experience":156747,"relics_obtained":[{"floor":6.0,"key":"Mercury Hourglass"},{"floor":7.0,"key":"Odd Mushroom"},{"floor":9.0,"key":"Kunai"},{"floor":26.0,"key":"Centennial Puzzle"},{"floor":28.0,"key":"Toy Ornithopter"}],"event_choices":[{"damage_healed":0.0,"max_hp_gain":0.0,"max_hp_loss":0.0,"gold_gain":0.0,"cards_transformed":["Strike_G"],"event_name":"Transmorgrifier","player_choice":"Transformed","floor":2.0,"gold_loss":0.0,"damage_taken":0.0,"cards_obtained":["Crippling Poison"]},{"damage_healed":0.0,"max_hp_gain":0.0,"max_hp_loss":0.0,"gold_gain":0.0,"event_name":"Liars Game","player_choice":"Ignored","floor":4.0,"gold_loss":0.0,"damage_taken":0.0},{"damage_healed":0.0,"max_hp_gain":0.0,"max_hp_loss":0.0,"gold_gain":0.0,"event_name":"Mushrooms","player_choice":"Fought Mushrooms","floor":7.0,"gold_loss":0.0,"damage_taken":0.0},{"damage_healed":0.0,"max_hp_gain":0.0,"max_hp_loss":0.0,"gold_gain":0.0,"event_name":"Dead Adventurer","player_choice":"Searched \u00271\u0027 times","floor":11.0,"gold_loss":0.0,"damage_taken":0.0},{"damage_healed":0.0,"max_hp_gain":0.0,"max_hp_loss":0.0,"gold_gain":90.0,"event_name":"Knowing Skull","player_choice":"GOLD ","floor":19.0,"potions_obtained":[],"gold_loss":0.0,"damage_taken":12.0,"cards_obtained":[]},{"damage_healed":0.0,"max_hp_gain":0.0,"max_hp_loss":0.0,"gold_gain":0.0,"event_name":"The Woman in Blue","player_choice":"Bought 0 Potions","floor":21.0,"gold_loss":0.0,"damage_taken":0.0},{"cards_removed":["Defend_G"],"damage_healed":0.0,"max_hp_gain":0.0,"max_hp_loss":0.0,"gold_gain":0.0,"event_name":"Purifier","player_choice":"Purged","floor":31.0,"gold_loss":0.0,"damage_taken":0.0}],"is_beta":false,"boss_relics":[{"not_picked":["Tiny House","SacredBark"],"picked":"WristBlade"}],"items_purged_floors":[22],"is_endless":false,"potions_floor_spawned":[5,8,16,20],"killed_by":"Automaton","ascension_level":20}}