{"host":"8rqsnaeml9gxb0kp","time":1610954595,"event":{"mods":["AchievementEnabler","BaseMod","Dark Map","Minty Spire (QoL Compilation)","StSLib"],"gold_per_floor":[117,136,152,172,35,65,65,75,75,109,284,16,43,58,58,161,161,172,205,38,38,49,49,49,49],"floor_reached":24,"language":"ENG","playtime":1226,"items_purged":["Doubt"],"score":295,"play_id":"b6a065b0-9c4f-4860-b1cc-62e44fe156d7","local_time":"20210117232315","is_ascension_mode":true,"campfire_choices":[{"floor":7,"key":"REST"},{"data":"Cleave","floor":15,"key":"SMITH"},{"data":"Armaments","floor":23,"key":"SMITH"}],"circlet_count":0,"master_deck":["Strike_R","Strike_R","Strike_R","Strike_R","Strike_R","Defend_R","Defend_R","Defend_R","Bash","Headbutt","Wild Strike","Iron Wave","Pommel Strike","Cleave","Bandage Up","Cleave+1","Twin Strike","Clothesline","Pummel","Ghostly Armor","Wild Strike","Reaper","Headbutt+1","Armaments+1","HandOfGreed","Shame","Heavy Blade"],"relics":["Black Blood","Darkstone Periapt","Eternal Feather","Smiling Mask","Strawberry","Meat on the Bone","Red Mask","Centennial Puzzle"],"acts_visited":["Exordium","TheCity"],"potions_floor_usage":[10,19,24],"damage_taken":[{"damage":4,"enemies":"Small Slimes","floor":1,"turns":4},{"damage":23,"enemies":"Jaw Worm","floor":2,"turns":5},{"damage":8,"enemies":"2 Louse","floor":3,"turns":3},{"damage":12,"enemies":"Looter","floor":4,"turns":3},{"damage":35,"enemies":"Lagavulin","floor":6,"turns":6},{"damage":7,"enemies":"2 Fungi Beasts","floor":8,"turns":2},{"damage":10,"enemies":"3 Sentries","floor":10,"turns":4},{"damage":30,"enemies":"Lagavulin","floor":13,"turns":6},{"damage":13,"enemies":"Red Slaver","floor":14,"turns":3},{"damage":28,"enemies":"Slime Boss","floor":16,"turns":7},{"damage":44,"enemies":"3 Byrds","floor":18,"turns":6},{"damage":29,"enemies":"Masked Bandits","floor":19,"turns":4},{"damage":67,"enemies":"Shell Parasite","floor":22,"turns":9},{"damage":67,"enemies":"Slavers","floor":24,"turns":3}],"seed_played":"8878757709574145605","potions_obtained":[{"floor":1,"key":"GamblersBrew"},{"floor":2,"key":"Ancient Potion"},{"floor":6,"key":"Explosive Potion"},{"floor":10,"key":"Block Potion"},{"floor":19,"key":"Strength Potion"}],"is_trial":false,"path_per_floor":["M","M","M","M","$","E","R","M","T","E","?","$","E","M","R","B",null,"M","?","$","?","M","R","E"],"character_chosen":"IRONCLAD","items_purchased":["Cleave","Bandage Up","Strawberry","Pummel","HandOfGreed"],"campfire_rested":1,"item_purchase_floors":[5,5,12,12,20],"current_hp_per_floor":[80,63,61,55,55,30,54,53,53,53,59,66,46,51,63,57,84,68,60,60,66,27,42,0,0],"gold":49,"neow_bonus":"REMOVE_CARD","is_daily":false,"chose_seed":false,"campfire_upgraded":2,"win_rate":0.0,"timestamp":1610954595,"path_taken":["M","M","M","M","$","E","R","M","T","E","?","$","E","M","R","BOSS","M","?","$","?","M","R","E"],"items_purchased_type":["Card","Card","Relic","Card","Card"],"build_version":"2020-12-22","purchased_purges":1,"victory":false,"max_hp_per_floor":[80,80,80,80,80,80,80,80,80,80,86,93,93,93,93,93,93,93,93,93,99,99,99,99,99],"card_choices":[{"not_picked":["Sentinel","Flex"],"picked":"Headbutt","floor":1},{"not_picked":["Shrug It Off","Burning Pact"],"picked":"Wild Strike","floor":2},{"not_picked":["Disarm","Metallicize"],"picked":"Iron Wave","floor":3},{"not_picked":["Dropkick","Entrench"],"picked":"Pommel Strike","floor":4},{"not_picked":["Whirlwind","Clash"],"picked":"Cleave","floor":6},{"not_picked":["Ghostly Armor","Warcry"],"picked":"Twin Strike","floor":8},{"not_picked":["Flame Barrier","Bludgeon"],"picked":"Clothesline","floor":10},{"not_picked":["Entrench","Seeing Red"],"picked":"Ghostly Armor","floor":13},{"not_picked":["Entrench","Evolve"],"picked":"Wild Strike","floor":14},{"not_picked":["Impervious","Berserk"],"picked":"Reaper","floor":16},{"not_picked":["Clothesline","Rupture"],"picked":"Headbutt+1","floor":18},{"not_picked":["True Grit","Flex"],"picked":"Armaments","floor":19},{"not_picked":["Thunderclap","Inflame"],"picked":"Heavy Blade","floor":22}],"player_experience":98104,"relics_obtained":[{"floor":6,"key":"Darkstone Periapt"},{"floor":9,"key":"Eternal Feather"},{"floor":10,"key":"Smiling Mask"},{"floor":13,"key":"Meat on the Bone"},{"floor":19,"key":"Red Mask"}],"event_choices":[{"damage_healed":0,"gold_gain":175,"player_choice":"AGREE","damage_taken":0,"max_hp_gain":0,"max_hp_loss":0,"event_name":"Liars Game","floor":11,"gold_loss":0,"cards_obtained":["Doubt"]},{"damage_healed":0,"gold_gain":0,"player_choice":"Fought Bandits","damage_taken":0,"max_hp_gain":0,"max_hp_loss":0,"event_name":"Masked Bandits","floor":19,"gold_loss":0},{"damage_healed":0,"gold_gain":0,"player_choice":"Stole Relic","damage_taken":0,"relics_obtained":["Centennial Puzzle"],"max_hp_gain":0,"max_hp_loss":0,"event_name":"Addict","floor":21,"gold_loss":0,"cards_obtained":["Shame"]}],"is_beta":false,"boss_relics":[{"not_picked":["Runic Pyramid","Runic Dome"],"picked":"Black Blood"}],"items_purged_floors":[12],"is_endless":false,"potions_floor_spawned":[1,2,6,10,19],"killed_by":"Slavers","ascension_level":5}}