{"host":"dcj2yvrgcvh5dl2s","time":1610996660,"event":{"mods":["BaseMod","Bestiary","Better Note","Block Reminder","Colored Powertips","Curses Come First","DeckTracker","Minty Spire (QoL Compilation)","Quick Restart","Rare Cards Sparkle","Relic Stats","StSLib"],"gold_per_floor":[13,13,27,4,17,17,52,52,77,95,119,119,144,40,40,142,142,132,132,29,40,54,54,88,88,88,88,88,103,128,141,141,141,141],"floor_reached":33,"language":"ENG","playtime":2307,"items_purged":[],"score":456,"play_id":"3392b411-2118-4bb5-95af-c18e6aabde96","local_time":"20210119050420","is_ascension_mode":true,"campfire_choices":[{"data":"Neutralize","floor":6,"key":"SMITH"},{"data":"Die Die Die","floor":8,"key":"SMITH"},{"floor":12,"key":"REST"},{"floor":15,"key":"REST"},{"data":"Malaise","floor":23,"key":"SMITH"},{"data":"Cloak And Dagger","floor":25,"key":"SMITH"},{"data":"Ghostly","floor":28,"key":"SMITH"},{"floor":32,"key":"REST"}],"circlet_count":0,"master_deck":["Defend_G","Defend_G","Defend_G","Defend_G","Defend_G","Survivor","Neutralize+1","Riddle With Holes","Footwork","Dodge and Roll","Accuracy","Die Die Die+1","Backflip","Cloak And Dagger+1","Noxious Fumes","Slice","Malaise+1","Bite","Bite","Bite","Bite","Bite","Blade Dance","Slice","Accuracy","Cloak And Dagger","Leg Sweep+1","Ghostly","Ghostly+1","Ghostly","Ghostly","Ghostly","Backstab","Riddle With Holes+1","Bullet Time"],"relics":["Ring of the Snake","Pear","Strawberry","Happy Flower","Orichalcum","Omamori","WristBlade","Centennial Puzzle","Bag of Marbles","PreservedInsect"],"acts_visited":["Exordium","TheCity"],"potions_floor_usage":[7,13,16,24,31,33,33],"damage_taken":[{"damage":1,"enemies":"Cultist","floor":1,"turns":4},{"damage":9,"enemies":"Jaw Worm","floor":3,"turns":2},{"damage":0,"enemies":"Small Slimes","floor":5,"turns":3},{"damage":27,"enemies":"3 Sentries","floor":7,"turns":12},{"damage":7,"enemies":"Looter","floor":10,"turns":4},{"damage":19,"enemies":"Lagavulin","floor":13,"turns":10},{"damage":44,"enemies":"Slime Boss","floor":16,"turns":12},{"damage":20,"enemies":"2 Thieves","floor":18,"turns":4},{"damage":0,"enemies":"Chosen","floor":21,"turns":4},{"damage":16,"enemies":"3 Cultists","floor":22,"turns":5},{"damage":31,"enemies":"Gremlin Leader","floor":24,"turns":8},{"damage":6,"enemies":"Cultist and Chosen","floor":29,"turns":8},{"damage":28,"enemies":"Book of Stabbing","floor":30,"turns":5},{"damage":6,"enemies":"Snake Plant","floor":31,"turns":4},{"damage":46,"enemies":"Champ","floor":33,"turns":10}],"seed_played":"-4011039675955274104","potions_obtained":[{"floor":1,"key":"LiquidMemories"},{"floor":3,"key":"PowerPotion"},{"floor":10,"key":"Dexterity Potion"},{"floor":16,"key":"Regen Potion"},{"floor":24,"key":"FearPotion"},{"floor":29,"key":"EssenceOfSteel"},{"floor":31,"key":"Fire Potion"}],"is_trial":false,"path_per_floor":["M","T","M","$","M","R","E","R","T","M","T","R","E","$","R","B",null,"M","?","$","M","M","R","E","R","T","?","R","M","E","M","R","B"],"character_chosen":"THE_SILENT","items_purchased":["Dodge and Roll","Noxious Fumes","Slice","Blade Dance","Slice"],"campfire_rested":3,"item_purchase_floors":[4,14,14,20,20],"current_hp_per_floor":[76,86,77,77,77,77,57,57,57,50,50,80,61,61,91,47,88,68,68,68,70,54,54,50,50,50,35,35,31,7,5,15,0,0],"gold":141,"neow_bonus":"TWENTY_PERCENT_HP_BONUS","is_daily":false,"chose_seed":false,"campfire_upgraded":5,"win_rate":0.0,"timestamp":1610996660,"path_taken":["M","?","?","?","M","R","E","R","T","M","?","R","E","$","R","BOSS","M","?","$","M","M","R","E","R","T","?","R","M","E","M","R","BOSS"],"items_purchased_type":["Card","Card","Card","Card","Card"],"build_version":"2020-12-22","purchased_purges":0,"victory":false,"max_hp_per_floor":[84,94,94,94,94,94,101,101,101,101,101,101,101,101,101,101,101,101,70,70,70,70,70,70,70,70,35,35,35,35,35,35,35,35],"relic_stats":{"Centennial Puzzle":[12],"Happy Flower":[24],"counters":[15,95],"PreservedInsect":0,"Orichalcum":[138],"obtain_stats":[{"Centennial Puzzle":24,"Pear":2,"Happy Flower":9,"WristBlade":17,"Strawberry":7,"PreservedInsect":30,"Omamori":13,"Bag of Marbles":26,"Orichalcum":11,"Ring of the Snake":0},{"Centennial Puzzle":11,"Pear":1,"Happy Flower":4,"WristBlade":7,"Strawberry":4,"PreservedInsect":13,"Omamori":6,"Bag of Marbles":11,"Orichalcum":5,"Ring of the Snake":0},{"Centennial Puzzle":68,"Pear":4,"Happy Flower":21,"WristBlade":47,"Strawberry":21,"PreservedInsect":81,"Omamori":35,"Bag of Marbles":68,"Orichalcum":25,"Ring of the Snake":0}],"Ring of the Snake":[30]},"card_choices":[{"not_picked":["Infinite Blades","Deflect"],"picked":"Riddle With Holes","floor":1},{"not_picked":["Reflex","Eviscerate"],"picked":"Footwork","floor":3},{"not_picked":["PiercingWail","Poisoned Stab"],"picked":"Accuracy","floor":5},{"not_picked":["Outmaneuver","Tactician"],"picked":"Die Die Die","floor":7},{"not_picked":["Masterful Stab","Dodge and Roll"],"picked":"Backflip","floor":10},{"not_picked":["Prepared","Underhanded Strike"],"picked":"Cloak And Dagger","floor":13},{"not_picked":["Storm of Steel","Unload"],"picked":"Malaise","floor":16},{"not_picked":["Flying Knee","Sucker Punch","Prepared"],"picked":"SKIP","floor":18},{"not_picked":["Caltrops+1","Eviscerate"],"picked":"Accuracy","floor":21},{"not_picked":["Poisoned Stab","Dodge and Roll"],"picked":"Cloak And Dagger","floor":22},{"not_picked":["Outmaneuver","Setup"],"picked":"Leg Sweep+1","floor":24},{"not_picked":["Deadly Poison","Prepared"],"picked":"Backstab","floor":29},{"not_picked":["Outmaneuver","Poisoned Stab"],"picked":"Riddle With Holes+1","floor":30},{"not_picked":["Deadly Poison","Skewer"],"picked":"Bullet Time","floor":31}],"player_experience":2252206,"relics_obtained":[{"floor":2,"key":"Pear"},{"floor":7,"key":"Strawberry"},{"floor":9,"key":"Happy Flower"},{"floor":11,"key":"Orichalcum"},{"floor":13,"key":"Omamori"},{"floor":24,"key":"Centennial Puzzle"},{"floor":26,"key":"Bag of Marbles"},{"floor":30,"key":"PreservedInsect"}],"event_choices":[{"damage_healed":0,"gold_gain":0,"player_choice":"Became a vampire","damage_taken":0,"max_hp_gain":0,"max_hp_loss":31,"event_name":"Vampires","floor":19,"gold_loss":0,"cards_obtained":["Bite","Bite","Bite","Bite","Bite"]},{"damage_healed":0,"gold_gain":0,"player_choice":"Became a Ghost","damage_taken":0,"max_hp_gain":0,"max_hp_loss":35,"event_name":"Ghosts","floor":27,"gold_loss":0,"cards_obtained":["Ghostly","Ghostly","Ghostly","Ghostly","Ghostly"]}],"is_beta":false,"boss_relics":[{"not_picked":["Empty Cage","Runic Dome"],"picked":"WristBlade"}],"items_purged_floors":[],"is_endless":false,"potions_floor_spawned":[1,3,10,16,24,29,31],"killed_by":"Champ","ascension_level":6}}