{"host":"0hso8scipor0iz5a","time":1610997894,"event":{"mods":["Act Like it!","BaseMod","Better Altar","Better Match","Better Sensory Stone","Better Skull","Better Third Choice","Gensokyo","GifTheSpireLib","Hallownest","Hubris","Jedi Mod","Minty Spire (QoL Compilation)","Quarter Circle Forward PUNCH!","Replay The Spire","Reworked Bosses","StSLib"],"gold_per_floor":[112,162,198,198,198,231,250,264,311,311,329,329,76,110,110,206,206,221,245,259,275,275,275],"floor_reached":22,"language":"FRA","playtime":2997,"items_purged":["Strike_G"],"score":507,"play_id":"4dcaab66-3a29-418e-9d9b-3c00a12d63da","local_time":"20210118202454","is_ascension_mode":true,"campfire_choices":[{"data":"Terror","floor":10,"key":"SMITH"},{"data":"Hallownest:skillLeafShield","floor":12,"key":"SMITH"},{"data":"Hallownest:skillLeafShield","floor":15,"key":"SMITH"}],"circlet_count":0,"master_deck":["AscendersBane","Strike_G","Strike_G","Strike_G","Strike_G","Survivor","Neutralize","Deflect","Terror+1","ReplayTheSpireMod:From All Sides+1","Hallownest:skillLeafShield+1","Hallownest:skillLeafShield+1","Hallownest:skillLeafShield","Hallownest:skillLeafShield","Hallownest:skillLeafShield","Tools of the Trade+1","Prepared+1","Gensokyo:AllTheWorldsEvil","jedi:pocketpoison+1","Setup+1","Cloak And Dagger+1","Deadly Poison+1","Choke+1","Malaise+1","hubris:Wrath","jedi:brewingpoison+1","Catalyst+1","Prepared+1","Expertise+1","Backflip+1"],"relics":["Ring of the Snake","NeowsBlessing","ReplayTheSpireMod:Ring of Exchange","Ring of Greed","Golden Egg","Golden Idol","Bag of Preparation","Toxic Egg 2","Blood Vial","White Beast Statue","Black Star"],"acts_visited":["Hallownest:Greenpath","Hallownest:CityofTears"],"potions_floor_usage":[18],"damage_taken":[{"damage":0,"enemies":"Hallownest:monsterHuskGuard","floor":1,"turns":1},{"damage":0,"enemies":"Hallownest:eliteCrystalGuardian","floor":3,"turns":1},{"damage":0,"enemies":"Hallownest:eliteMossKnight","floor":6,"turns":1},{"damage":0,"enemies":"Hallownest:monsterHuskWarrior","floor":7,"turns":4},{"damage":0,"enemies":"Hallownest:2_Baldur","floor":8,"turns":3},{"damage":0,"enemies":"Hallownest:Guard_and_Warrior","floor":11,"turns":5},{"damage":4,"enemies":"Hallownest:eliteCrystalGuardian","floor":14,"turns":4},{"damage":53,"enemies":"Hallownest:BossHornet","floor":16,"turns":9},{"damage":9,"enemies":"Hallownest:3_Youths","floor":18,"turns":5},{"damage":24,"enemies":"Hallownest:2_Mistakes","floor":19,"turns":8},{"damage":9,"enemies":"Hallownest:2_Husk_Sentries","floor":20,"turns":5},{"damage":10,"enemies":"Hallownest:monsterMisterMushroom","floor":21,"turns":5}],"seed_played":"-6766625210635658166","potions_obtained":[{"floor":6,"key":"Fire Potion"},{"floor":7,"key":"Cursed Concoction"},{"floor":14,"key":"SkillPotion"},{"floor":18,"key":"Strength Potion"},{"floor":20,"key":"Fire Potion"},{"floor":21,"key":"LiquidMemories"}],"is_trial":false,"path_per_floor":["M","?","?","?","?","E","M","M","T","R","M","R","$","E","R","B",null,"M","M","M","M","?"],"character_chosen":"THE_SILENT","items_purchased":["Cloak And Dagger+1","Deadly Poison+1","Choke"],"campfire_rested":0,"item_purchase_floors":[13,13,13],"current_hp_per_floor":[59,59,59,59,59,59,59,59,59,59,61,61,61,59,59,8,52,45,23,16,8,0,0],"gold":275,"neow_bonus":"THREE_ENEMY_KILL","is_daily":false,"chose_seed":false,"campfire_upgraded":3,"win_rate":0.0,"timestamp":1610997894,"path_taken":["M","?","?","?","?","E","?","M","T","R","M","R","$","E","R","BOSS","M","M","M","M","?"],"items_purchased_type":["Card","Card","Card"],"build_version":"2020-12-22","purchased_purges":1,"victory":false,"max_hp_per_floor":[66,66,66,66,66,66,66,66,66,66,66,66,66,66,66,66,66,66,66,66,66,66,66],"card_choices":[{"not_picked":["Dagger Throw","Underhanded Strike"],"picked":"Deflect","floor":1},{"not_picked":["Poisoned Stab","Bane"],"picked":"Terror","floor":3},{"not_picked":["ReplayTheSpireMod:The Works+1","Cloak And Dagger+1"],"picked":"Tools of the Trade","floor":6},{"not_picked":["hubris:Counter","Skewer"],"picked":"Prepared+1","floor":7},{"not_picked":["Dagger Throw","Quick Slash"],"picked":"jedi:pocketpoison+1","floor":8},{"not_picked":["Poisoned Stab","Blade Dance+1"],"picked":"Setup+1","floor":11},{"not_picked":["Quick Slash","Toxin Wave+1"],"picked":"Malaise+1","floor":14},{"not_picked":["Bullet Time+1","Storm of Steel+1"],"picked":"jedi:brewingpoison+1","floor":16},{"not_picked":["PiercingWail+1","Hidden Blade+1"],"picked":"Catalyst+1","floor":18},{"not_picked":["hubris:SlightOfHand+1","Flying Knee+1"],"picked":"Prepared+1","floor":19},{"not_picked":["Eviscerate","Blade Dance+1"],"picked":"Expertise+1","floor":20},{"not_picked":["Poisoned Stab","hubris:Counter+1"],"picked":"Backflip+1","floor":21}],"player_experience":1441804,"relics_obtained":[{"floor":2,"key":"ReplayTheSpireMod:Ring of Exchange"},{"floor":2,"key":"Ring of Greed"},{"floor":2,"key":"Golden Egg"},{"floor":2,"key":"Golden Idol"},{"floor":3,"key":"Bag of Preparation"},{"floor":6,"key":"Toxic Egg 2"},{"floor":9,"key":"Blood Vial"},{"floor":14,"key":"White Beast Statue"}],"event_choices":[],"is_beta":false,"boss_relics":[{"not_picked":["hubris:RunicObelisk","Replay:Wanted Poster"],"picked":"Black Star"}],"items_purged_floors":[13],"is_endless":false,"potions_floor_spawned":[6,7,14,16,18,19,20,21],"ascension_level":20}}