{"host":"pnw33a014vs8wril","time":1610971478,"event":{"mods":["BaseMod","Downfall","Highlight Path","Minty Spire (QoL Compilation)","StSLib"],"gold_per_floor":[99,116,26,86,236,121,121,121,134,119,137,151,251,270,282,377,377,377,393,407,407,507,407,407,427,385,420,181,81,110,110,127,224,224,224,239,250,250,250,269,269,294,305,321,335,52,52,52,70,70],"floor_reached":51,"language":"ENG","playtime":5175,"items_purged":["bronze:Strike","downfall:Icky","bronze:Strike","bronze:RecursiveStrike","bronze:Defend"],"score":1134,"play_id":"f8902813-ba02-4a77-a2da-657ca77f3e57","local_time":"20210118130438","is_ascension_mode":false,"campfire_choices":[{"data":"bronze:Replicate","floor":1,"key":"SMITH"},{"data":"bronze:Goto","floor":8,"key":"SMITH"},{"floor":18,"key":"RECALL"},{"floor":23,"key":"REST"},{"floor":29,"key":"REST"},{"floor":35,"key":"REST"},{"floor":47,"key":"REST"}],"circlet_count":0,"master_deck":["bronze:Defend","bronze:Defend","bronze:Replicate+1","bronze:Goto+1","bronze:CutThrough","bronze:ChosenStrike+1","bronze:FineTuning","bronze:Constructor+1","bronze:Terminator","expansioncontent:DashGenerateEvil+1","bronze:FineTuning","expansioncontent:StudyTheSpire","Necronomicurse","bronze:Repair+1","bronze:Mutator","bronze:Optimize","bronze:Format","bronze:Repulsor+1","bronze:HardenedForm"],"relics":["bronze:BronzeCore","Bottled Flame","InkBottle","Fusion Hammer","downfall:HeartBlessingRed","Mango","Membership Card","Juzu Bracelet","Gremlin Horn","Whetstone","downfall:HeartBlessingGreen","Nunchaku","Necronomicon","SlaversCollar","Incense Burner","Pocketwatch","Lee\u0027s Waffle","Potion Belt","bronze:BottledCode"],"acts_visited":["Exordium","TheCity","TheBeyond"],"potions_floor_usage":[11,11,14,16,16],"damage_taken":[{"damage":1,"enemies":"Jaw Worm","floor":2,"turns":3},{"damage":0,"enemies":"downfall:FleeingMerchant","floor":3,"turns":4},{"damage":27,"enemies":"Gremlin Nob","floor":4,"turns":4},{"damage":5,"enemies":"downfall:FleeingMerchant","floor":6,"turns":4},{"damage":5,"enemies":"Small Slimes","floor":9,"turns":2},{"damage":5,"enemies":"downfall:FleeingMerchant","floor":10,"turns":4},{"damage":0,"enemies":"2 Louse","floor":11,"turns":1},{"damage":2,"enemies":"Blue Slaver","floor":12,"turns":2},{"damage":15,"enemies":"downfall:Heads","floor":13,"turns":5},{"damage":1,"enemies":"Red Slaver","floor":14,"turns":2},{"damage":2,"enemies":"2 Fungi Beasts","floor":15,"turns":3},{"damage":10,"enemies":"DF_ARCHETYPE_STREAMLINE","floor":16,"turns":7},{"damage":0,"enemies":"Shell Parasite","floor":19,"turns":3},{"damage":13,"enemies":"Shelled Parasite and Fungi","floor":20,"turns":3},{"damage":5,"enemies":"Centurion and Healer","floor":25,"turns":2},{"damage":0,"enemies":"downfall:FleeingMerchant","floor":26,"turns":3},{"damage":3,"enemies":"Gremlin Leader","floor":27,"turns":6},{"damage":0,"enemies":"Slavers","floor":30,"turns":3},{"damage":0,"enemies":"Snake Plant","floor":32,"turns":1},{"damage":0,"enemies":"SI_MIRROR_ARCHETYPE","floor":33,"turns":4},{"damage":0,"enemies":"Orb Walker","floor":36,"turns":1},{"damage":0,"enemies":"3 Darklings","floor":37,"turns":3},{"damage":0,"enemies":"Spire Growth","floor":40,"turns":3},{"damage":48,"enemies":"Reptomancer","floor":42,"turns":3},{"damage":0,"enemies":"Jaw Worm Horde","floor":43,"turns":3},{"damage":16,"enemies":"3 Darklings","floor":44,"turns":3},{"damage":10,"enemies":"Spire Growth","floor":45,"turns":2},{"damage":10,"enemies":"4 Shapes","floor":49,"turns":3},{"damage":0,"enemies":"WA_ARCHETYPE_DIVINITY","floor":50,"turns":6}],"seed_played":"-1399558942999198972","potions_obtained":[{"floor":9,"key":"EntropicBrew"},{"floor":11,"key":"BlessingOfTheForge"},{"floor":12,"key":"Dexterity Potion"},{"floor":13,"key":"SkillPotion"},{"floor":14,"key":"Energy Potion"},{"floor":16,"key":"SpeedPotion"},{"floor":25,"key":"Regen Potion"},{"floor":27,"key":"Energy Potion"},{"floor":32,"key":"DuplicationPotion"},{"floor":33,"key":"Guardian:BlockOnCardUsePotion"},{"floor":49,"key":"Dexterity Potion"}],"is_trial":false,"path_per_floor":["R","M","$","?","?","$","T","R","M","$","M","M","?","M","M","B",null,"R","M","M","?","?","R","T","M","$","E","$","R","E","?","M","B",null,"R","M","M","?","?","M","T","E","M","M","M","$","R","?","M","B",null],"character_chosen":"THE_AUTOMATON","items_purchased":["Membership Card","expansioncontent:DashGenerateEvil","Juzu Bracelet","Whetstone","expansioncontent:StudyTheSpire","Lee\u0027s Waffle","Potion Belt","FairyPotion"],"campfire_rested":4,"item_purchase_floors":[26,26,26,28,28,46,46,46],"current_hp_per_floor":[77,76,76,49,49,44,44,44,39,34,34,32,17,16,14,4,77,77,77,64,64,64,77,91,86,86,83,83,91,91,75,75,85,91,91,91,91,91,91,91,91,55,65,61,51,98,98,88,78,88],"gold":70,"neow_bonus":"TEN_PERCENT_HP_BONUS","is_daily":false,"chose_seed":false,"campfire_upgraded":2,"win_rate":0.0,"timestamp":1610971478,"path_taken":["R","M","$","?","?","$","T","R","M","?","M","?","?","M","M","BOSS","R","M","M","?","?","R","T","M","$","E","$","R","E","?","M","BOSS","R","M","M","?","?","M","T","E","M","M","M","$","R","?","M","BOSS"],"items_purchased_type":["Relic","Card","Relic","Relic","Card","Relic","Relic","Potion"],"build_version":"2020-12-22","purchased_purges":5,"victory":true,"max_hp_per_floor":[77,77,77,77,77,77,77,77,77,77,77,77,77,77,77,77,77,77,77,77,77,77,77,91,91,91,91,91,91,91,91,91,91,91,91,91,91,91,91,91,91,91,91,91,91,98,98,88,88,88],"card_choices":[{"not_picked":["bronze:Branch","bronze:Shield"],"picked":"bronze:CutThrough","floor":2},{"not_picked":["bronze:Repair","bronze:WildBeam"],"picked":"bronze:ChosenStrike","floor":3},{"not_picked":["bronze:ForceShield","bronze:Invalidate","bronze:Overload"],"picked":"SKIP","floor":6},{"not_picked":["bronze:OilSpill","bronze:Flail","bronze:ShipIt"],"picked":"SKIP","floor":9},{"not_picked":["bronze:DarkDash","bronze:DelayedGuard"],"picked":"bronze:FineTuning","floor":10},{"not_picked":["bronze:Shield","bronze:Overheat"],"picked":"bronze:Constructor","floor":11},{"not_picked":["bronze:Branch","bronze:BuggyMess","bronze:ForLoop"],"picked":"SKIP","floor":12},{"not_picked":["bronze:Overheat","bronze:Allocate","bronze:BugBarrage"],"picked":"SKIP","floor":14},{"not_picked":["bronze:OilSpill","bronze:Overheat","bronze:MaxOutput"],"picked":"SKIP","floor":15},{"not_picked":["bronze:WhirlingStrike","bronze:Branch","bronze:Boost+1"],"picked":"SKIP","floor":19},{"not_picked":["bronze:NullPointer","bronze:BugBarrage"],"picked":"bronze:Terminator","floor":20},{"not_picked":["bronze:Fortify+1","bronze:Shell+1","bronze:Backtrace"],"picked":"SKIP","floor":25},{"not_picked":["bronze:ChosenStrike","bronze:Separator+1","bronze:FollowUp"],"picked":"SKIP","floor":26},{"not_picked":["bronze:Constructor","bronze:Iterate"],"picked":"bronze:FineTuning","floor":27},{"not_picked":["bronze:DelayedSlice","bronze:Repulsor","bronze:ClassDefault"],"picked":"SKIP","floor":30},{"not_picked":["bronze:WildBeam+1","bronze:CutThrough"],"picked":"bronze:Repair+1","floor":32},{"not_picked":["bronze:CleanCode","bronze:RecursiveStrike"],"picked":"bronze:Mutator","floor":33},{"not_picked":["bronze:Invalidate","bronze:Deprecate+1","bronze:BitShift+1"],"picked":"SKIP","floor":36},{"not_picked":["bronze:Invalidate+1","bronze:BitShift","bronze:Turbo+1"],"picked":"SKIP","floor":37},{"not_picked":["bronze:Iterate","bronze:BitShift+1"],"picked":"bronze:Optimize","floor":40},{"not_picked":["bronze:DigitalCarnage+1","bronze:BitShift"],"picked":"bronze:Format","floor":42},{"not_picked":["bronze:WhirlingStrike","bronze:Repair"],"picked":"bronze:Repulsor+1","floor":43},{"not_picked":["bronze:BitShift+1","bronze:Branch","bronze:Optimize"],"picked":"SKIP","floor":44},{"not_picked":["bronze:Overheat","bronze:Constructor","bronze:CutThrough"],"picked":"SKIP","floor":45},{"not_picked":["bronze:Iterate+1","bronze:Overheat+1"],"picked":"bronze:HardenedForm","floor":49}],"player_experience":954289,"relics_obtained":[{"floor":4,"key":"Bottled Flame"},{"floor":7,"key":"InkBottle"},{"floor":24,"key":"Mango"},{"floor":27,"key":"Gremlin Horn"},{"floor":30,"key":"Nunchaku"},{"floor":31,"key":"Necronomicon"},{"floor":41,"key":"Incense Burner"},{"floor":42,"key":"Pocketwatch"}],"event_choices":[{"cards_removed":["bronze:Defend"],"damage_healed":0,"gold_gain":0,"player_choice":"Removed Skill","damage_taken":0,"max_hp_gain":0,"max_hp_loss":0,"event_name":"Falling","floor":38,"gold_loss":0}],"is_beta":false,"boss_relics":[{"not_picked":["Runic Pyramid","Empty Cage"],"picked":"Fusion Hammer"},{"not_picked":["Tiny House","Cursed Key"],"picked":"SlaversCollar"}],"items_purged_floors":[3,6,26,28,46],"is_endless":false,"potions_floor_spawned":[9,11,12,13,14,16,25,27,30,32,33,36,37,43,49],"ascension_level":0}}