{"host":"kzg3uglj8yekbxlz","time":1610963588,"event":{"mods":["Act Like it!","Alarm Clock","BaseMod","Better Synergies","Better Vampires","CapriCore","Curses Come First","Displayed Cursed Tome","Downfall","Evolution","FoggyMod","Gensokyo","Hallownest","Highlight Path","HumanHunterMod(怪物杀人mod)","KinomotoSakuraMod(木之本樱)","Koishi","Lobotomy","LobotomyExtend","Marisa（F雨　魔理沙）","Minty Spire (QoL Compilation)","Poem Panic","Poor People Problems","Prisma Mod","Shop Mod","StSLib","The Administrix","The Alterego","The Bug Knight","The Hierophant","The Immortal","TheWitcher","WarShipGirlsR/战舰少女R mod","Yuri Mod","残留之物"],"gold_per_floor":[99,111,111,111,111,128,128,128,28,28,28,28],"floor_reached":11,"language":"ZHS","playtime":604,"items_purged":[],"score":59,"play_id":"57a454a0-b15d-4ed2-a4c1-83c1e0c2f76d","local_time":"20210118175308","is_ascension_mode":false,"campfire_choices":[{"floor":1,"key":"RECALL"},{"data":"bronze:ClassDefault","floor":9,"key":"SMITH"}],"circlet_count":0,"master_deck":["bronze:Strike","bronze:Strike","bronze:Strike","bronze:Strike","bronze:Defend","bronze:Defend","bronze:Defend","bronze:Defend","bronze:Replicate","bronze:Goto","bronze:Turbo","bronze:ForceShield","bronze:Overload","bronze:DelayedSlice","bronze:Turbo","bronze:ClassDefault+1"],"relics":["bronze:BronzeCore","EVO:Axolotl","LetterFromLob","The Courier","Mercury Hourglass","downfall:HeartBlessingRed"],"acts_visited":["Exordium"],"potions_floor_usage":[],"damage_taken":[{"damage":1,"enemies":"Cultist","floor":2,"turns":4},{"damage":7,"enemies":"Small Slimes","floor":6,"turns":4},{"damage":80,"enemies":"Lagavulin","floor":11,"turns":10}],"seed_played":"-2307845445910922561","potions_obtained":[],"is_trial":false,"path_per_floor":["R","M","?","?","T","M","T","?","R","?","E"],"character_chosen":"THE_AUTOMATON","items_purchased":[],"campfire_rested":0,"item_purchase_floors":[],"current_hp_per_floor":[77,76,76,76,76,69,69,69,69,74,0,0],"gold":28,"neow_bonus":"TEN_PERCENT_HP_BONUS","is_daily":false,"chose_seed":false,"campfire_upgraded":1,"win_rate":0.0,"timestamp":1610963588,"path_taken":["R","?","?","?","?","?","T","?","R","?","E"],"items_purchased_type":[],"build_version":"2020-12-22","purchased_purges":0,"victory":false,"max_hp_per_floor":[77,77,77,77,77,77,77,77,77,82,82,82],"card_choices":[{"not_picked":["bronze:DelayedGuard","bronze:CutThrough","bronze:Philosophize"],"picked":"SKIP","floor":2},{"not_picked":["bronze:Flail","bronze:BuggyMess"],"picked":"bronze:ClassDefault","floor":6}],"player_experience":627909,"relics_obtained":[{"floor":2,"key":"LetterFromLob"},{"floor":5,"key":"The Courier"}],"event_choices":[{"damage_healed":0,"gold_gain":0,"player_choice":"Donut","damage_taken":0,"max_hp_gain":5,"max_hp_loss":0,"event_name":"Big Fish","floor":10,"gold_loss":0}],"is_beta":false,"boss_relics":[],"items_purged_floors":[],"is_endless":false,"potions_floor_spawned":[],"killed_by":"Lagavulin","ascension_level":0}}