{"host":"6jrd8fn9k88n08be","time":1610987777,"event":{"mods":["BaseMod","Minty Spire (QoL Compilation)","StSLib"],"gold_per_floor":[119,119,137,61,236,236,311,337,388,421,438,438,438],"floor_reached":12,"language":"ENG","playtime":823,"items_purged":[],"score":90,"play_id":"d1145829-47c0-4c6a-aea6-af2aa390266c","local_time":"20210118113617","is_ascension_mode":true,"campfire_choices":[{"data":"Hemokinesis","floor":6.0,"key":"SMITH"}],"circlet_count":0,"master_deck":["Strike_R","Strike_R","Strike_R","Strike_R","Strike_R","Defend_R","Defend_R","Defend_R","Defend_R","Bash","Demon Form","Bloodletting","Hemokinesis+1","Doubt","Flame Barrier","Entrench"],"relics":["Burning Blood","Orichalcum","Happy Flower"],"acts_visited":["Exordium"],"potions_floor_usage":[],"damage_taken":[{"damage":5.0,"enemies":"Small Slimes","floor":1.0,"turns":6.0},{"damage":6.0,"enemies":"2 Louse","floor":3.0,"turns":4.0},{"damage":27.0,"enemies":"3 Sentries","floor":8.0,"turns":7.0},{"damage":38.0,"enemies":"Lagavulin","floor":10.0,"turns":8.0},{"damage":8.0,"enemies":"Jaw Worm","floor":11.0,"turns":4.0},{"damage":20,"enemies":"3 Sentries","floor":12,"turns":5}],"seed_played":"2499661891502618893","potions_obtained":[{"floor":1.0,"key":"AttackPotion"},{"floor":11.0,"key":"FearPotion"}],"is_trial":false,"path_per_floor":["M","?","M","$","?","R","?","E","T","E","M","E"],"character_chosen":"IRONCLAD","items_purchased":["Hemokinesis"],"campfire_rested":0,"item_purchase_floors":[4],"current_hp_per_floor":[80,85,85,85,85,85,74,53,53,21,19,0,0],"gold":438,"neow_bonus":"ONE_RANDOM_RARE_CARD","is_daily":false,"chose_seed":false,"campfire_upgraded":1,"win_rate":0.0,"timestamp":1610987777,"path_taken":["M","?","M","$","?","R","?","E","T","E","M","E"],"items_purchased_type":["Card"],"build_version":"2020-12-22","purchased_purges":0,"victory":false,"max_hp_per_floor":[80,85,85,85,85,85,85,85,85,85,85,85,85],"card_choices":[{"not_picked":["Infernal Blade","Dark Embrace"],"picked":"Bloodletting","floor":1.0},{"not_picked":["Perfected Strike","Armaments","Warcry"],"picked":"SKIP","floor":3.0},{"not_picked":["Iron Wave","Headbutt"],"picked":"Flame Barrier","floor":8.0},{"not_picked":["Brutality","Offering"],"picked":"Entrench","floor":10.0},{"not_picked":["Warcry","Sever Soul","Combust"],"picked":"SKIP","floor":11.0}],"player_experience":77859,"relics_obtained":[{"floor":8.0,"key":"Orichalcum"},{"floor":10.0,"key":"Happy Flower"}],"event_choices":[{"damage_healed":0.0,"max_hp_gain":5.0,"max_hp_loss":0.0,"gold_gain":0.0,"event_name":"Big Fish","player_choice":"Donut","floor":2.0,"gold_loss":0.0,"damage_taken":0.0},{"damage_healed":0.0,"max_hp_gain":0.0,"max_hp_loss":0.0,"gold_gain":175.0,"event_name":"Liars Game","player_choice":"AGREE","floor":5.0,"gold_loss":0.0,"damage_taken":0.0,"cards_obtained":["Doubt"]},{"damage_healed":0.0,"max_hp_gain":0.0,"max_hp_loss":0.0,"gold_gain":75.0,"event_name":"World of Goop","player_choice":"Gather Gold","floor":7.0,"gold_loss":0.0,"damage_taken":11.0}],"is_beta":false,"boss_relics":[],"items_purged_floors":[],"is_endless":false,"potions_floor_spawned":[1,11],"killed_by":"3 Sentries","ascension_level":1}}