{"host":"rjfefv2ruvigm2gb","time":1610980835,"event":{"mods":["AchievementEnabler","AlwaysNeverKeys","Arknights The Spire","BaseMod","Card Forge","Curses Come First","Displayed Cursed Tome","Evolution","Fox Events","Gold Saver","Googly Eyes","HexUI Lib","Ironclad Rager","Mad Scientist","Minty Spire (QoL Compilation)","Permanent Neow","Poor People Problems","Quick Restart","Shop Mod","StS++","StSLib","SuperFastMode","The Sage","Virulent Crown"],"gold_per_floor":[832,832,832,907,907,907,923,949,976,1005,635,653,653,673,673,771,771,784,629,629,640,657,686,601,612,637,637,637,656,671,690,690,791,791,808,828,878,878,878,878,895,930,980,835,835,846,865,897,897,897,897,897,897,922,922],"floor_reached":56,"language":"ENG","playtime":965,"items_purged":[],"score":2181,"play_id":"4b90ef5d-fa67-4499-9b38-13d89bd8a12f","local_time":"20210118084035","is_ascension_mode":true,"campfire_choices":[{"floor":6,"key":"REST"},{"floor":15,"key":"REST"},{"floor":32,"key":"REST"},{"floor":40,"key":"REST"},{"floor":45,"key":"REST"},{"floor":49,"key":"REST"},{"floor":52,"key":"REST"}],"circlet_count":0,"master_deck":["AscendersBane","Catalyst+1","Adrenaline+1","Catalyst+1","Corpse Explosion+1","Catalyst+1","Adrenaline+1","Catalyst+1","Adrenaline+1","Adrenaline+1","Corpse Explosion+1","Adrenaline+1","Catalyst+1"],"relics":["Ring of the Snake","Hammer of Thor","Seething Fire","Anvil of the Gods","EVO:Axolotl","PreservedInsect","MerchantsRug","VirulentCrownMod:VirulentCrown","Lee\u0027s Waffle","Dream Catcher","Matryoshka","Eternal Feather","Vajra","Torii","Toy Ornithopter","Happy Flower","Smiling Mask","Orichalcum","Potion Belt","Ornamental Fan"],"acts_visited":["Exordium","TheCity","TheBeyond","TheEnding"],"potions_floor_usage":[18,50],"damage_taken":[{"damage":0,"enemies":"Small Slimes","floor":1,"turns":1},{"damage":0,"enemies":"2 Louse","floor":7,"turns":1},{"damage":0,"enemies":"Gremlin Nob","floor":8,"turns":1},{"damage":0,"enemies":"Lagavulin","floor":10,"turns":1},{"damage":0,"enemies":"Jaw Worm","floor":12,"turns":1},{"damage":0,"enemies":"Red Slaver","floor":14,"turns":1},{"damage":0,"enemies":"The Guardian","floor":16,"turns":1},{"damage":0,"enemies":"Spheric Guardian","floor":18,"turns":1},{"damage":0,"enemies":"2 Thieves","floor":21,"turns":1},{"damage":0,"enemies":"Snake Plant","floor":22,"turns":1},{"damage":0,"enemies":"Book of Stabbing","floor":23,"turns":1},{"damage":0,"enemies":"Snecko","floor":25,"turns":1},{"damage":0,"enemies":"Centurion and Healer","floor":29,"turns":1},{"damage":0,"enemies":"Chosen and Byrds","floor":30,"turns":1},{"damage":0,"enemies":"Snake Plant","floor":31,"turns":1},{"damage":0,"enemies":"Champ","floor":33,"turns":1},{"damage":0,"enemies":"3 Shapes","floor":35,"turns":1},{"damage":0,"enemies":"Orb Walker","floor":36,"turns":1},{"damage":0,"enemies":"Mind Bloom Boss Battle","floor":37,"turns":1},{"damage":0,"enemies":"Jaw Worm Horde","floor":41,"turns":1},{"damage":0,"enemies":"Reptomancer","floor":42,"turns":1},{"damage":0,"enemies":"Sphere and 2 Shapes","floor":46,"turns":1},{"damage":0,"enemies":"Maw","floor":47,"turns":1},{"damage":0,"enemies":"Nemesis","floor":48,"turns":1},{"damage":66,"enemies":"Awakened One","floor":50,"turns":5},{"damage":0,"enemies":"Shield and Spear","floor":54,"turns":1},{"damage":25,"enemies":"The Heart","floor":55,"turns":3}],"seed_played":"-46112481809286302","potions_obtained":[{"floor":8,"key":"Poison Potion"},{"floor":25,"key":"DistilledChaos"},{"floor":41,"key":"Poison Potion"}],"is_trial":false,"path_per_floor":["M","?","$","?","?","R","M","E","T","E","$","M","?","M","R","B",null,"M","$","?","M","M","E","?","M","T","?","?","M","M","M","R","B",null,"M","M","?","?","?","R","M","E","T","$","R","M","M","E","R","B",null,"R","$","E","B",null],"character_chosen":"THE_SILENT","items_purchased":["MerchantsRug","VirulentCrownMod:VirulentCrown","Lee\u0027s Waffle","Orichalcum"],"campfire_rested":7,"item_purchase_floors":[11,11,19,44],"current_hp_per_floor":[70,70,70,59,66,84,84,84,84,84,84,84,89,89,89,89,89,89,96,96,96,96,96,96,96,96,96,96,96,96,96,96,96,96,96,96,96,96,96,96,96,96,96,96,96,96,96,96,96,35,81,96,96,96,71],"gold":922,"neow_bonus":"TEN_PERCENT_HP_BONUS","is_daily":false,"chose_seed":false,"campfire_upgraded":0,"win_rate":0.0,"timestamp":1610980835,"path_taken":["M","?","$","?","?","R","?","E","T","E","?","M","?","M","R","BOSS","M","$","?","M","M","E","?","M","T","?","?","M","M","?","R","BOSS","M","M","?","?","?","R","M","E","T","$","R","M","?","E","R","BOSS","R","$","E","BOSS"],"items_purchased_type":["Relic","Relic","Relic","Relic"],"build_version":"2020-12-22","purchased_purges":0,"victory":true,"max_hp_per_floor":[77,77,77,77,84,84,84,84,84,84,84,84,89,89,89,89,89,89,96,96,96,96,96,96,96,96,96,96,96,96,96,96,96,96,96,96,96,96,96,96,96,96,96,96,96,96,96,96,96,96,96,96,96,96,96],"card_choices":[{"not_picked":["StSpp:Dive","Endless Agony","Backstab"],"picked":"SKIP","floor":1},{"not_picked":["Skewer","Slice","StSpp:TimeParadox"],"picked":"SKIP","floor":7},{"not_picked":["Blur","Slice","Dagger Throw"],"picked":"SKIP","floor":8},{"not_picked":["Prepared","Malaise","Catalyst"],"picked":"SKIP","floor":10},{"not_picked":["Blade Dance","Quick Slash","Bane"],"picked":"SKIP","floor":12},{"not_picked":["Quick Slash","StSpp:ChainedTrap","Dodge and Roll"],"picked":"SKIP","floor":14},{"not_picked":["Endless Agony","Noxious Fumes","StSpp:Dive+1"],"picked":"SKIP","floor":18},{"not_picked":["Expertise","Prepared","Poisoned Stab"],"picked":"SKIP","floor":21},{"not_picked":["Quick Slash","Concentrate","Dash"],"picked":"SKIP","floor":22},{"not_picked":["Storm of Steel","Acrobatics","Setup"],"picked":"SKIP","floor":23},{"not_picked":["Prepared+1","Escape Plan","Choke"],"picked":"SKIP","floor":25},{"not_picked":["Skewer","Choke","Outmaneuver"],"picked":"SKIP","floor":29},{"not_picked":["Dash","Noxious Fumes","Deadly Poison+1"],"picked":"SKIP","floor":30},{"not_picked":["Dodge and Roll","Poisoned Stab+1","StSpp:TimeParadox+1"],"picked":"SKIP","floor":31},{"not_picked":["Noxious Fumes","StSpp:Lure+1","Backflip"],"picked":"SKIP","floor":35},{"not_picked":["Reflex+1","Crippling Poison","Slice+1"],"picked":"SKIP","floor":36},{"not_picked":["Outmaneuver+1","A Thousand Cuts","Poisoned Stab+1"],"picked":"SKIP","floor":41},{"not_picked":["Crippling Poison+1","Prepared+1","Backstab+1"],"picked":"SKIP","floor":42},{"not_picked":["Poisoned Stab","Cloak And Dagger+1","Corpse Explosion"],"picked":"SKIP","floor":46},{"not_picked":["Slice","Well Laid Plans","Underhanded Strike"],"picked":"SKIP","floor":47},{"not_picked":["Prepared+1","Blade Dance+1","Infinite Blades+1"],"picked":"SKIP","floor":48},{"not_picked":["Predator","Crippling Poison+1","Venomology"],"picked":"SKIP","floor":54}],"player_experience":996934,"relics_obtained":[{"floor":9,"key":"Tiny Chest"},{"floor":10,"key":"PreservedInsect"},{"floor":23,"key":"Dream Catcher"},{"floor":26,"key":"Eternal Feather"},{"floor":26,"key":"Vajra"},{"floor":37,"key":"Torii"},{"floor":42,"key":"Toy Ornithopter"},{"floor":43,"key":"Happy Flower"},{"floor":43,"key":"Smiling Mask"},{"floor":48,"key":"Potion Belt"},{"floor":54,"key":"Ornamental Fan"}],"event_choices":[{"cards_removed":["Adrenaline"],"damage_healed":0,"gold_gain":0,"player_choice":"Forget","damage_taken":0,"max_hp_gain":0,"max_hp_loss":0,"event_name":"Living Wall","floor":2,"gold_loss":0},{"damage_healed":0,"gold_gain":75,"player_choice":"Gather Gold","damage_taken":11,"max_hp_gain":0,"max_hp_loss":0,"event_name":"World of Goop","floor":4,"gold_loss":0},{"damage_healed":0,"gold_gain":0,"player_choice":"Donut","damage_taken":0,"max_hp_gain":5,"max_hp_loss":0,"event_name":"Big Fish","floor":13,"gold_loss":0},{"damage_healed":0,"gold_gain":0,"player_choice":"Ignored","damage_taken":0,"max_hp_gain":0,"max_hp_loss":0,"event_name":"Vampires","floor":20,"gold_loss":0},{"damage_healed":0,"gold_gain":0,"player_choice":"Obtained Relic","damage_taken":0,"relics_obtained":["Matryoshka"],"max_hp_gain":0,"max_hp_loss":0,"event_name":"Addict","floor":24,"gold_loss":85},{"damage_healed":32,"gold_gain":0,"player_choice":"Heal","damage_taken":0,"max_hp_gain":0,"max_hp_loss":0,"event_name":"The Library","floor":27,"gold_loss":0},{"damage_healed":0,"gold_gain":0,"player_choice":"Ignored","damage_taken":0,"max_hp_gain":0,"max_hp_loss":0,"event_name":"Beggar","floor":28,"gold_loss":0},{"damage_healed":0,"gold_gain":0,"player_choice":"Fight","damage_taken":0,"max_hp_gain":0,"max_hp_loss":0,"event_name":"MindBloom","floor":37,"gold_loss":0},{"cards_removed":["Catalyst"],"damage_healed":0,"gold_gain":0,"player_choice":"Removed Skill","damage_taken":0,"max_hp_gain":0,"max_hp_loss":0,"event_name":"Falling","floor":38,"gold_loss":0}],"is_beta":false,"boss_relics":[{"not_picked":["Empty Cage","Pandora\u0027s Box","Astrolabe"]},{"not_picked":["Cursed Key","StSpp:CrystalBall","Runic Dome"]}],"items_purged_floors":[],"is_endless":false,"potions_floor_spawned":[7,8,10,21,23,25,31,33,35,41,42,46,48],"ascension_level":10}}