{"host":"0mk07bycsqo1qk03","time":1610971307,"event":{"mods":["BaseMod","Downfall","Hermit","Hubris","Minty Spire (QoL Compilation)","StSLib","The Cursed"],"gold_per_floor":[119,119,133,148,148,177,197,232,258,291,301,301,317,334,334,432,432,449,449,462,478,260,260,292,292,344,344,269,287,133,158,158,158,158],"floor_reached":33,"language":"ENG","playtime":1259,"items_purged":["Strike_G"],"score":611,"play_id":"db1c859f-b3d5-43fc-b915-f4cf2b455b4c","local_time":"20210118130147","is_ascension_mode":true,"campfire_choices":[{"floor":12,"key":"REST"},{"floor":15,"key":"REST"},{"data":"Venomology","floor":23,"key":"SMITH"},{"floor":25,"key":"REST"},{"floor":27,"key":"DIG"},{"floor":32,"key":"REST"}],"circlet_count":0,"master_deck":["AscendersBane","Strike_G","Strike_G","Strike_G+1","Strike_G","Defend_G","Defend_G","Defend_G","Defend_G+1","Defend_G","Survivor","Neutralize","Sadistic Nature+1","Bouncing Flask","Cloak And Dagger","Deadly Poison","Flying Knee","Heel Hook","Dash","Deadly Poison","Backflip","Outmaneuver","Venomology+1","Escape Plan","Malaise","Heel Hook+1"],"relics":["Ring of the Snake","hubris:64BitClover","Potion Belt","Vajra","Lantern","hubris:RunicObelisk","White Beast Statue","Art of War","Shovel","Anchor","hubris:AncientText","Nunchaku"],"acts_visited":["Exordium","TheCity"],"potions_floor_usage":[6,8,10,16,21,24,24,29,29,31,33,33,33,33],"damage_taken":[{"damage":0,"enemies":"Small Slimes","floor":1,"turns":3},{"damage":2,"enemies":"2 Louse","floor":3,"turns":3},{"damage":0,"enemies":"Cultist","floor":4,"turns":3},{"damage":10,"enemies":"Lagavulin","floor":6,"turns":4},{"damage":1,"enemies":"Looter","floor":7,"turns":3},{"damage":20,"enemies":"3 Sentries","floor":8,"turns":7},{"damage":0,"enemies":"Gremlin Nob","floor":10,"turns":2},{"damage":7,"enemies":"Large Slime","floor":11,"turns":4},{"damage":12,"enemies":"Exordium Wildlife","floor":13,"turns":3},{"damage":4,"enemies":"2 Fungi Beasts","floor":14,"turns":3},{"damage":0,"enemies":"Hexaghost","floor":16,"turns":7},{"damage":4,"enemies":"2 Thieves","floor":18,"turns":4},{"damage":0,"enemies":"3 Byrds","floor":20,"turns":5},{"damage":0,"enemies":"Snake Plant","floor":21,"turns":3},{"damage":29,"enemies":"Slavers","floor":24,"turns":6},{"damage":1,"enemies":"Cultist and Chosen","floor":29,"turns":6},{"damage":14,"enemies":"Book of Stabbing","floor":31,"turns":5},{"damage":52,"enemies":"Automaton","floor":33,"turns":6}],"seed_played":"-1220291730713900056","potions_obtained":[{"floor":4,"key":"Block Potion"},{"floor":7,"key":"Explosive Potion"},{"floor":8,"key":"Fire Potion"},{"floor":13,"key":"GhostInAJar"},{"floor":14,"key":"Dexterity Potion"},{"floor":18,"key":"champ:CounterPotion"},{"floor":21,"key":"Fire Potion"},{"floor":24,"key":"Explosive Potion"},{"floor":29,"key":"SteroidPotion"},{"floor":31,"key":"Dexterity Potion"}],"is_trial":false,"path_per_floor":["M","?","M","M","?","E","M","E","T","E","M","R","M","M","R","B",null,"M","?","M","M","$","R","E","R","T","R","?","M","$","E","R","B"],"character_chosen":"THE_SILENT","items_purchased":["Art of War","Malaise"],"campfire_rested":4,"item_purchase_floors":[22,30],"current_hp_per_floor":[63,50,48,48,48,38,37,17,17,17,10,28,16,12,30,30,55,51,51,51,51,51,51,22,40,40,40,40,39,39,25,43,0,0],"gold":158,"neow_bonus":"RANDOM_COLORLESS_2","is_daily":false,"chose_seed":false,"campfire_upgraded":1,"win_rate":0.0,"timestamp":1610971307,"path_taken":["M","?","M","M","?","E","M","E","T","E","?","R","M","M","R","BOSS","M","?","M","M","$","R","E","R","T","R","?","M","?","E","R","BOSS"],"items_purchased_type":["Relic","Card"],"build_version":"2020-12-22","purchased_purges":1,"victory":false,"max_hp_per_floor":[63,63,63,63,63,63,63,63,63,63,63,63,63,63,63,63,63,63,63,63,63,63,63,63,63,63,63,63,63,63,63,63,63,63],"card_choices":[{"not_picked":["hubris:EnhanceAbility","The Bomb"],"picked":"Sadistic Nature","floor":0},{"not_picked":["Prepared","Escape Plan"],"picked":"Bouncing Flask","floor":1},{"not_picked":["Deflect","Dodge and Roll"],"picked":"Cloak And Dagger","floor":3},{"not_picked":["hubris:Sniper","hubris:TrickCloak"],"picked":"Deadly Poison","floor":4},{"not_picked":["Bane","Finisher"],"picked":"Flying Knee","floor":6},{"not_picked":["Caltrops","All Out Attack"],"picked":"Heel Hook","floor":7},{"not_picked":["Tactician","Bouncing Flask"],"picked":"Dash","floor":8},{"not_picked":["Slice","Underhanded Strike"],"picked":"Deadly Poison","floor":10},{"not_picked":["Poisoned Stab","hubris:SlightOfHand","Blade Dance"],"picked":"SKIP","floor":11},{"not_picked":["Cloak And Dagger","Dodge and Roll"],"picked":"Backflip","floor":13},{"not_picked":["Cloak And Dagger","Predator"],"picked":"Outmaneuver","floor":14},{"not_picked":["Tools of the Trade","Grand Finale"],"picked":"Venomology","floor":16},{"not_picked":["Bane","Bouncing Flask","Flechettes"],"picked":"SKIP","floor":18},{"not_picked":["Bouncing Flask","Prepared"],"picked":"Escape Plan","floor":20},{"not_picked":["Accuracy","Bane+1","Distraction"],"picked":"SKIP","floor":21},{"not_picked":["Dagger Spray","All Out Attack","Quick Slash"],"picked":"SKIP","floor":24},{"not_picked":["Slice","Flying Knee","Dash"],"picked":"SKIP","floor":29},{"not_picked":["Dagger Spray","Prepared"],"picked":"Heel Hook+1","floor":31}],"player_experience":914550,"relics_obtained":[{"floor":6,"key":"hubris:64BitClover"},{"floor":8,"key":"Potion Belt"},{"floor":9,"key":"Vajra"},{"floor":10,"key":"Lantern"},{"floor":20,"key":"White Beast Statue"},{"floor":24,"key":"Shovel"},{"floor":26,"key":"Anchor"},{"floor":27,"key":"hubris:AncientText"},{"floor":31,"key":"Nunchaku"}],"event_choices":[{"damage_healed":0,"gold_gain":0,"player_choice":"Entered Light","damage_taken":13,"max_hp_gain":0,"max_hp_loss":0,"event_name":"Shining Light","floor":2,"gold_loss":0,"cards_upgraded":["Defend_G","Strike_G"]},{"damage_healed":0,"gold_gain":0,"player_choice":"Forge","damage_taken":0,"max_hp_gain":0,"max_hp_loss":0,"event_name":"Accursed Blacksmith","floor":5,"gold_loss":0,"cards_upgraded":["Sadistic Nature"]},{"damage_healed":0,"gold_gain":0,"player_choice":"Smashed Altar","damage_taken":0,"max_hp_gain":0,"max_hp_loss":0,"event_name":"Forgotten Altar","floor":19,"gold_loss":0,"cards_obtained":["Decay"]},{"cards_removed":["Decay"],"damage_healed":0,"gold_gain":0,"player_choice":"Gave Gold","damage_taken":0,"max_hp_gain":0,"max_hp_loss":0,"event_name":"Beggar","floor":28,"gold_loss":75}],"is_beta":false,"boss_relics":[{"not_picked":["hubris:ScarierMask","Ectoplasm"],"picked":"hubris:RunicObelisk"}],"items_purged_floors":[22],"is_endless":false,"potions_floor_spawned":[4,7,8,13,14,18,21,24,29,31],"killed_by":"Automaton","ascension_level":12}}