{"host":"baymyijz6sxaqj5s","time":1610979842,"event":{"mods":["AchievementEnabler","BaseMod","Colored Map","Colored Powertips","DeckTracker","Highlight Path","KOR Keyword Fix","Keyboard Shortcuts","Minty Spire (QoL Compilation)","StSLib","SuperFastMode","everything is the same but u backflip on backflip"],"gold_per_floor":[116,126,126,126,139,139,139,139,139,60,79,28,47,47,47,151,151,169,32,43,62,62,62],"floor_reached":22,"language":"KOR","playtime":753,"items_purged":[],"score":202,"play_id":"f2992d83-4095-4ed2-84ee-2bae99fdd6e0","local_time":"20210118232402","is_ascension_mode":true,"campfire_choices":[{"data":"Backflip","floor":6,"key":"SMITH"},{"data":"Neutralize","floor":8,"key":"SMITH"},{"data":"Night Terror","floor":15,"key":"SMITH"}],"circlet_count":0,"master_deck":["Strike_G","Strike_G","Strike_G","Defend_G","Defend_G","Defend_G","Defend_G","Defend_G","Survivor+1","Neutralize+1","Backflip+1","Noxious Fumes","Prepared","Backflip","All Out Attack","Night Terror+1","Venomology","Catalyst+1","A Thousand Cuts","Footwork"],"relics":["Ring of the Snake","MealTicket","Bottled Lightning","Empty Cage"],"acts_visited":["Exordium","TheCity"],"potions_floor_usage":[11,16,20,21,21,22],"damage_taken":[{"damage":0,"enemies":"2 Louse","floor":1,"turns":3},{"damage":1,"enemies":"Jaw Worm","floor":2,"turns":6},{"damage":0,"enemies":"Small Slimes","floor":5,"turns":5},{"damage":23,"enemies":"Gremlin Gang","floor":11,"turns":9},{"damage":0,"enemies":"2 Fungi Beasts","floor":13,"turns":6},{"damage":72,"enemies":"The Guardian","floor":16,"turns":19},{"damage":16,"enemies":"Spheric Guardian","floor":18,"turns":5},{"damage":0,"enemies":"Shell Parasite","floor":20,"turns":7},{"damage":76,"enemies":"Cultist and Chosen","floor":21,"turns":8},{"damage":7,"enemies":"Snecko","floor":22,"turns":4}],"seed_played":"7287822162733884468","potions_obtained":[{"floor":1,"key":"SneckoOil"},{"floor":2,"key":"SmokeBomb"},{"floor":11,"key":"SneckoOil"},{"floor":18,"key":"CultistPotion"}],"is_trial":false,"path_per_floor":["M","M","?","?","M","R","T","R","T","$","M","$","M","?","R","B",null,"M","$","M","M","M"],"character_chosen":"THE_SILENT","items_purchased":["Noxious Fumes","Backflip","A Thousand Cuts"],"campfire_rested":0,"item_purchase_floors":[10,12,19],"current_hp_per_floor":[77,76,81,81,81,81,81,81,81,82,59,74,74,74,74,2,82,66,81,81,5,0,0],"gold":62,"neow_bonus":"TEN_PERCENT_HP_BONUS","is_daily":false,"chose_seed":false,"campfire_upgraded":3,"win_rate":0.0,"timestamp":1610979842,"path_taken":["M","M","?","?","M","R","?","R","T","?","M","$","M","?","R","BOSS","M","$","?","M","M"],"items_purchased_type":["Card","Card","Card"],"build_version":"2020-12-22","purchased_purges":0,"victory":false,"max_hp_per_floor":[77,77,82,82,82,82,82,82,82,82,82,82,82,82,82,82,82,82,82,82,82,82,82],"card_choices":[{"not_picked":["Skewer","Cloak And Dagger"],"picked":"Backflip","floor":1},{"not_picked":["Cloak And Dagger","PiercingWail","Underhanded Strike"],"picked":"SKIP","floor":2},{"not_picked":["Dodge and Roll","Unload","Bane"],"picked":"SKIP","floor":5},{"not_picked":["Cloak And Dagger","Dagger Spray"],"picked":"Prepared","floor":11},{"not_picked":["Bane","Finisher"],"picked":"All Out Attack","floor":13},{"not_picked":["Night Terror","Die Die Die"],"picked":"Venomology","floor":16},{"not_picked":["Eviscerate+1","Bouncing Flask+1"],"picked":"Catalyst+1","floor":18},{"not_picked":["Poisoned Stab","Quick Slash"],"picked":"Footwork","floor":20},{"not_picked":["Slice","Night Terror","Underhanded Strike"],"picked":"SKIP","floor":21}],"player_experience":53835,"relics_obtained":[{"floor":7,"key":"MealTicket"},{"floor":9,"key":"Bottled Lightning"}],"event_choices":[{"damage_healed":0,"gold_gain":0,"player_choice":"Donut","damage_taken":0,"max_hp_gain":5,"max_hp_loss":0,"event_name":"Big Fish","floor":3,"gold_loss":0},{"damage_healed":0,"gold_gain":0,"player_choice":"Grow","damage_taken":0,"max_hp_gain":0,"max_hp_loss":0,"event_name":"Living Wall","floor":4,"gold_loss":0,"cards_upgraded":["Survivor"]},{"damage_healed":0,"gold_gain":0,"player_choice":"1 cards matched","damage_taken":0,"max_hp_gain":0,"max_hp_loss":0,"event_name":"Match and Keep!","floor":14,"gold_loss":0,"cards_obtained":["Night Terror"]}],"is_beta":false,"boss_relics":[{"not_picked":["Black Star","Fusion Hammer"],"picked":"Empty Cage"}],"items_purged_floors":[],"is_endless":false,"potions_floor_spawned":[1,2,11,18],"killed_by":"Snecko","ascension_level":3}}