{"host":"ux1e5jwgl66eze79","time":1610984420,"event":{"mods":["2.2 Compatiblity","Act Like it!","Aspiration","BaseMod","Colored Powertips","Conspire","Downfall","Duelist Mod","GifTheSpireLib","Hubris","Minty Spire (QoL Compilation)","StSLib","The Construct","The Disciple","Wandering Minibosses"],"gold_per_floor":[142,142,142,159,84,115,130,130,130,130,130,130],"floor_reached":11,"language":"ENG","playtime":499,"items_purged":["theDuelist:Sparks"],"score":82,"play_id":"b5ae63b5-2b1e-4ca8-b183-4a84d8651a25","local_time":"20210118164020","is_ascension_mode":true,"campfire_choices":[{"floor":10.0,"key":"DIG"}],"circlet_count":0,"master_deck":["theDuelist:CastleWalls","theDuelist:CastleWalls","theDuelist:MangaRyuRan","theDuelist:Sparks","theDuelist:ToonAncientGear","theDuelist:ToonSummonedSkull","theDuelist:ToonWorld","theDuelist:TributeDoomed","theDuelist:ToonAncientGear","hubris:DuctTapeCard"],"relics":["theDuelist:MillenniumPuzzle","theDuelist:CardPoolRelic","theDuelist:CardPoolBasicRelic","theDuelist:BoosterPackPoolRelic","theDuelist:CardPoolAddRelic","theDuelist:CardPoolMinusRelic","theDuelist:CardPoolSaveRelic","theDuelist:CardPoolOptionsRelic","aspiration:Nostalgia","Burning Blood","hubris:Towel","theDuelist:MillenniumArmor","Shovel","hubris:DuctTape"],"acts_visited":["Exordium"],"potions_floor_usage":[],"damage_taken":[{"damage":2.0,"enemies":"2 Louse","floor":1.0,"turns":3.0},{"damage":2.0,"enemies":"Small Slimes","floor":4.0,"turns":2.0},{"damage":29.0,"enemies":"3 Sentries","floor":6.0,"turns":9.0},{"damage":0.0,"enemies":"Jaw Worm","floor":7.0,"turns":2.0},{"damage":0,"enemies":"Lagavulin","floor":11,"turns":1}],"seed_played":"8126459551336168767","potions_obtained":[{"floor":1.0,"key":"Block Potion"},{"floor":6.0,"key":"SteroidPotion"}],"is_trial":false,"path_per_floor":["M","?","?","M","$","E","M","?","T","R","E"],"character_chosen":"THE_DUELIST","items_purchased":[],"campfire_rested":0,"item_purchase_floors":[],"current_hp_per_floor":[80,80,80,80,80,57,63,63,63,63,63,63],"gold":130,"neow_bonus":"NOSTALGIA","is_daily":false,"chose_seed":false,"campfire_upgraded":0,"win_rate":0.0,"timestamp":1610984420,"path_taken":["M","?","?","M","$","E","M","?","T","R","E"],"items_purchased_type":[],"build_version":"2020-12-22","purchased_purges":1,"victory":false,"max_hp_per_floor":[80,80,80,80,80,80,80,80,80,80,80,80],"card_choices":[{"not_picked":["theDuelist:ToonBarrelDragon","theDuelist:CheerfulCoffin","theDuelist:ToonMermaid","theDuelist:ToonKingdom"],"picked":"theDuelist:ToonAncientGear","floor":1.0},{"not_picked":["theDuelist:BattleOx","theDuelist:BattleguardKing","theDuelist:GilfordLegend","theDuelist:WingedKuriboh","theDuelist:WormWarlord"],"picked":"SKIP","floor":4.0},{"not_picked":["theDuelist:MangaRyuRan","theDuelist:ToonBarrelDragon","theDuelist:FlyingSaucer","theDuelist:RedEyesToon"],"picked":"theDuelist:ToonAncientGear","floor":6.0},{"not_picked":["theDuelist:ClearKuriboh","theDuelist:GraniteLoyalist","theDuelist:LightningRodLord","theDuelist:WormWarlord","theDuelist:Fissure"],"picked":"SKIP","floor":7.0}],"player_experience":153334,"relics_obtained":[{"floor":6.0,"key":"theDuelist:MillenniumArmor"},{"floor":9.0,"key":"Shovel"},{"floor":10.0,"key":"hubris:DuctTape"}],"event_choices":[{"damage_healed":0.0,"max_hp_gain":0.0,"max_hp_loss":0.0,"gold_gain":0.0,"cards_transformed":["theDuelist:Sparks"],"event_name":"Living Wall","player_choice":"Change","floor":2.0,"gold_loss":0.0,"damage_taken":0.0,"cards_obtained":["theDuelist:TributeDoomed"]},{"damage_healed":0.0,"max_hp_gain":0.0,"max_hp_loss":0.0,"gold_gain":0.0,"event_name":"Egyptian Village","player_choice":"Leave","duelist":true,"floor":8.0,"gold_loss":0.0,"damage_taken":0.0}],"is_beta":false,"boss_relics":[],"items_purged_floors":[5],"is_endless":false,"potions_floor_spawned":[1,6],"killed_by":"Lagavulin","ascension_level":3}}