{"host":"8u7tvcybuv0u72fd","time":1610950832,"event":{"mods":["BaseMod","BetterRewards","Colored Map","Colored Powertips","Minty Spire (QoL Compilation)","Quick Restart","Shop Mod"],"gold_per_floor":[109,122,122,87,110,110,123,136,181,216,233,259,334,361,361,464,464,475,493,266,106,106,106,116,135,135,147,74,86,126,138,150,264,276,308,177,34,84,84,84,17,17,17,47,58,71,171,221,221,221,221,221,7,42,42],"floor_reached":56,"language":"ENG","playtime":2661,"items_purged":["Strike_R"],"score":1759,"play_id":"69bd5c5d-07a3-40ba-a7a3-061b310682af","local_time":"20210118012032","is_ascension_mode":false,"campfire_choices":[{"data":"Apotheosis","floor":6.0,"key":"SMITH"},{"data":"Limit Break","floor":15.0,"key":"SMITH"},{"data":"Bash","floor":23,"key":"SMITH"},{"data":"Body Slam","floor":29,"key":"SMITH"},{"data":"Double Tap","floor":32,"key":"SMITH"},{"data":"Shrug It Off","floor":40,"key":"SMITH"},{"data":"Flash of Steel","floor":42,"key":"SMITH"},{"floor":49,"key":"RECALL"},{"data":"Defend_R","floor":52,"key":"SMITH"}],"circlet_count":0,"master_deck":["Strike_R","Strike_R+1","Strike_R","Defend_R","Defend_R","Defend_R","Defend_R+1","Bash+1","Apotheosis+1","Body Slam+1","Headbutt","Shrug It Off+1","Pummel+1","Limit Break+1","Entrench+1","Double Tap+1","Juggernaut+1","Battle Trance+1","Flash of Steel+1","Iron Wave+1"],"relics":["Burning Blood","Juzu Bracelet","Thread and Needle","Lantern","Art of War","Ice Cream","Vajra","Anchor","Blood Vial","Bag of Marbles","Matryoshka","Busted Crown","Ancient Tea Set","Mercury Hourglass","Orichalcum","Pen Nib","SacredBark","PreservedInsect","Membership Card","Magic Flower","MerchantsRug","Potion Belt","Strawberry","StoneCalendar","Gambling Chip","Whetstone"],"acts_visited":["Exordium","TheCity","TheBeyond","TheEnding"],"potions_floor_usage":[19,38,53,55,55,55,55,55],"damage_taken":[{"damage":0.0,"enemies":"Cultist","floor":1.0,"turns":3.0},{"damage":0.0,"enemies":"2 Louse","floor":2.0,"turns":3.0},{"damage":0.0,"enemies":"Jaw Worm","floor":7.0,"turns":3.0},{"damage":0.0,"enemies":"Red Slaver","floor":8.0,"turns":3.0},{"damage":6.0,"enemies":"Lagavulin","floor":10.0,"turns":5.0},{"damage":0.0,"enemies":"Lots of Slimes","floor":11.0,"turns":4.0},{"damage":0.0,"enemies":"3 Sentries","floor":12.0,"turns":7.0},{"damage":0.0,"enemies":"Lagavulin","floor":14.0,"turns":4.0},{"damage":29.0,"enemies":"Slime Boss","floor":16.0,"turns":8.0},{"damage":4.0,"enemies":"Spheric Guardian","floor":18.0,"turns":4.0},{"damage":0,"enemies":"2 Thieves","floor":19,"turns":3},{"damage":6,"enemies":"Snecko","floor":24,"turns":4},{"damage":0,"enemies":"Snake Plant","floor":25,"turns":3},{"damage":0,"enemies":"Gremlin Leader","floor":30,"turns":4},{"damage":8,"enemies":"Champ","floor":33,"turns":6},{"damage":0,"enemies":"Orb Walker","floor":35,"turns":3},{"damage":15,"enemies":"2 Orb Walkers","floor":38,"turns":5},{"damage":0,"enemies":"Reptomancer","floor":44,"turns":1},{"damage":22,"enemies":"3 Darklings","floor":45,"turns":4},{"damage":4,"enemies":"Jaw Worm Horde","floor":46,"turns":3},{"damage":0,"enemies":"Mind Bloom Boss Battle","floor":48,"turns":3},{"damage":12,"enemies":"Awakened One","floor":50,"turns":7},{"damage":10,"enemies":"Shield and Spear","floor":54,"turns":4},{"damage":74,"enemies":"The Heart","floor":55,"turns":7}],"seed_played":"-5459505270027027583","potions_obtained":[{"floor":7.0,"key":"Energy Potion"},{"floor":10.0,"key":"ColorlessPotion"},{"floor":11.0,"key":"Energy Potion"},{"floor":30,"key":"EssenceOfSteel"},{"floor":35,"key":"SteroidPotion"},{"floor":44,"key":"BlessingOfTheForge"},{"floor":46,"key":"ElixirPotion"},{"floor":54,"key":"Dexterity Potion"}],"is_trial":false,"path_per_floor":["M","M","?","?","T","R","M","M","T","E","M","E","?","E","R","B",null,"M","M","$","$","?","R","M","M","T","$","?","R","E","?","R","B",null,"M","$","$","?","?","R","$","R","T","E","M","M","?","?","R","B",null,"R","$","E","B",null],"character_chosen":"IRONCLAD","items_purchased":["Juzu Bracelet","Lantern","Apotheosis","Body Slam","Art of War","FearPotion","Entrench","Ancient Tea Set","Double Tap","PreservedInsect","Membership Card","MerchantsRug","Swift Potion","Fruit Juice","PowerPotion","Gambling Chip"],"campfire_rested":0,"item_purchase_floors":[0,0,0,0,0,0,20,20,21,36,37,41,41,53,53,53],"current_hp_per_floor":[38,44,37,57,57,57,63,69,69,69,77,80,72,80,80,57,80,80,80,80,80,80,80,80,80,80,80,80,80,80,80,80,78,80,80,80,80,71,71,71,71,71,71,87,74,82,82,87,87,84,87,87,97,96,32],"gold":42,"neow_bonus":"","is_daily":false,"chose_seed":false,"campfire_upgraded":8,"win_rate":0.0,"timestamp":1610950832,"path_taken":["M","M","?","?","?","R","M","M","T","E","M","E","?","E","R","BOSS","M","M","?","$","?","R","M","M","T","$","?","R","E","?","R","BOSS","M","?","$","?","?","R","$","R","T","E","M","M","?","?","R","BOSS","R","$","E","BOSS"],"items_purchased_type":["Relic","Relic","Card","Card","Relic","Potion","Card","Relic","Card","Relic","Relic","Relic","Potion","Potion","Potion","Relic"],"build_version":"2020-12-22","purchased_purges":1,"victory":true,"max_hp_per_floor":[80,80,80,80,80,80,80,80,80,80,80,80,80,80,80,80,80,80,80,80,80,80,80,80,80,80,80,80,80,80,80,80,80,80,80,80,80,80,80,80,80,80,80,87,87,87,87,87,87,87,87,87,97,97,97],"card_choices":[{"not_picked":["Body Slam","Fire Breathing","Disarm"],"picked":"SKIP","floor":1.0},{"not_picked":["Heavy Blade","Sword Boomerang"],"picked":"Headbutt","floor":2.0},{"not_picked":["Havoc","Armaments","Fiend Fire"],"picked":"SKIP","floor":7.0},{"not_picked":["Havoc","Armaments","Fiend Fire"],"picked":"SKIP","floor":7.0},{"not_picked":["Headbutt","Fire Breathing"],"picked":"Shrug It Off","floor":8.0},{"not_picked":["Carnage","True Grit"],"picked":"Pummel","floor":10.0},{"not_picked":["Clothesline","Thunderclap","Cleave"],"picked":"SKIP","floor":11.0},{"not_picked":["Clothesline","Thunderclap","Cleave"],"picked":"SKIP","floor":11.0},{"not_picked":["Pummel","Clothesline"],"picked":"Limit Break","floor":12.0},{"not_picked":["Anger","Warcry","Power Through"],"picked":"SKIP","floor":14.0},{"not_picked":["Limit Break","Immolate"],"picked":"Berserk","floor":16.0},{"not_picked":["Thunderclap"],"picked":"SKIP","floor":18.0},{"not_picked":["Headbutt"],"picked":"SKIP","floor":19},{"not_picked":["Anger"],"picked":"SKIP","floor":24},{"not_picked":["Body Slam"],"picked":"SKIP","floor":25},{"not_picked":["Warcry"],"picked":"SKIP","floor":30},{"not_picked":[],"picked":"Battle Trance+1","floor":35},{"not_picked":[],"picked":"Flash of Steel","floor":39},{"not_picked":["Wild Strike"],"picked":"SKIP","floor":44},{"not_picked":[],"picked":"Iron Wave+1","floor":45},{"not_picked":["Flame Barrier"],"picked":"SKIP","floor":46},{"not_picked":["Havoc+1"],"picked":"SKIP","floor":54}],"player_experience":1355106,"relics_obtained":[{"floor":5.0,"key":"Vajra"},{"floor":9.0,"key":"Anchor"},{"floor":10.0,"key":"Blood Vial"},{"floor":12.0,"key":"Bag of Marbles"},{"floor":14.0,"key":"Matryoshka"},{"floor":26,"key":"MawBank"},{"floor":26,"key":"Mercury Hourglass"},{"floor":30,"key":"Pen Nib"},{"floor":38,"key":"Magic Flower"},{"floor":43,"key":"Potion Belt"},{"floor":44,"key":"Strawberry"},{"floor":48,"key":"StoneCalendar"},{"floor":54,"key":"Whetstone"}],"event_choices":[{"cards_removed":["Strike_R"],"damage_healed":0.0,"max_hp_gain":0.0,"max_hp_loss":0.0,"gold_gain":0.0,"event_name":"Golden Wing","player_choice":"Card Removal","floor":3.0,"gold_loss":0.0,"damage_taken":7.0},{"damage_healed":20.0,"max_hp_gain":0.0,"max_hp_loss":0.0,"gold_gain":0.0,"event_name":"The Cleric","player_choice":"Healed","floor":4.0,"gold_loss":35.0,"damage_taken":0.0},{"damage_healed":0.0,"max_hp_gain":0.0,"max_hp_loss":0.0,"gold_gain":75.0,"event_name":"FaceTrader","player_choice":"Touch","floor":13.0,"gold_loss":0.0,"damage_taken":8.0},{"cards_removed":["Berserk"],"damage_healed":0,"gold_gain":0,"player_choice":"Took Card","damage_taken":0,"max_hp_gain":0,"max_hp_loss":0,"event_name":"NoteForYourself","floor":22,"gold_loss":0,"cards_obtained":["Juggernaut"]},{"damage_healed":0,"gold_gain":0,"player_choice":"Obtained Relic","damage_taken":0,"relics_obtained":["Orichalcum"],"max_hp_gain":0,"max_hp_loss":0,"event_name":"Addict","floor":28,"gold_loss":85},{"damage_healed":0,"gold_gain":0,"player_choice":"Upgraded","damage_taken":0,"max_hp_gain":0,"max_hp_loss":0,"event_name":"Upgrade Shrine","floor":31,"gold_loss":0,"cards_upgraded":["Entrench"]},{"damage_healed":0,"gold_gain":0,"player_choice":"Fight","damage_taken":0,"max_hp_gain":0,"max_hp_loss":0,"event_name":"Mysterious Sphere","floor":38,"gold_loss":0},{"damage_healed":0,"gold_gain":0,"player_choice":"Memory 1","damage_taken":0,"max_hp_gain":0,"max_hp_loss":0,"event_name":"SensoryStone","floor":39,"gold_loss":0},{"damage_healed":0,"gold_gain":100,"player_choice":"Pray","damage_taken":0,"max_hp_gain":0,"max_hp_loss":0,"event_name":"Golden Shrine","floor":47,"gold_loss":0},{"damage_healed":0,"gold_gain":0,"player_choice":"Fight","damage_taken":0,"max_hp_gain":0,"max_hp_loss":0,"event_name":"MindBloom","floor":48,"gold_loss":0}],"is_beta":false,"boss_relics":[{"not_picked":["Astrolabe","Tiny House"],"picked":"Busted Crown"},{"not_picked":["Velvet Choker","Sozu"],"picked":"SacredBark"}],"items_purged_floors":[0],"is_endless":false,"potions_floor_spawned":[7,10,11,16,18,30,35,44,46,54],"ascension_level":0}}