{"host":"otq8dfq4j7e4v22n","time":1610932102,"event":{"mods":["BaseMod","Better Third Choice","Minty Spire (QoL Compilation)","Permanent Neow","Relic Stats","StSLib","Transform Curses"],"gold_per_floor":[116,186,186,198,26,59,71,71,95,120,133,159,186,186,186,260,260,278,258,583,602,617,642,642,674,674,701,716,742,758,296,296,368,368,387,432,482,498,528,559,559,590,613,642,655,231,260,280,280,280,280,11,36,36],"floor_reached":55,"language":"ENG","playtime":5441,"items_purged":["FearNoEvil","CutThroughFate"],"score":3082,"play_id":"4e84c37b-4a0d-42c7-91ff-28bf5a61f605","local_time":"20210117170822","daily_mods":["SealedDeck","Heirloom","DeadlyEvents","Elite Swarm"],"is_ascension_mode":true,"campfire_choices":[{"data":"Weave","floor":8,"key":"SMITH"},{"floor":15,"key":"REST"},{"floor":24,"key":"REST"},{"floor":32,"key":"REST"},{"data":"Nirvana","floor":41,"key":"SMITH"},{"data":"Nirvana","floor":49,"key":"SMITH"},{"data":"Nirvana","floor":51,"key":"SMITH"}],"circlet_count":0,"master_deck":["AscendersBane","CutThroughFate","CutThroughFate+1","Weave+1","ThirdEye+1","CutThroughFate","Nirvana+1","Nirvana+1","JustLucky","CutThroughFate+1","Devotion","Devotion","Vault+1","Devotion","Brilliance+1","SashWhip+1","Brilliance+1","ThirdEye+1","Blasphemy+1","Brilliance+1","Scrawl+1","Prostrate+1","TalkToTheHand+1","Nirvana+1","TalkToTheHand+1","ThirdEye+1"],"relics":["PureWater","Pocketwatch","Molten Egg 2","Vajra","Potion Belt","Dream Catcher","Toxic Egg 2","Matryoshka","Pen Nib","VioletLotus","Old Coin","Pantograph","HornCleat","Yang","StrikeDummy","InkBottle","Lantern","Frozen Eye","Anchor","Empty Cage","CaptainsWheel","GoldenEye","Centennial Puzzle","Blood Vial","Regal Pillow","Strawberry","Mercury Hourglass","Sling","War Paint","Mummified Hand","Whetstone","Oddly Smooth Stone"],"acts_visited":["Exordium","TheCity","TheBeyond","Exordium","TheBeyond","TheEnding"],"potions_floor_usage":[16,16,21,23,23,35,36,36,39,54],"damage_taken":[{"damage":0,"enemies":"2 Louse","floor":1,"turns":2},{"damage":7,"enemies":"Jaw Worm","floor":4,"turns":2},{"damage":2,"enemies":"3 Sentries","floor":6,"turns":4},{"damage":0,"enemies":"Small Slimes","floor":7,"turns":2},{"damage":0,"enemies":"Lagavulin","floor":10,"turns":4},{"damage":0,"enemies":"Looter","floor":11,"turns":2},{"damage":8,"enemies":"Gremlin Nob","floor":12,"turns":4},{"damage":0,"enemies":"Lagavulin","floor":13,"turns":5},{"damage":8,"enemies":"The Guardian","floor":16,"turns":4},{"damage":0,"enemies":"Spheric Guardian","floor":18,"turns":3},{"damage":11,"enemies":"Gremlin Leader","floor":20,"turns":4},{"damage":11,"enemies":"2 Thieves","floor":21,"turns":2},{"damage":0,"enemies":"Snecko","floor":22,"turns":4},{"damage":24,"enemies":"Book of Stabbing","floor":23,"turns":4},{"damage":23,"enemies":"Slavers","floor":25,"turns":5},{"damage":11,"enemies":"Gremlin Leader","floor":27,"turns":4},{"damage":0,"enemies":"Snake Plant","floor":28,"turns":5},{"damage":0,"enemies":"Book of Stabbing","floor":29,"turns":1},{"damage":0,"enemies":"Centurion and Healer","floor":30,"turns":5},{"damage":0,"enemies":"Automaton","floor":33,"turns":4},{"damage":13,"enemies":"3 Darklings","floor":35,"turns":4},{"damage":0,"enemies":"2 Orb Walkers","floor":36,"turns":5},{"damage":0,"enemies":"Orb Walker","floor":38,"turns":3},{"damage":0,"enemies":"Reptomancer","floor":39,"turns":3},{"damage":0,"enemies":"Nemesis","floor":40,"turns":5},{"damage":13,"enemies":"Reptomancer","floor":42,"turns":4},{"damage":0,"enemies":"Giant Head","floor":44,"turns":3},{"damage":0,"enemies":"Maw","floor":45,"turns":3},{"damage":0,"enemies":"Nemesis","floor":47,"turns":5},{"damage":0,"enemies":"Transient","floor":48,"turns":6},{"damage":11,"enemies":"Donu and Deca","floor":50,"turns":5},{"damage":0,"enemies":"Shield and Spear","floor":53,"turns":5},{"damage":39,"enemies":"The Heart","floor":54,"turns":7}],"seed_played":"868748865466377928","potions_obtained":[{"floor":4,"key":"DuplicationPotion"},{"floor":7,"key":"DuplicationPotion"},{"floor":11,"key":"SpeedPotion"},{"floor":13,"key":"Energy Potion"},{"floor":16,"key":"DistilledChaos"},{"floor":19,"key":"LiquidBronze"},{"floor":20,"key":"DistilledChaos"},{"floor":21,"key":"AttackPotion"},{"floor":23,"key":"BottledMiracle"},{"floor":27,"key":"LiquidMemories"},{"floor":28,"key":"DistilledChaos"},{"floor":36,"key":"SkillPotion"},{"floor":38,"key":"FairyPotion"},{"floor":44,"key":"SpeedPotion"},{"floor":47,"key":"LiquidBronze"}],"is_trial":true,"path_per_floor":["M","?","?","M","$","E","M","R","T","E","M","E","E","?","R","B",null,"M","?","E","M","M","E","R","E","T","E","M","E","M","$","R","B",null,"M","?","?","M","E","E","R","E","T","E","M","$","E","M","R","B","R","$","E","B",null],"character_chosen":"WATCHER","items_purchased":["Vajra","Frozen Eye","Anchor","Prostrate+1","Sling","TalkToTheHand+1","ThirdEye+1","War Paint","Whetstone"],"campfire_rested":3,"item_purchase_floors":[5,31,31,31,46,46,46,46,52],"current_hp_per_floor":[61,61,66,59,59,57,57,57,57,57,57,49,49,49,70,62,70,70,70,59,48,48,24,45,22,22,11,11,11,11,11,32,57,69,56,56,56,56,56,56,56,43,50,52,54,54,56,58,58,80,80,80,80,41],"gold":36,"neow_bonus":"","is_daily":false,"chose_seed":false,"campfire_upgraded":4,"win_rate":0.0,"timestamp":1610932102,"path_taken":["M","?","?","M","?","E","?","R","T","E","M","E","?","?","R","BOSS","M","?","?","M","M","E","R","E","T","E","M","E","M","$","R","BOSS","M","?","?","M","?","E","R","E","T","E","M","$","E","M","R","BOSS","BOSS","R","$","E","BOSS"],"items_purchased_type":["Relic","Relic","Relic","Card","Relic","Card","Card","Relic","Relic"],"build_version":"2020-12-22","purchased_purges":2,"victory":true,"max_hp_per_floor":[68,68,73,73,73,73,73,73,73,73,73,73,73,73,73,73,73,73,73,73,73,73,73,73,73,73,73,73,73,73,73,73,73,73,73,73,73,73,73,73,73,73,80,80,80,80,80,80,80,80,80,80,80,80],"relic_stats":{"Regal Pillow":0,"counters":[34,129],"Yang":[281],"Pen Nib":[37],"Whetstone":["CutThroughFate","CutThroughFate"],"War Paint":["ThirdEye"],"GoldenEye":[122],"Mercury Hourglass":[89],"Blood Vial":12,"Dream Catcher":3,"Centennial Puzzle":[9],"Mummified Hand":[25],"Pantograph":46,"VioletLotus":[0],"obtain_stats":[{"Lantern":29,"Regal Pillow":43,"Vajra":5,"Yang":26,"Whetstone":52,"Empty Cage":34,"Sling":46,"Old Coin":20,"Blood Vial":42,"Frozen Eye":31,"Dream Catcher":9,"Centennial Puzzle":40,"Matryoshka":12,"HornCleat":25,"Mummified Hand":47,"Pantograph":23,"Strawberry":43,"VioletLotus":17,"Toxic Egg 2":10,"InkBottle":27,"Potion Belt":6,"Oddly Smooth Stone":53,"Pen Nib":13,"War Paint":46,"GoldenEye":39,"Mercury Hourglass":44,"Anchor":31,"CaptainsWheel":36,"Molten Egg 2":5,"PureWater":0,"StrikeDummy":26,"Pocketwatch":0},{"Lantern":18,"Regal Pillow":26,"Vajra":2,"Yang":15,"Whetstone":32,"Empty Cage":20,"Sling":28,"Old Coin":11,"Blood Vial":26,"Frozen Eye":19,"Dream Catcher":4,"Centennial Puzzle":25,"Matryoshka":7,"HornCleat":15,"Mummified Hand":29,"Pantograph":14,"Strawberry":26,"VioletLotus":9,"Toxic Egg 2":5,"InkBottle":16,"Potion Belt":3,"Oddly Smooth Stone":33,"Pen Nib":8,"War Paint":28,"GoldenEye":24,"Mercury Hourglass":27,"Anchor":19,"CaptainsWheel":22,"Molten Egg 2":2,"PureWater":0,"StrikeDummy":15,"Pocketwatch":0},{"Lantern":61,"Regal Pillow":94,"Vajra":4,"Yang":51,"Whetstone":117,"Empty Cage":70,"Sling":100,"Old Coin":36,"Blood Vial":94,"Frozen Eye":66,"Dream Catcher":10,"Centennial Puzzle":90,"Matryoshka":20,"HornCleat":51,"Mummified Hand":105,"Pantograph":46,"Strawberry":94,"VioletLotus":29,"Toxic Egg 2":14,"InkBottle":55,"Potion Belt":8,"Oddly Smooth Stone":122,"Pen Nib":25,"War Paint":100,"GoldenEye":85,"Mercury Hourglass":97,"Anchor":66,"CaptainsWheel":79,"Molten Egg 2":4,"PureWater":0,"StrikeDummy":51,"Pocketwatch":0}],"InkBottle":[41],"Pocketwatch":[39]},"card_choices":[{"not_picked":["PathToVictory","Evaluate"],"picked":"JustLucky","floor":1},{"not_picked":["Pray","ClearTheMind"],"picked":"CutThroughFate","floor":4},{"not_picked":["Brilliance+1","Ragnarok+1"],"picked":"Devotion","floor":6},{"not_picked":["Halt","Collect","Wallop+1"],"picked":"SKIP","floor":7},{"not_picked":["Wish+1","DevaForm"],"picked":"Devotion","floor":10},{"not_picked":["Conclude+1","PathToVictory+1","BowlingBash+1"],"picked":"SKIP","floor":11},{"not_picked":["Judgement+1","Omniscience+1"],"picked":"Vault+1","floor":12},{"not_picked":["Judgement+1","LessonLearned+1"],"picked":"Devotion","floor":13},{"not_picked":["SpiritShield+1","Wish+1"],"picked":"Brilliance+1","floor":16},{"not_picked":["EmptyBody+1","Conclude+1"],"picked":"SashWhip+1","floor":18},{"not_picked":["SpiritShield+1","Scrawl+1"],"picked":"Brilliance+1","floor":20},{"not_picked":["Protect+1","EmptyBody+1","Indignation+1"],"picked":"SKIP","floor":21},{"not_picked":["SashWhip+1","Halt+1"],"picked":"CrushJoints+1","floor":22},{"not_picked":["Judgement+1","DevaForm","Omniscience+1"],"picked":"SKIP","floor":23},{"not_picked":["CrushJoints+1","JustLucky+1"],"picked":"ThirdEye+1","floor":24},{"not_picked":["Alpha+1","Establishment"],"picked":"Blasphemy+1","floor":25},{"not_picked":["Devotion","Omniscience+1"],"picked":"Brilliance+1","floor":27},{"not_picked":["FlyingSleeves+1","Evaluate+1","SandsOfTime+1"],"picked":"SKIP","floor":28},{"not_picked":["DevaForm","ConjureBlade+1"],"picked":"Scrawl+1","floor":29},{"not_picked":["Indignation+1","SashWhip+1","EmptyFist+1"],"picked":"SKIP","floor":30},{"not_picked":["MentalFortress+1","SignatureMove+1"],"picked":"TalkToTheHand+1","floor":32},{"not_picked":["FlurryOfBlows+1","LikeWater","WheelKick+1"],"picked":"SKIP","floor":35},{"not_picked":["Prostrate+1","Crescendo+1","Tantrum+1"],"picked":"SKIP","floor":38},{"not_picked":["Omniscience+1","Judgement+1","Vault+1"],"picked":"SKIP","floor":39},{"not_picked":["Vault+1","Scrawl+1","SpiritShield+1"],"picked":"SKIP","floor":40},{"not_picked":["MasterReality","DevaForm","Scrawl+1"],"picked":"SKIP","floor":42},{"not_picked":["Omniscience+1","Brilliance+1","ConjureBlade+1"],"picked":"SKIP","floor":44},{"not_picked":["CrushJoints+1","FlurryOfBlows+1"],"picked":"Nirvana","floor":45},{"not_picked":["LessonLearned+1","Blasphemy+1","DevaForm"],"picked":"SKIP","floor":47},{"not_picked":["CarveReality+1","WindmillStrike+1","Perseverance+1"],"picked":"SKIP","floor":48},{"not_picked":["SpiritShield+1","Judgement+1","Establishment"],"picked":"SKIP","floor":53}],"player_experience":76343,"relics_obtained":[{"floor":6,"key":"Potion Belt"},{"floor":9,"key":"Dream Catcher"},{"floor":10,"key":"Toxic Egg 2"},{"floor":12,"key":"Matryoshka"},{"floor":13,"key":"Pen Nib"},{"floor":20,"key":"Old Coin"},{"floor":23,"key":"Pantograph"},{"floor":25,"key":"HornCleat"},{"floor":26,"key":"Yang"},{"floor":26,"key":"StrikeDummy"},{"floor":27,"key":"InkBottle"},{"floor":29,"key":"Lantern"},{"floor":36,"key":"CaptainsWheel"},{"floor":39,"key":"GoldenEye"},{"floor":40,"key":"Centennial Puzzle"},{"floor":42,"key":"Blood Vial"},{"floor":43,"key":"Regal Pillow"},{"floor":43,"key":"Strawberry"},{"floor":44,"key":"Mercury Hourglass"},{"floor":47,"key":"Mummified Hand"},{"floor":53,"key":"Oddly Smooth Stone"}],"event_choices":[{"damage_healed":0,"gold_gain":70,"player_choice":"Gained Gold","damage_taken":0,"max_hp_gain":0,"max_hp_loss":0,"event_name":"Golden Wing","floor":2,"gold_loss":0},{"damage_healed":0,"gold_gain":0,"player_choice":"Donut","damage_taken":0,"max_hp_gain":5,"max_hp_loss":0,"event_name":"Big Fish","floor":3,"gold_loss":0},{"damage_healed":0,"gold_gain":0,"player_choice":"Ignored","damage_taken":186,"max_hp_gain":0,"max_hp_loss":0,"event_name":"betterThird:BetterSerpent","floor":14,"gold_loss":0},{"damage_healed":0,"gold_gain":0,"player_choice":"Bought 1 Potion","damage_taken":0,"max_hp_gain":0,"max_hp_loss":0,"event_name":"The Woman in Blue","floor":19,"gold_loss":0},{"damage_healed":0,"gold_gain":0,"player_choice":"Fight","damage_taken":0,"max_hp_gain":0,"max_hp_loss":0,"event_name":"Mysterious Sphere","floor":36,"gold_loss":0},{"damage_healed":0,"gold_gain":50,"player_choice":"Pray","damage_taken":0,"max_hp_gain":0,"max_hp_loss":0,"event_name":"Golden Shrine","floor":37,"gold_loss":0}],"is_beta":false,"boss_relics":[{"not_picked":["Tiny House","Velvet Choker"],"picked":"VioletLotus"},{"not_picked":["Fusion Hammer","HolyWater"],"picked":"Empty Cage"}],"items_purged_floors":[31,52],"is_endless":false,"potions_floor_spawned":[4,7,11,13,16,20,21,23,27,28,30,33,36,38,44,47],"ascension_level":20}}