{"host":"6jrnojxwearbrjzo","time":1610946211,"event":{"mods":["BaseMod","Conspire","Downfall","Highlight Path","Marisa（F雨　魔理沙）","Minty Spire (QoL Compilation)","MostiFishMod","Quick Restart","Random Character Button","Shop Mod","Spicy Shops","StSLib","The Construct","The Servant 0.9.4","Yuyuko","[功能]功能增强和修复MOD","vexMod"],"gold_per_floor":[117,117,117,171,171,211,234,234,234,268,291,291,12,112,112,232,232,257,272,272,110,124,159,159,134,157,157,201,66,109,145,145,273,273,294,110,110,32,55,99,99,99],"floor_reached":43,"language":"ZHS","playtime":1879,"items_purged":["Pain","Defend_B","Defend_B","Strike_B","Strike_B","Decay","Strike_B","Defend_B+1","MostiFishMod:PushDownKick","Strike_B","Defend_B+1"],"score":1017,"play_id":"90ab43c0-bbd3-4a24-a32d-5d00c97dec1a","local_time":"20210118130331","is_ascension_mode":true,"campfire_choices":[{"data":"Zap","floor":8,"key":"SMITH"},{"data":"MostiFishMod:GatherIntelligence","floor":12,"key":"SMITH"},{"data":"Core Surge","floor":15,"key":"SMITH"},{"data":"Genetic Algorithm","floor":24,"key":"SMITH"},{"data":"Amplify","floor":27,"key":"SMITH"},{"data":"Skim","floor":32,"key":"SMITH"}],"circlet_count":0,"master_deck":["Zap+1","Dualcast+1","Mayhem+1","Genetic Algorithm+1","MostiFishMod:GatherIntelligence+1","Core Surge+1","MostiFishMod:Galeforce","Amplify+1","Hologram+1","Core Surge+1","MostiFishMod:StarOceanB","Loop+1","MostiFishMod:ActiveDefenseSystem","Skim+1","MostiFishMod:TalkingToTheRain","MostiFishMod:LinkProtocol","Deep Breath","Defragment","Capacitor+1"],"relics":["Cracked Core","DaveBox","Dodecahedron","SynthV:TestCard","Golden Idol","MealTicket","Bag of Marbles","Strawberry","Pantograph","War Paint","vexMod:PlasmaPancake","Nunchaku","ClockworkSouvenir","vexMod:BarristanHead","vexMod:TimeEaterHat","GuanYuAspect","Sling","Bronze Scales","Art of War","vexMod:RetaliationKit","Akabeko","Toy Ornithopter","WingedGreaves","ArrowTower","conspire:Dentures","Gremlin Horn","Boot","RhineCircuit","Mummified Hand","conspire:DeflatedDodgeball","Mercury Hourglass","BirthdayGift-Icosahedron","Whetstone"],"acts_visited":["Exordium","TheCity","TheBeyond"],"potions_floor_usage":[10,16,31],"damage_taken":[{"damage":3,"enemies":"conspire:RoseBush","floor":1,"turns":3},{"damage":11,"enemies":"Lagavulin","floor":6,"turns":9},{"damage":12,"enemies":"3 Sentries","floor":10,"turns":8},{"damage":3,"enemies":"2 Louse","floor":11,"turns":3},{"damage":49,"enemies":"Hexaghost","floor":16,"turns":11},{"damage":6,"enemies":"Shell Parasite","floor":18,"turns":4},{"damage":16,"enemies":"3 Byrds","floor":19,"turns":3},{"damage":24,"enemies":"conspire:HollyBat","floor":22,"turns":7},{"damage":33,"enemies":"Slavers","floor":23,"turns":4},{"damage":21,"enemies":"Book of Stabbing","floor":28,"turns":4},{"damage":0,"enemies":"Gremlin Leader","floor":30,"turns":1},{"damage":8,"enemies":"Book of Stabbing","floor":31,"turns":4},{"damage":0,"enemies":"Automaton","floor":33,"turns":7},{"damage":6,"enemies":"3 Shapes","floor":35,"turns":2},{"damage":0,"enemies":"Orb Walker","floor":39,"turns":1},{"damage":0,"enemies":"Nemesis","floor":40,"turns":2},{"damage":0,"enemies":"conspire:OrnateMirror","floor":42,"turns":2}],"seed_played":"-8786049237885146046","potions_obtained":[{"floor":6,"key":"SkillPotion"},{"floor":10,"key":"SkillPotion"},{"floor":10,"key":"bronze:BurnAndBuffPotion"},{"floor":10,"key":"conspire:TimeTravelPotion"},{"floor":16,"key":"FearPotion"},{"floor":19,"key":"PowerPotion"},{"floor":31,"key":"AttackPotion"}],"is_trial":false,"path_per_floor":["M","?","?","T","?","E","T","R","T","E","M","R","$","?","R","B",null,"M","M","?","$","M","E","R","?","T","R","E","$","E","E","R","B",null,"M","$","?","$","M","E","?","B",null],"character_chosen":"DEFECT","items_purchased":["Core Surge","War Paint","vexMod:PlasmaPancake","Nunchaku","ClockworkSouvenir","vexMod:BarristanHead","vexMod:TimeEaterHat","MostiFishMod:Galeforce","Sling","Bronze Scales","Art of War","MostiFishMod:StarOceanB","vexMod:RetaliationKit","ArrowTower","conspire:Dentures","Buffer","Mummified Hand","conspire:DeflatedDodgeball","Mercury Hourglass","MostiFishMod:LinkProtocol","Deep Breath","LiquidMemories","Defragment","BirthdayGift-Icosahedron"],"campfire_rested":0,"item_purchase_floors":[13,13,13,13,13,13,13,13,21,21,21,21,21,29,29,29,36,36,36,36,36,36,38,38],"current_hp_per_floor":[51,33,18,18,43,32,39,39,39,33,30,30,51,51,51,27,47,47,38,38,46,41,32,32,32,32,32,33,41,43,47,47,47,47,44,47,57,57,57,57,57,57],"gold":99,"neow_bonus":"RANDOM_COLORLESS_2","is_daily":false,"chose_seed":false,"campfire_upgraded":6,"win_rate":0.0,"timestamp":1610946211,"path_taken":["M","?","?","?","?","E","?","R","T","E","?","R","$","?","R","BOSS","M","?","?","$","?","E","R","?","T","R","E","$","E","E","R","BOSS","M","$","?","$","?","E","?","BOSS"],"items_purchased_type":["Card","Relic","Relic","Relic","Relic","Relic","Relic","Card","Relic","Relic","Relic","Card","Relic","Relic","Relic","Card","Relic","Relic","Relic","Card","Card","Potion","Card","Relic"],"build_version":"2020-12-22","purchased_purges":11,"victory":true,"max_hp_per_floor":[75,75,75,75,75,75,82,82,82,88,88,88,94,94,94,94,47,47,47,47,47,47,47,47,47,47,47,47,47,47,47,47,47,47,47,47,57,57,57,57,57,57],"card_choices":[{"not_picked":["Magnetism","Master of Strategy"],"picked":"Mayhem","floor":0},{"not_picked":["Redo","Scrape","Fusion"],"picked":"SKIP","floor":1},{"not_picked":["Cold Snap","Steam Power","Heatsinks","Barrage"],"picked":"MostiFishMod:PushDownKick","floor":6},{"not_picked":["Go for the Eyes","Barrage","Streamline","Skim"],"picked":"Genetic Algorithm","floor":10},{"not_picked":["Glacier","Fusion","Reprogram","Gash"],"picked":"MostiFishMod:GatherIntelligence","floor":11},{"not_picked":["MostiFishMod:Overload","Buffer","MostiFishMod:Nova","MostiFishMod:DeathFromBelow"],"picked":"Amplify","floor":16},{"not_picked":["Hologram","Compile Driver","Scrape","Hello World+1","Gash"],"picked":"SKIP","floor":18},{"not_picked":["MostiFishMod:GatherIntelligence","Conserve Battery+1","Rebound","Ball Lightning"],"picked":"Hologram+1","floor":19},{"not_picked":["Barrage","Ball Lightning","Auto Shields+1","Leap+1"],"picked":"Loop+1","floor":22},{"not_picked":["Beam Cell","Hologram","Chill+1","MostiFishMod:Impulse"],"picked":"MostiFishMod:ActiveDefenseSystem","floor":23},{"not_picked":["Cold Snap","Barrage","Stack","conspire:Rain"],"picked":"Skim","floor":28},{"not_picked":["Steam Power","MostiFishMod:ReprogramOld","Gash+1","Stack","Skim"],"picked":"SKIP","floor":30},{"not_picked":["Undo","MostiFishMod:PushDownKick","Chill","MostiFishMod:IntelligentEquipment","Amplify"],"picked":"SKIP","floor":31},{"not_picked":["MostiFishMod:IceShield","Machine Learning","Rainbow","Hyperbeam"],"picked":"MostiFishMod:TalkingToTheRain","floor":33},{"not_picked":["Hello World+1","Sweeping Beam+1","Tempest","Compile Driver","Rebound"],"picked":"SKIP","floor":35},{"not_picked":["Self Repair+1","Loop","MostiFishMod:PushDownKick+1","Redo+1","MostiFishMod:ReprogramOld+1"],"picked":"SKIP","floor":39},{"not_picked":["Steam Power+1","Steam+1","Streamline+1","Cold Snap+1"],"picked":"Capacitor+1","floor":40}],"player_experience":84080,"relics_obtained":[{"floor":1,"key":"SynthV:TestCard"},{"floor":4,"key":"MealTicket"},{"floor":6,"key":"Bag of Marbles"},{"floor":7,"key":"Strawberry"},{"floor":9,"key":"Pantograph"},{"floor":10,"key":"vexMod:BerryBomb"},{"floor":23,"key":"Akabeko"},{"floor":26,"key":"Toy Ornithopter"},{"floor":28,"key":"WingedGreaves"},{"floor":30,"key":"Gremlin Horn"},{"floor":31,"key":"Boot"},{"floor":40,"key":"Whetstone"}],"event_choices":[{"damage_healed":0,"gold_gain":0,"player_choice":"Take Damage","damage_taken":18,"relics_obtained":["Golden Idol"],"max_hp_gain":0,"max_hp_loss":0,"event_name":"Golden Idol","floor":2,"gold_loss":0},{"damage_healed":0,"gold_gain":0,"player_choice":"Entered Light","damage_taken":15,"max_hp_gain":0,"max_hp_loss":0,"event_name":"Shining Light","floor":3,"gold_loss":0,"cards_upgraded":["Defend_B","Mayhem"]},{"damage_healed":25,"gold_gain":0,"player_choice":"Banana","damage_taken":0,"max_hp_gain":0,"max_hp_loss":0,"event_name":"Big Fish","floor":5,"gold_loss":0},{"damage_healed":0,"gold_gain":100,"player_choice":"Gold","damage_taken":0,"max_hp_gain":0,"max_hp_loss":0,"event_name":"Wheel of Change","floor":14,"gold_loss":0},{"damage_healed":0,"gold_gain":0,"player_choice":"Copied","damage_taken":0,"max_hp_gain":0,"max_hp_loss":0,"event_name":"Duplicator","floor":20,"gold_loss":0,"cards_obtained":["Core Surge"]},{"cards_removed":["Buffer"],"damage_healed":0,"gold_gain":0,"player_choice":"Offered Rare","damage_taken":0,"max_hp_gain":10,"max_hp_loss":0,"event_name":"Bonfire Elementals","floor":37,"gold_loss":0},{"damage_healed":0,"gold_gain":0,"player_choice":"Took Portal","damage_taken":0,"max_hp_gain":0,"max_hp_loss":0,"event_name":"SecretPortal","floor":41,"gold_loss":0}],"is_beta":false,"boss_relics":[{"not_picked":["vexMod:ImprovementManual","Snecko Eye"],"picked":"GuanYuAspect"},{"not_picked":["vexMod:CursedCompass","conspire:SlowCooker"],"picked":"RhineCircuit"}],"items_purged_floors":[13,13,13,13,13,21,21,21,21,29,29],"is_endless":false,"potions_floor_spawned":[6,6,10,10,10,11,11,16,18,19,19,19,28,28,30,31,33,40,40],"ascension_level":2}}