{"host":"cw25u8qal1h0d7ia","time":1610969417,"event":{"mods":["BaseMod","Downfall","Minty Spire (QoL Compilation)","StSLib"],"gold_per_floor":[99,155,155,155,5,40,111,127,138,38,59,159,174,209,225,327,327,327,338,348,348,348,348,348,188,216,231,251,284,284,297,317,414,414,414,429,441,492,159,159,205,219,219,236,76,104,104,104,122,122],"floor_reached":51,"language":"ENG","playtime":5226,"items_purged":[],"score":915,"play_id":"b1c4e2fe-3f2b-4902-9515-f36364cc9158","local_time":"20210118123017","is_ascension_mode":true,"campfire_choices":[{"data":"Slimebound:Split","floor":1.0,"key":"SMITH"},{"floor":10.0,"key":"REST"},{"data":"Slimebound:LevelUp","floor":18.0,"key":"SMITH"},{"floor":30.0,"key":"DIG"},{"data":"Slimebound:MassRepurpose","floor":35,"key":"SMITH"},{"floor":40,"key":"DIG"}],"circlet_count":0,"master_deck":["Slimebound:Strike_Slimebound","Slimebound:Strike_Slimebound","Slimebound:Strike_Slimebound","Slimebound:Tackle","Slimebound:Defend_Slimebound","Slimebound:Defend_Slimebound","Slimebound:Defend_Slimebound","Slimebound:Defend_Slimebound","Slimebound:Split+1","Slimebound:CorrosiveSpit","Slimebound:LevelUp+1","Slimebound:SplitMire","Slimebound:SpikyOuterGoop","Slimebound:SplitSpecialist","Slimebound:LivingWall","Slimebound:SlimeBarrage","Slimebound:MinionMaster","Slimebound:PressTheAttack","Slimebound:Gluttony+1","Slimebound:SpikyOuterGoop+1","Slimebound:MassRepurpose+1","Slimebound:SamplingLick+1","Slimebound:LeadByExample+1","Slimebound:SamplingLick+1","Shame","Parasite","Slimebound:LeechLife","Slimebound:Prepare+1"],"relics":["Slimebound:AbsorbEndCombat","downfall:HeartsMalice","Anchor","downfall:ShatteredFragment","Medical Kit","Blood Vial","Blue Candle","downfall:HeartBlessingGreen","Odd Mushroom","Slimebound:MaxSlimesRelic","Sozu","Vajra","Unceasing Top","MealTicket","Shovel","Frozen Egg 2","Lizard Tail","SlaversCollar","Mango","Slimebound:SlimedSkullRelic","Happy Flower","Du-Vu Doll","Boot","Pantograph"],"acts_visited":["Exordium","TheCity","TheBeyond"],"potions_floor_usage":[],"damage_taken":[{"damage":0.0,"enemies":"Gremlin Nob","floor":2.0,"turns":1.0},{"damage":0.0,"enemies":"Jaw Worm","floor":3.0,"turns":1.0},{"damage":0.0,"enemies":"downfall:FleeingMerchant","floor":5.0,"turns":1.0},{"damage":28.0,"enemies":"3 Sentries","floor":6.0,"turns":6.0},{"damage":0.0,"enemies":"Cultist","floor":8.0,"turns":3.0},{"damage":0.0,"enemies":"2 Louse","floor":9.0,"turns":2.0},{"damage":6.0,"enemies":"The Mushroom Lair","floor":11.0,"turns":3.0},{"damage":20.0,"enemies":"Exordium Thugs","floor":13.0,"turns":3.0},{"damage":11.0,"enemies":"Gremlin Nob","floor":14.0,"turns":4.0},{"damage":2.0,"enemies":"Large Slime","floor":15.0,"turns":4.0},{"damage":7.0,"enemies":"WA_ARCHETYPE_RETAIN","floor":16.0,"turns":7.0},{"damage":5.0,"enemies":"3 Byrds","floor":19.0,"turns":4.0},{"damage":6.0,"enemies":"Centurion and Healer","floor":20.0,"turns":5.0},{"damage":0.0,"enemies":"downfall:FleeingMerchant","floor":25.0,"turns":4.0},{"damage":0.0,"enemies":"Book of Stabbing","floor":26.0,"turns":5.0},{"damage":8.0,"enemies":"Snecko","floor":27.0,"turns":4.0},{"damage":12.0,"enemies":"Shelled Parasite and Fungi","floor":28.0,"turns":6.0},{"damage":18.0,"enemies":"Gremlin Leader","floor":29.0,"turns":7.0},{"damage":10.0,"enemies":"Sentry and Sphere","floor":31.0,"turns":5.0},{"damage":0.0,"enemies":"Chosen and Byrds","floor":32.0,"turns":6.0},{"damage":29.0,"enemies":"SI_MIRROR_ARCHETYPE","floor":33.0,"turns":12.0},{"damage":8,"enemies":"Orb Walker","floor":36,"turns":5},{"damage":14,"enemies":"3 Shapes","floor":37,"turns":3},{"damage":38,"enemies":"2 Orb Walkers","floor":38,"turns":6},{"damage":8,"enemies":"Maw","floor":42,"turns":5},{"damage":36,"enemies":"Transient","floor":44,"turns":5},{"damage":11,"enemies":"downfall:FleeingMerchant","floor":45,"turns":4},{"damage":17,"enemies":"Reptomancer","floor":46,"turns":6},{"damage":26,"enemies":"Reptomancer","floor":47,"turns":4},{"damage":13,"enemies":"4 Shapes","floor":49,"turns":5},{"damage":36,"enemies":"DF_ARCHETYPE_ORBS","floor":50,"turns":8}],"seed_played":"-5407709257210388735","potions_obtained":[{"floor":6.0,"key":"Explosive Potion"},{"floor":8.0,"key":"FearPotion"},{"floor":13.0,"key":"Block Potion"},{"floor":14.0,"key":"Slimebound:SlimedPotion"}],"is_trial":false,"path_per_floor":["R","?","M","?","$","E","T","M","M","R","?","?","M","E","M","B",null,"R","M","M","?","?","?","T","$","E","M","M","E","R","M","M","B",null,"R","M","M","?","?","R","T","M","?","M","$","E","?","?","M","B",null],"character_chosen":"SLIMEBOUND","items_purchased":["Medical Kit","MealTicket","Boot"],"campfire_rested":1,"item_purchase_floors":[5,25,45],"current_hp_per_floor":[65,65,65,47,47,22,22,28,30,49,48,48,34,29,34,36,65,65,63,65,54,54,54,54,60,67,65,59,50,50,46,52,49,70,70,65,58,45,95,95,95,93,93,63,75,71,54,54,62,66],"gold":122,"neow_bonus":"THREE_ENEMY_KILL","is_daily":false,"chose_seed":false,"campfire_upgraded":3,"win_rate":0.0,"timestamp":1610969417,"path_taken":["R","?","M","?","?","E","T","?","M","R","?","?","M","E","M","BOSS","R","M","M","?","?","?","T","?","E","M","?","E","R","M","M","BOSS","R","M","M","?","?","R","T","M","?","?","$","E","?","?","M","BOSS"],"items_purchased_type":["Relic","Relic","Relic"],"build_version":"2020-12-22","purchased_purges":0,"victory":true,"max_hp_per_floor":[65,65,65,65,65,65,65,65,65,65,65,65,65,65,65,65,65,65,65,65,70,70,70,70,70,70,70,70,70,70,70,70,70,70,70,70,70,84,95,95,95,95,95,95,95,95,95,95,95,95],"card_choices":[{"not_picked":["Slimebound:RollThrough","Slimebound:Schlurp"],"picked":"Slimebound:LevelUp","floor":2.0},{"not_picked":["Slimebound:FinishingTackle","Slimebound:GoopTackle"],"picked":"Slimebound:SplitMire","floor":3.0},{"not_picked":["Slimebound:FinishingTackle","Slimebound:MegaLick"],"picked":"Slimebound:SpikyOuterGoop","floor":5.0},{"not_picked":["Slimebound:Grow","Slimebound:MegaLick","Slimebound:SplitBruiser"],"picked":"SKIP","floor":6.0},{"not_picked":["Slimebound:HungryTackle","Slimebound:RainOfGoop","Slimebound:SlimeTap"],"picked":"SKIP","floor":8.0},{"not_picked":["Slimebound:Schlurp","Slimebound:SplitMire","Slimebound:HungryTackle"],"picked":"SKIP","floor":9.0},{"not_picked":["Slimebound:Schlurp","Slimebound:SplitMire"],"picked":"Slimebound:SplitSpecialist","floor":13.0},{"not_picked":["Slimebound:Schlurp","Slimebound:ComboTackle"],"picked":"Slimebound:LivingWall","floor":14.0},{"not_picked":["Slimebound:ComboTackle","Slimebound:CheckThePlaybook"],"picked":"Slimebound:SlimeBarrage","floor":15.0},{"not_picked":["Slimebound:Teamwork","Slimebound:WasteNot"],"picked":"Slimebound:MinionMaster","floor":16.0},{"not_picked":["Slimebound:ComboTackle","Slimebound:Schlurp","Slimebound:ItLooksTasty+1"],"picked":"SKIP","floor":19.0},{"not_picked":["Slimebound:Dissolve","Slimebound:FinishingTackle","Slimebound:AcidTongue+1"],"picked":"SKIP","floor":20.0},{"not_picked":["Slimebound:ViciousTackle+1","Slimebound:DisruptingSlam","Slimebound:SlimeTap+1"],"picked":"SKIP","floor":25.0},{"not_picked":["Slimebound:LivingWall+1","Slimebound:SplitAcid"],"picked":"Slimebound:PressTheAttack","floor":26.0},{"not_picked":["Slimebound:GoopSpray","Slimebound:SplitSpecialist","Slimebound:GoopTackle"],"picked":"SKIP","floor":27.0},{"not_picked":["Slimebound:SplitAcid","Slimebound:Nibble","Slimebound:LeechEnergy"],"picked":"SKIP","floor":28.0},{"not_picked":["Slimebound:Dissolve+1","Slimebound:SlimeSpikes+1"],"picked":"Slimebound:Gluttony+1","floor":29.0},{"not_picked":["Slimebound:Repurpose","Slimebound:Chomp","Slimebound:ItLooksTasty"],"picked":"SKIP","floor":31.0},{"not_picked":["Slimebound:SamplingLick","Slimebound:FinishingTackle"],"picked":"Slimebound:SpikyOuterGoop+1","floor":32.0},{"not_picked":["Slimebound:SelfFormingGoo+1","Slimebound:DuplicatedForm+1"],"picked":"Slimebound:MassRepurpose","floor":33.0},{"not_picked":["Slimebound:Prepare","Slimebound:Grow+1"],"picked":"Slimebound:SamplingLick+1","floor":36},{"not_picked":["Slimebound:SplitMire","Slimebound:FormOfPuddle"],"picked":"Slimebound:LeadByExample+1","floor":37},{"not_picked":["Slimebound:ServeAndProtect+1","Slimebound:GrowthPunch+1"],"picked":"Slimebound:SamplingLick+1","floor":42},{"not_picked":["Slimebound:RainOfGoop+1","Slimebound:PressTheAttack","Slimebound:ItLooksTasty"],"picked":"SKIP","floor":44},{"not_picked":["Slimebound:GoopSpray","Slimebound:Equalize+1","Slimebound:PressTheAttack"],"picked":"SKIP","floor":45},{"not_picked":["Slimebound:SplitMire+1","Slimebound:GoopSpray","Slimebound:SplitAcid"],"picked":"SKIP","floor":46},{"not_picked":["Slimebound:AcidTongue+1","Slimebound:SplitAcid"],"picked":"Slimebound:LeechLife","floor":47},{"not_picked":["Slimebound:SplitBruiser+1","Slimebound:SlimeSpikes+1"],"picked":"Slimebound:Prepare+1","floor":49}],"player_experience":575091,"relics_obtained":[{"floor":2.0,"key":"Anchor"},{"floor":6.0,"key":"Blood Vial"},{"floor":7.0,"key":"Blue Candle"},{"floor":11.0,"key":"Odd Mushroom"},{"floor":14.0,"key":"Slimebound:MaxSlimesRelic"},{"floor":24.0,"key":"Unceasing Top"},{"floor":26.0,"key":"Shovel"},{"floor":29.0,"key":"Frozen Egg 2"},{"floor":30.0,"key":"Lizard Tail"},{"floor":38,"key":"Mango"},{"floor":40,"key":"Slimebound:SlimedSkullRelic"},{"floor":41,"key":"Happy Flower"},{"floor":46,"key":"Pantograph"}],"event_choices":[{"damage_healed":0.0,"max_hp_gain":0.0,"max_hp_loss":0.0,"gold_gain":0.0,"event_name":"Mushrooms","player_choice":"Fought Mushrooms","floor":11.0,"gold_loss":0.0,"damage_taken":0.0},{"damage_healed":0.0,"max_hp_gain":0.0,"max_hp_loss":0.0,"gold_gain":0.0,"event_name":"Ghosts","player_choice":"Ignored","floor":23.0,"gold_loss":0.0,"damage_taken":0.0},{"damage_healed":0,"gold_gain":0,"player_choice":"Fight","damage_taken":0,"max_hp_gain":0,"max_hp_loss":0,"event_name":"Mysterious Sphere","floor":38,"gold_loss":0},{"damage_healed":0,"gold_gain":0,"player_choice":"Got Potions","damage_taken":0,"max_hp_gain":0,"max_hp_loss":0,"event_name":"Lab","floor":48,"gold_loss":0}],"is_beta":false,"boss_relics":[{"not_picked":["Slimebound:TarBlob","Busted Crown"],"picked":"Sozu"},{"not_picked":["Velvet Choker","Runic Pyramid"],"picked":"SlaversCollar"}],"items_purged_floors":[],"is_endless":false,"potions_floor_spawned":[6,8,13,14,19,26,28,29,32,37,42,46,49],"ascension_level":4}}