{"host":"k8gerrcpv9xe1nxe","time":1610950806,"event":{"mods":["2.2 Compatiblity","AchievementEnabler","BaseMod","Bestiary","Minty Spire (QoL Compilation)","Relic Stats","StSLib"],"gold_per_floor":[119,131,14,14,26,52,52,82,109,109,143,161,185,260,260,366,416,435,197,197,197,216,216,236,236,236,345,51,82,82,109,109,221,221,247,266,28,45,45,45,77,77,103,103,120,161,161,181,181,181],"floor_reached":51,"language":"ENG","playtime":1775,"items_purged":["Strike_R","Strike_R"],"score":1190,"play_id":"7f50a1af-ba74-4823-9783-180f57dc8581","local_time":"20210118012006","is_ascension_mode":true,"campfire_choices":[{"data":"Spot Weakness","floor":7.0,"key":"SMITH"},{"floor":10.0,"key":"REST"},{"data":"Demon Form","floor":15.0,"key":"SMITH"},{"floor":23.0,"key":"REST"},{"floor":25.0,"key":"REST"},{"floor":30.0,"key":"REST"},{"data":"Limit Break","floor":32.0,"key":"SMITH"},{"data":"Sword Boomerang","floor":40,"key":"SMITH"},{"data":"Impervious","floor":42,"key":"SMITH"},{"floor":47,"key":"REST"},{"floor":49,"key":"REST"}],"circlet_count":0,"master_deck":["Strike_R","Strike_R","Defend_R","Defend_R","Defend_R","Defend_R","Bash","Spot Weakness+1","Anger","Offering+1","Sword Boomerang+1","Demon Form+1","Clothesline","Corruption","Sentinel","Pommel Strike+1","Power Through","Cleave","Shrug It Off","Limit Break+1","Impervious+1","Flex+1","Spot Weakness"],"relics":["Busted Crown","CeramicFish","Bag of Marbles","Toy Ornithopter","Gremlin Horn","Tiny House","Enchiridion","Bag of Preparation","Mango","Mummified Hand","Ornamental Fan","Centennial Puzzle","Runic Pyramid","Paper Frog","Oddly Smooth Stone","Anchor","Meat on the Bone"],"acts_visited":["Exordium","TheCity","TheBeyond"],"potions_floor_usage":[33,50,50,50],"damage_taken":[{"damage":0.0,"enemies":"2 Louse","floor":1.0,"turns":3.0},{"damage":0.0,"enemies":"Cultist","floor":2.0,"turns":2.0},{"damage":7.0,"enemies":"Jaw Worm","floor":5.0,"turns":3.0},{"damage":16.0,"enemies":"3 Sentries","floor":6.0,"turns":6.0},{"damage":24.0,"enemies":"Gremlin Nob","floor":8.0,"turns":3.0},{"damage":11.0,"enemies":"3 Sentries","floor":11.0,"turns":6.0},{"damage":0.0,"enemies":"Exordium Wildlife","floor":12.0,"turns":3.0},{"damage":4.0,"enemies":"3 Louse","floor":13.0,"turns":3.0},{"damage":30.0,"enemies":"The Guardian","floor":16.0,"turns":8.0},{"damage":22.0,"enemies":"Shell Parasite","floor":18.0,"turns":5.0},{"damage":20.0,"enemies":"3 Byrds","floor":22.0,"turns":4.0},{"damage":14.0,"enemies":"Centurion and Healer","floor":24.0,"turns":5.0},{"damage":8.0,"enemies":"Colosseum Slavers","floor":27.0,"turns":3.0},{"damage":16.0,"enemies":"Colosseum Nobs","floor":27.0,"turns":3.0},{"damage":6.0,"enemies":"Gremlin Leader","floor":29.0,"turns":4.0},{"damage":12.0,"enemies":"Slavers","floor":31.0,"turns":3.0},{"damage":40,"enemies":"Collector","floor":33,"turns":6},{"damage":14,"enemies":"3 Darklings","floor":35,"turns":4},{"damage":3,"enemies":"Orb Walker","floor":36,"turns":3},{"damage":6,"enemies":"Spire Growth","floor":38,"turns":4},{"damage":5,"enemies":"Giant Head","floor":41,"turns":6},{"damage":5,"enemies":"Transient","floor":45,"turns":5},{"damage":6,"enemies":"Reptomancer","floor":46,"turns":4},{"damage":14,"enemies":"Writhing Mass","floor":48,"turns":4},{"damage":10,"enemies":"Donu and Deca","floor":50,"turns":3}],"seed_played":"437362744819467985","potions_obtained":[{"floor":1.0,"key":"SkillPotion"},{"floor":6.0,"key":"BlessingOfTheForge"},{"floor":11.0,"key":"SneckoOil"},{"floor":12.0,"key":"FearPotion"},{"floor":17.0,"key":"ElixirPotion"},{"floor":27.0,"key":"DuplicationPotion"},{"floor":31.0,"key":"CultistPotion"},{"floor":33,"key":"SpeedPotion"},{"floor":38,"key":"PowerPotion"}],"is_trial":false,"path_per_floor":["M","M","$","?","M","E","R","E","T","R","E","M","M","?","R","B",null,"M","$","?","?","M","R","M","R","T","?","$","E","R","E","R","B",null,"M","M","$","M","?","R","E","R","T","?","M","E","R","M","R","B",null],"character_chosen":"IRONCLAD","items_purchased":["Spot Weakness","Anger","HeartOfIron","Sentinel","Shrug It Off","Limit Break","Paper Frog"],"campfire_rested":6,"item_purchase_floors":[3,3,19,19,28,28,37],"current_hp_per_floor":[72,72,72,72,65,49,49,25,25,49,38,38,34,23,23,3,66,44,44,44,28,8,33,19,44,44,34,34,28,57,50,50,15,78,64,61,61,55,55,55,50,50,50,50,45,39,67,53,81,86],"gold":181,"neow_bonus":"BOSS_RELIC","is_daily":false,"chose_seed":false,"campfire_upgraded":5,"win_rate":0.0,"timestamp":1610950806,"path_taken":["M","M","$","?","?","E","R","E","T","R","E","M","M","?","R","BOSS","M","$","?","?","M","R","M","R","T","?","$","E","R","E","R","BOSS","M","M","$","M","?","R","E","R","T","?","M","E","R","?","R","BOSS"],"items_purchased_type":["Card","Card","Potion","Card","Card","Card","Relic"],"build_version":"2020-12-22","purchased_purges":2,"victory":true,"max_hp_per_floor":[80,80,80,80,80,80,80,80,80,80,80,80,80,80,80,80,85,85,85,85,85,85,85,85,85,85,99,99,99,99,99,99,99,99,99,99,99,99,94,94,94,94,94,94,94,94,94,94,94,94],"relic_stats":{"Centennial Puzzle":[23],"Busted Crown":48,"Gremlin Horn":[21,21],"counters":[25,103],"Mummified Hand":[36],"Ornamental Fan":[80],"CeramicFish":108,"Bag of Preparation":[26],"obtain_stats":[{"Tiny House":17,"Gremlin Horn":11,"CeramicFish":6,"Enchiridion":21,"Oddly Smooth Stone":41,"Mango":27,"Bag of Preparation":26,"Burning Blood":0,"Centennial Puzzle":31,"Anchor":43,"Busted Crown":0,"Mummified Hand":27,"Ornamental Fan":29,"Bag of Marbles":8,"Toy Ornithopter":9,"Runic Pyramid":34,"Paper Frog":37,"Meat on the Bone":46},{"Tiny House":9,"Gremlin Horn":6,"CeramicFish":4,"Enchiridion":10,"Oddly Smooth Stone":21,"Mango":14,"Bag of Preparation":12,"Burning Blood":0,"Centennial Puzzle":16,"Anchor":21,"Busted Crown":0,"Mummified Hand":14,"Ornamental Fan":15,"Bag of Marbles":5,"Toy Ornithopter":5,"Runic Pyramid":17,"Paper Frog":19,"Meat on the Bone":23},{"Tiny House":37,"Gremlin Horn":23,"CeramicFish":14,"Enchiridion":42,"Oddly Smooth Stone":87,"Mango":57,"Bag of Preparation":51,"Burning Blood":0,"Centennial Puzzle":64,"Anchor":87,"Busted Crown":0,"Mummified Hand":57,"Ornamental Fan":61,"Bag of Marbles":17,"Toy Ornithopter":17,"Runic Pyramid":70,"Paper Frog":77,"Meat on the Bone":96}],"Toy Ornithopter":35,"Meat on the Bone":0},"card_choices":[{"not_picked":["Metallicize"],"picked":"SKIP","floor":1.0},{"not_picked":["Clash"],"picked":"SKIP","floor":2.0},{"not_picked":[],"picked":"Sword Boomerang","floor":5.0},{"not_picked":["Warcry"],"picked":"SKIP","floor":6.0},{"not_picked":["Sword Boomerang"],"picked":"SKIP","floor":8.0},{"not_picked":[],"picked":"Demon Form","floor":11.0},{"not_picked":["Hemokinesis"],"picked":"SKIP","floor":12.0},{"not_picked":[],"picked":"Clothesline","floor":13.0},{"not_picked":[],"picked":"Corruption","floor":16.0},{"not_picked":["Bloodletting"],"picked":"SKIP","floor":18.0},{"not_picked":[],"picked":"Pommel Strike+1","floor":22.0},{"not_picked":[],"picked":"Power Through","floor":24.0},{"not_picked":[],"picked":"Cleave","floor":27.0},{"not_picked":["Rupture+1"],"picked":"SKIP","floor":29.0},{"not_picked":["Inflame"],"picked":"SKIP","floor":31.0},{"not_picked":[],"picked":"Impervious","floor":33},{"not_picked":[],"picked":"Flex+1","floor":35},{"not_picked":["Warcry"],"picked":"SKIP","floor":36},{"not_picked":["Entrench"],"picked":"SKIP","floor":38},{"not_picked":["Iron Wave"],"picked":"SKIP","floor":41},{"not_picked":["Flex+1"],"picked":"SKIP","floor":45},{"not_picked":[],"picked":"Spot Weakness","floor":46},{"not_picked":["Bludgeon"],"picked":"SKIP","floor":48}],"player_experience":137623,"relics_obtained":[{"floor":6.0,"key":"CeramicFish"},{"floor":8.0,"key":"Bag of Marbles"},{"floor":9.0,"key":"Toy Ornithopter"},{"floor":11.0,"key":"Gremlin Horn"},{"floor":21.0,"key":"Enchiridion"},{"floor":26.0,"key":"Bag of Preparation"},{"floor":27.0,"key":"Mango"},{"floor":27.0,"key":"Mummified Hand"},{"floor":29.0,"key":"Ornamental Fan"},{"floor":31.0,"key":"Centennial Puzzle"},{"floor":41,"key":"Oddly Smooth Stone"},{"floor":43,"key":"Anchor"},{"floor":46,"key":"Meat on the Bone"}],"event_choices":[{"damage_healed":0.0,"max_hp_gain":0.0,"max_hp_loss":0.0,"gold_gain":0.0,"cards_transformed":["Strike_R"],"event_name":"Transmorgrifier","player_choice":"Transformed","floor":4.0,"gold_loss":0.0,"damage_taken":0.0,"cards_obtained":["Offering"]},{"damage_healed":0.0,"max_hp_gain":0.0,"max_hp_loss":0.0,"gold_gain":75.0,"event_name":"World of Goop","player_choice":"Gather Gold","floor":14.0,"gold_loss":0.0,"damage_taken":11.0},{"damage_healed":0.0,"max_hp_gain":0.0,"max_hp_loss":0.0,"gold_gain":0.0,"event_name":"Vampires","player_choice":"Ignored","floor":20.0,"gold_loss":0.0,"damage_taken":0.0},{"damage_healed":0.0,"max_hp_gain":0.0,"max_hp_loss":0.0,"gold_gain":0.0,"event_name":"Cursed Tome","player_choice":"Obtained Book","floor":21.0,"gold_loss":0.0,"damage_taken":16.0},{"damage_healed":0.0,"max_hp_gain":0.0,"max_hp_loss":0.0,"gold_gain":0.0,"event_name":"Colosseum","player_choice":"Fight","floor":27.0,"gold_loss":0.0,"damage_taken":0.0},{"damage_healed":0.0,"max_hp_gain":0.0,"max_hp_loss":0.0,"gold_gain":0.0,"event_name":"Colosseum","player_choice":"Fought Nobs","floor":27.0,"gold_loss":0.0,"damage_taken":0.0},{"damage_healed":0,"gold_gain":0,"player_choice":"Max HP","damage_taken":0,"max_hp_gain":0,"max_hp_loss":5,"event_name":"Winding Halls","floor":39,"gold_loss":0},{"damage_healed":0,"gold_gain":0,"player_choice":"Ignored","damage_taken":0,"max_hp_gain":0,"max_hp_loss":0,"event_name":"Tomb of Lord Red Mask","floor":44,"gold_loss":0}],"is_beta":false,"boss_relics":[{"not_picked":["Mark of Pain","Runic Dome"],"picked":"Tiny House"},{"not_picked":["Coffee Dripper","Runic Cube"],"picked":"Runic Pyramid"}],"items_purged_floors":[19,28],"is_endless":false,"potions_floor_spawned":[1,6,11,12,27,31,33,38,45,48],"ascension_level":9}}