{"host":"w4b7hmige5bnqipq","time":1610987790,"event":{"mods":["2.2 Compatiblity","BaseMod","Colored Map","DeckTracker","Keyboard Shortcuts","Minty Spire (QoL Compilation)","Permanent Neow","Rare Cards Sparkle","SuperFastMode","everything is the same but u backflip on backflip","slay the spire mod where everything is the same but ironclad has a cowboy hat"],"gold_per_floor":[110,123,198,198,216,216,234,234,234,261,280,280,280,290,290,290,290],"floor_reached":16,"language":"KOR","playtime":395,"items_purged":[],"score":204,"play_id":"04be9672-3f22-4b89-854f-67118734c746","local_time":"20210119003630","is_ascension_mode":true,"campfire_choices":[{"data":"Neutralize","floor":6,"key":"SMITH"},{"data":"Riddle With Holes","floor":8,"key":"SMITH"},{"floor":13,"key":"REST"},{"data":"Tactician","floor":15,"key":"SMITH"}],"circlet_count":0,"master_deck":["AscendersBane","Strike_G","Strike_G","Strike_G","Strike_G","Defend_G","Defend_G","Defend_G","Survivor","Neutralize+1","PiercingWail","Riddle With Holes+1","Tactician+1","Escape Plan"],"relics":["Ring of the Snake","The Courier","Shuriken"],"acts_visited":["Exordium"],"potions_floor_usage":[10,11,16,16],"damage_taken":[{"damage":1,"enemies":"2 Louse","floor":1,"turns":5},{"damage":1,"enemies":"Jaw Worm","floor":2,"turns":6},{"damage":3,"enemies":"Cultist","floor":5,"turns":5},{"damage":5,"enemies":"3 Louse","floor":7,"turns":4},{"damage":35,"enemies":"Gremlin Nob","floor":10,"turns":5},{"damage":0,"enemies":"Large Slime","floor":11,"turns":5},{"damage":0,"enemies":"Blue Slaver","floor":14,"turns":5},{"damage":37,"enemies":"Hexaghost","floor":16,"turns":11}],"seed_played":"2206887707430756907","potions_obtained":[{"floor":5,"key":"GamblersBrew"},{"floor":7,"key":"BlessingOfTheForge"},{"floor":11,"key":"Poison Potion"},{"floor":14,"key":"Regen Potion"}],"is_trial":false,"path_per_floor":["M","M","?","?","M","R","M","R","T","E","M","?","R","M","R","B"],"character_chosen":"THE_SILENT","items_purchased":[],"campfire_rested":1,"item_purchase_floors":[],"current_hp_per_floor":[58,57,46,46,43,43,38,38,38,3,3,3,21,21,21,0,0],"gold":290,"neow_bonus":"REMOVE_TWO","is_daily":false,"chose_seed":false,"campfire_upgraded":3,"win_rate":0.0,"timestamp":1610987790,"path_taken":["M","M","?","?","?","R","M","R","T","E","M","?","R","M","R","BOSS"],"items_purchased_type":[],"build_version":"2020-12-22","purchased_purges":0,"victory":false,"max_hp_per_floor":[60,60,60,60,60,60,60,60,60,60,60,60,60,60,60,60,60],"card_choices":[{"not_picked":["Flying Knee","Infinite Blades","Cloak And Dagger"],"picked":"SKIP","floor":1},{"not_picked":["Dagger Spray","Skewer"],"picked":"PiercingWail","floor":2},{"not_picked":["Cloak And Dagger","Deflect","Bullet Time"],"picked":"SKIP","floor":5},{"not_picked":["Cloak And Dagger","Underhanded Strike"],"picked":"Riddle With Holes","floor":7},{"not_picked":["Deflect","Deadly Poison","Distraction"],"picked":"SKIP","floor":10},{"not_picked":["Crippling Poison","Underhanded Strike"],"picked":"Tactician","floor":11},{"not_picked":["Dodge and Roll","Outmaneuver"],"picked":"Escape Plan","floor":14}],"player_experience":518405,"relics_obtained":[{"floor":9,"key":"The Courier"},{"floor":10,"key":"Shuriken"}],"event_choices":[{"damage_healed":0,"gold_gain":75,"player_choice":"Gather Gold","damage_taken":11,"max_hp_gain":0,"max_hp_loss":0,"event_name":"World of Goop","floor":3,"gold_loss":0},{"cards_removed":["Defend_G"],"damage_healed":0,"gold_gain":0,"player_choice":"Offered Basic","damage_taken":0,"max_hp_gain":0,"max_hp_loss":0,"event_name":"Bonfire Elementals","floor":4,"gold_loss":0},{"damage_healed":0,"gold_gain":0,"player_choice":"Ignored","damage_taken":0,"max_hp_gain":0,"max_hp_loss":0,"event_name":"Golden Wing","floor":12,"gold_loss":0}],"is_beta":false,"boss_relics":[],"items_purged_floors":[],"is_endless":false,"potions_floor_spawned":[5,7,11,14],"killed_by":"Hexaghost","ascension_level":20}}