{"host":"rolltorest","time":1610933393,"event":{"mods":["BaseMod","Minty Spire (QoL Compilation)","Relic Stats","Slay the Relics Exporter","StSLib"],"gold_per_floor":[114,127,127,277,301,301,332,332,357,401,425,460,484,522,522,611,611,636,636,636,89,114,114,114],"floor_reached":23,"language":"ENG","playtime":715,"items_purged":["Doubt"],"score":488,"play_id":"779a4b65-f13e-4154-aba0-f62a6b22df84","local_time":"20210117172953","is_ascension_mode":true,"campfire_choices":[{"data":"EmptyFist","floor":6,"key":"SMITH"},{"data":"Eruption","floor":8,"key":"SMITH"},{"data":"Meditate","floor":15,"key":"SMITH"}],"circlet_count":0,"master_deck":["AscendersBane","Strike_P","Strike_P","Strike_P","Strike_P","Defend_P","Defend_P","Defend_P","Defend_P","Eruption+1","Vigilance","EmptyFist+1","BattleHymn","BowlingBash","Consecrate","CutThroughFate","FlurryOfBlows","Meditate+1","Indignation","DeceiveReality","DeusExMachina","J.A.X.","ClearTheMind+1","EmptyMind+1"],"relics":["PureWater","NeowsBlessing","Golden Idol","Boot","PreservedInsect","Gremlin Horn","Orichalcum","Question Card","VioletLotus","Blue Candle","Bag of Preparation","Toxic Egg 2"],"acts_visited":["Exordium","TheCity"],"potions_floor_usage":[11,11,11,12,22],"damage_taken":[{"damage":0,"enemies":"Jaw Worm","floor":1,"turns":1},{"damage":0,"enemies":"Small Slimes","floor":2,"turns":1},{"damage":0,"enemies":"Cultist","floor":5,"turns":1},{"damage":15,"enemies":"3 Sentries","floor":7,"turns":7},{"damage":7,"enemies":"Lagavulin","floor":10,"turns":5},{"damage":0,"enemies":"Lots of Slimes","floor":11,"turns":1},{"damage":6,"enemies":"Gremlin Nob","floor":12,"turns":3},{"damage":0,"enemies":"Gremlin Gang","floor":13,"turns":1},{"damage":0,"enemies":"Lagavulin","floor":14,"turns":3},{"damage":20,"enemies":"Hexaghost","floor":16,"turns":7},{"damage":22,"enemies":"3 Byrds","floor":18,"turns":5},{"damage":18,"enemies":"Shell Parasite","floor":22,"turns":4},{"damage":0,"enemies":"Book of Stabbing","floor":23,"turns":1}],"seed_played":"1324455977545791924","potions_obtained":[{"floor":2,"key":"EntropicBrew"},{"floor":7,"key":"Energy Potion"},{"floor":11,"key":"ColorlessPotion"},{"floor":12,"key":"BottledMiracle"}],"is_trial":false,"path_per_floor":["M","M","?","?","M","R","E","R","T","E","M","E","M","E","R","B",null,"M","?","T","$","M","E"],"character_chosen":"WATCHER","items_purchased":["Bag of Preparation","Toxic Egg 2","ClearTheMind+1"],"campfire_rested":0,"item_purchase_floors":[21,21,21],"current_hp_per_floor":[61,61,61,61,61,61,46,46,46,39,39,33,33,33,33,13,50,28,28,28,28,10,10,10],"gold":114,"neow_bonus":"THREE_ENEMY_KILL","is_daily":false,"chose_seed":false,"campfire_upgraded":3,"win_rate":0.0,"timestamp":1610933393,"path_taken":["M","M","?","?","M","R","E","R","T","E","M","E","M","E","R","BOSS","M","?","?","$","M","E"],"items_purchased_type":["Relic","Relic","Card"],"build_version":"2020-12-18","purchased_purges":1,"victory":false,"max_hp_per_floor":[68,68,62,62,62,62,62,62,62,62,62,62,62,62,62,62,62,62,62,62,62,62,62,62],"relic_stats":{"Gremlin Horn":[9,9],"counters":[13,40],"Golden Idol":73,"Blue Candle":[0],"PreservedInsect":124,"VioletLotus":[2],"Bag of Preparation":[4],"Orichalcum":[54],"Boot":[38],"Question Card":3,"obtain_stats":[{"NeowsBlessing":0,"Gremlin Horn":10,"Golden Idol":3,"Blue Candle":20,"PreservedInsect":9,"VioletLotus":17,"Bag of Preparation":21,"PureWater":0,"Orichalcum":12,"Toxic Egg 2":21,"Boot":7,"Question Card":14},{"NeowsBlessing":0,"Gremlin Horn":5,"Golden Idol":2,"Blue Candle":11,"PreservedInsect":4,"VioletLotus":10,"Bag of Preparation":11,"PureWater":0,"Orichalcum":7,"Toxic Egg 2":11,"Boot":4,"Question Card":9},{"NeowsBlessing":0,"Gremlin Horn":15,"Golden Idol":2,"Blue Candle":35,"PreservedInsect":10,"VioletLotus":30,"Bag of Preparation":35,"PureWater":0,"Orichalcum":19,"Toxic Egg 2":35,"Boot":10,"Question Card":23}]},"card_choices":[{"not_picked":["BowlingBash","Vengeance"],"picked":"EmptyFist","floor":1},{"not_picked":["ClearTheMind","ThirdEye"],"picked":"BattleHymn","floor":2},{"not_picked":["Wireheading","PathToVictory"],"picked":"BowlingBash","floor":5},{"not_picked":["ClearTheMind","WindmillStrike"],"picked":"Consecrate","floor":7},{"not_picked":["MentalFortress","Swivel"],"picked":"CutThroughFate","floor":10},{"not_picked":["SashWhip","ThirdEye"],"picked":"FlurryOfBlows","floor":11},{"not_picked":["DeceiveReality","Alpha"],"picked":"Meditate","floor":12},{"not_picked":["ClearTheMind","SashWhip"],"picked":"Indignation","floor":13},{"not_picked":["EmptyFist","EmptyBody"],"picked":"DeceiveReality","floor":14},{"not_picked":["Alpha","Brilliance","Ragnarok"],"picked":"DeusExMachina","floor":16},{"not_picked":["WreathOfFlame","Prostrate","BattleHymn","FlurryOfBlows"],"picked":"SKIP","floor":18},{"not_picked":["JustLucky","Consecrate","Swivel+1"],"picked":"EmptyMind+1","floor":22}],"player_experience":1725713,"relics_obtained":[{"floor":7,"key":"Boot"},{"floor":9,"key":"PreservedInsect"},{"floor":10,"key":"Gremlin Horn"},{"floor":12,"key":"Orichalcum"},{"floor":14,"key":"Question Card"},{"floor":20,"key":"Blue Candle"}],"event_choices":[{"damage_healed":0,"gold_gain":0,"player_choice":"Lose Max HP","damage_taken":0,"relics_obtained":["Golden Idol"],"max_hp_gain":0,"max_hp_loss":6,"event_name":"Golden Idol","floor":3,"gold_loss":0},{"damage_healed":0,"gold_gain":150,"player_choice":"AGREE","damage_taken":0,"max_hp_gain":0,"max_hp_loss":0,"event_name":"Liars Game","floor":4,"gold_loss":0,"cards_obtained":["Doubt"]},{"damage_healed":0,"gold_gain":0,"player_choice":"Obtain J.A.X.","damage_taken":0,"max_hp_gain":0,"max_hp_loss":0,"event_name":"Drug Dealer","floor":19,"gold_loss":0,"cards_obtained":["J.A.X."]}],"is_beta":true,"boss_relics":[{"not_picked":["SacredBark","Empty Cage"],"picked":"VioletLotus"}],"items_purged_floors":[21],"is_endless":false,"potions_floor_spawned":[2,7,11,12],"killed_by":"Book of Stabbing","ascension_level":20}}