{"host":"2858q7tg2p392m8d","time":1610941809,"event":{"mods":["BaseMod","Colored Map","DeckTracker","Friendly Minions","Minty Spire (QoL Compilation)","Permanent Neow","StSLib","everything is the same but u backflip on backflip","slay the spire mod where everything is the same but ironclad has a cowboy hat"],"gold_per_floor":[114,39,54,54,129,167,167,167,167],"floor_reached":8,"language":"ENG","playtime":329,"items_purged":["Armaments"],"score":54,"play_id":"c81fc0e4-a815-4950-8ddf-47a41867755c","local_time":"20210118002009","daily_mods":["Draft","Flight","Lethality"],"is_ascension_mode":false,"campfire_choices":[{"floor":7,"key":"REST"}],"circlet_count":0,"master_deck":["Second Wind","Feel No Pain","Flex","Armaments","Armaments","Sentinel","Iron Wave","Cleave","Cleave","Feel No Pain","Sentinel","True Grit","Armaments","Warcry"],"relics":["Burning Blood","Golden Idol","Juzu Bracelet"],"acts_visited":["Exordium"],"potions_floor_usage":[],"damage_taken":[{"damage":0,"enemies":"Cultist","floor":1,"turns":5},{"damage":0,"enemies":"2 Louse","floor":3,"turns":1},{"damage":25,"enemies":"Lagavulin","floor":6,"turns":9},{"damage":0,"enemies":"Gremlin Nob","floor":8,"turns":1}],"seed_played":"-1283480827410872575","potions_obtained":[{"floor":1,"key":"Energy Potion"},{"floor":3,"key":"LiquidBronze"},{"floor":6,"key":"HeartOfIron"}],"is_trial":false,"path_per_floor":["M","$","M","?","?","E","R","E"],"character_chosen":"IRONCLAD","items_purchased":[],"campfire_rested":1,"item_purchase_floors":[],"current_hp_per_floor":[80,80,80,60,49,30,54,54,54],"gold":167,"neow_bonus":"","is_daily":true,"chose_seed":false,"campfire_upgraded":0,"win_rate":0.0,"timestamp":1610941809,"path_taken":["M","$","?","?","?","E","R","E"],"items_purchased_type":[],"build_version":"2020-12-22","purchased_purges":1,"victory":false,"max_hp_per_floor":[80,80,80,80,80,80,80,80,80],"card_choices":[{"not_picked":["True Grit","Rampage"],"picked":"Second Wind","floor":0},{"not_picked":["Cleave","Metallicize"],"picked":"Feel No Pain","floor":0},{"not_picked":["Anger","Hemokinesis"],"picked":"Flex","floor":0},{"not_picked":["Twin Strike","Clash"],"picked":"Armaments","floor":0},{"not_picked":["Sword Boomerang","Hemokinesis"],"picked":"Armaments","floor":0},{"not_picked":["Cleave","Inflame"],"picked":"Sentinel","floor":0},{"not_picked":["Wild Strike","Entrench"],"picked":"Iron Wave","floor":0},{"not_picked":["True Grit","Heavy Blade"],"picked":"Cleave","floor":0},{"not_picked":["Dual Wield","Thunderclap"],"picked":"Cleave","floor":0},{"not_picked":["Dropkick","Flex"],"picked":"Armaments","floor":0},{"not_picked":["True Grit","Anger"],"picked":"Feel No Pain","floor":0},{"not_picked":["Anger","Clothesline"],"picked":"Sentinel","floor":0},{"not_picked":["Armaments","Anger"],"picked":"True Grit","floor":0},{"not_picked":["Wild Strike","Flex"],"picked":"Armaments","floor":0},{"not_picked":["Shrug It Off","Bloodletting"],"picked":"Warcry","floor":0},{"not_picked":["Body Slam","True Grit","Cleave"],"picked":"SKIP","floor":1},{"not_picked":["Reckless Charge","Clash","Cleave"],"picked":"SKIP","floor":3},{"not_picked":["Limit Break","Havoc","Heavy Blade"],"picked":"SKIP","floor":6}],"player_experience":207421,"relics_obtained":[{"floor":6,"key":"Juzu Bracelet"}],"event_choices":[{"damage_healed":0,"gold_gain":0,"player_choice":"Take Damage","damage_taken":20,"relics_obtained":["Golden Idol"],"max_hp_gain":0,"max_hp_loss":0,"event_name":"Golden Idol","floor":4,"gold_loss":0},{"damage_healed":0,"gold_gain":75,"player_choice":"Gather Gold","damage_taken":11,"max_hp_gain":0,"max_hp_loss":0,"event_name":"World of Goop","floor":5,"gold_loss":0}],"is_beta":false,"boss_relics":[],"items_purged_floors":[2],"is_endless":false,"potions_floor_spawned":[1,3,6],"killed_by":"Gremlin Nob","ascension_level":0}}