{"host":"mvy2rmdvyttjfm6x","time":1610964830,"event":{"mods":["AchievementEnabler","BaseMod","Keyboard Shortcuts","Minty Spire (QoL Compilation)","Quick Restart","StSLib","SuperFastMode"],"gold_per_floor":[118,134,145,34,34,34,59,59,107,141,167,117,117,67,67,169,169,187,200,200,220,135,147,194,226,262,284,94,94,94,109,109,213,213,229,242,242,255,268,284,284,116,140,155,184,184,218,228,228,228,228,228,9,44,44],"floor_reached":56,"language":"KOR","playtime":3738,"items_purged":["Strike_G","Strike_G","Writhe","Defend_G","Strike_G"],"score":1281,"play_id":"80ce52b8-3aa1-4bf7-8235-df39dfc7e5d7","local_time":"20210118191350","is_ascension_mode":true,"campfire_choices":[{"data":"Tactician","floor":6.0,"key":"SMITH"},{"data":"Noxious Fumes","floor":8.0,"key":"SMITH"},{"floor":13.0,"key":"REST"},{"data":"Neutralize","floor":15.0,"key":"SMITH"},{"data":"Burst","floor":23.0,"key":"SMITH"},{"data":"Crippling Poison","floor":30.0,"key":"SMITH"},{"floor":32.0,"key":"REST"},{"floor":41.0,"key":"REST"},{"floor":49.0,"key":"RECALL"},{"data":"Blade Dance","floor":52.0,"key":"SMITH"}],"circlet_count":0,"master_deck":["Strike_G","Strike_G","Defend_G","Defend_G","Defend_G","Survivor","Neutralize+1","Crippling Poison+1","Tactician+1","Noxious Fumes+1","Adrenaline","Prepared","Burst+1","PiercingWail+1","Acrobatics","Reflex","Footwork+1","Wraith Form v2","Calculated Gamble","Escape Plan","Dagger Throw","Blade Dance+1","Parasite","Acrobatics+1","A Thousand Cuts"],"relics":["Runic Pyramid","Smiling Mask","Bottled Tornado","Regal Pillow","Gambling Chip","Odd Mushroom","Black Star","Pocketwatch","MawBank","Happy Flower","Shuriken","Membership Card","SacredBark","Boot","PreservedInsect","Shovel","Ancient Tea Set","Dream Catcher","White Beast Statue","TungstenRod","Blue Candle","Sundial"],"acts_visited":["Exordium","TheCity","TheBeyond","TheEnding"],"potions_floor_usage":[55,55],"damage_taken":[{"damage":2.0,"enemies":"Jaw Worm","floor":1.0,"turns":5.0},{"damage":0.0,"enemies":"2 Louse","floor":2.0,"turns":3.0},{"damage":0.0,"enemies":"Cultist","floor":3.0,"turns":4.0},{"damage":5.0,"enemies":"Lagavulin","floor":7.0,"turns":9.0},{"damage":15.0,"enemies":"Gremlin Nob","floor":10.0,"turns":5.0},{"damage":8.0,"enemies":"The Mushroom Lair","floor":11.0,"turns":4.0},{"damage":10.0,"enemies":"The Guardian","floor":16.0,"turns":10.0},{"damage":16.0,"enemies":"Spheric Guardian","floor":18.0,"turns":6.0},{"damage":0.0,"enemies":"3 Byrds","floor":19.0,"turns":4.0},{"damage":2.0,"enemies":"Cultist and Chosen","floor":21.0,"turns":7.0},{"damage":11.0,"enemies":"Book of Stabbing","floor":24.0,"turns":8.0},{"damage":0.0,"enemies":"Chosen and Byrds","floor":25.0,"turns":6.0},{"damage":7.0,"enemies":"Snake Plant","floor":27.0,"turns":5.0},{"damage":0.0,"enemies":"Centurion and Healer","floor":31.0,"turns":5.0},{"damage":44.0,"enemies":"Champ","floor":33.0,"turns":14.0},{"damage":15.0,"enemies":"3 Shapes","floor":35.0,"turns":8.0},{"damage":1.0,"enemies":"Orb Walker","floor":36.0,"turns":4.0},{"damage":24.0,"enemies":"Jaw Worm Horde","floor":38.0,"turns":4.0},{"damage":0.0,"enemies":"Maw","floor":39.0,"turns":8.0},{"damage":22.0,"enemies":"Spire Growth","floor":40.0,"turns":6.0},{"damage":1.0,"enemies":"Writhing Mass","floor":44.0,"turns":6.0},{"damage":3.0,"enemies":"Nemesis","floor":45.0,"turns":7.0},{"damage":3.0,"enemies":"Giant Head","floor":47.0,"turns":8.0},{"damage":7.0,"enemies":"Sphere and 2 Shapes","floor":48.0,"turns":6.0},{"damage":40.0,"enemies":"Awakened One","floor":50.0,"turns":15.0},{"damage":17,"enemies":"Shield and Spear","floor":54,"turns":8},{"damage":76,"enemies":"The Heart","floor":55,"turns":10}],"seed_played":"3983891115207490457","potions_obtained":[{"floor":2.0,"key":"Poison Potion"},{"floor":10.0,"key":"Poison Potion"},{"floor":16.0,"key":"Dexterity Potion"},{"floor":18.0,"key":"AttackPotion"},{"floor":19.0,"key":"SpeedPotion"},{"floor":25.0,"key":"Fire Potion"},{"floor":27.0,"key":"LiquidMemories"},{"floor":35.0,"key":"PowerPotion"},{"floor":36.0,"key":"FairyPotion"},{"floor":40.0,"key":"Fruit Juice"},{"floor":46.0,"key":"PowerPotion"},{"floor":46.0,"key":"DuplicationPotion"},{"floor":48.0,"key":"LiquidBronze"},{"floor":54,"key":"Strength Potion"}],"is_trial":false,"path_per_floor":["M","M","M","$","?","R","E","R","T","E","?","$","R","?","R","B",null,"M","M","?","M","?","R","E","M","T","M","$","?","R","M","R","B",null,"M","M","?","M","M","M","R","$","T","M","E","?","E","M","R","B",null,"R","$","E","B",null],"character_chosen":"THE_SILENT","items_purchased":["Noxious Fumes","Membership Card","Dagger Throw","Boot","Blade Dance","TungstenRod","Dexterity Potion"],"campfire_rested":3,"item_purchase_floors":[4,28,42,42,42,53,53],"current_hp_per_floor":[68,68,68,68,56,56,51,51,51,36,28,28,64,64,64,54,70,54,54,54,52,52,52,41,41,41,34,34,34,34,34,70,26,70,55,54,54,30,30,18,57,57,57,56,53,53,50,43,43,3,80,80,80,63,40],"gold":44,"neow_bonus":"BOSS_RELIC","is_daily":false,"chose_seed":false,"campfire_upgraded":6,"win_rate":0.0,"timestamp":1610964830,"path_taken":["M","M","M","$","?","R","E","R","T","E","?","$","R","?","R","BOSS","M","M","?","M","?","R","E","M","T","M","$","?","R","M","R","BOSS","M","M","?","?","M","?","R","$","T","?","E","?","E","M","R","BOSS","R","$","E","BOSS"],"items_purchased_type":["Card","Relic","Card","Relic","Card","Relic","Potion"],"build_version":"2020-12-22","purchased_purges":5,"victory":true,"max_hp_per_floor":[70,70,70,70,70,70,70,70,70,70,70,70,70,70,70,70,70,70,70,70,70,70,70,70,70,70,70,70,70,70,70,70,70,70,70,70,70,70,70,80,80,80,80,80,80,80,80,80,80,80,80,80,80,80,80],"card_choices":[{"not_picked":["PiercingWail","Deflect"],"picked":"Crippling Poison","floor":1.0},{"not_picked":["Riddle With Holes","PiercingWail","Masterful Stab"],"picked":"SKIP","floor":2.0},{"not_picked":["Dagger Spray","Cloak And Dagger"],"picked":"Tactician","floor":3.0},{"not_picked":["Flying Knee","Glass Knife"],"picked":"Adrenaline","floor":7.0},{"not_picked":["PiercingWail","Dagger Spray","Well Laid Plans"],"picked":"SKIP","floor":10.0},{"not_picked":["Finisher","Underhanded Strike"],"picked":"Prepared","floor":11.0},{"not_picked":["Night Terror","Corpse Explosion"],"picked":"Burst","floor":16.0},{"not_picked":["Flechettes","Quick Slash+1","Sucker Punch+1"],"picked":"SKIP","floor":18.0},{"not_picked":["Sucker Punch+1","PiercingWail","Dagger Spray"],"picked":"SKIP","floor":19.0},{"not_picked":["Finisher+1","Deadly Poison+1","PiercingWail+1"],"picked":"SKIP","floor":21.0},{"not_picked":["Finisher+1","Deadly Poison+1"],"picked":"PiercingWail+1","floor":21.0},{"not_picked":["Adrenaline","Outmaneuver"],"picked":"Acrobatics","floor":24.0},{"not_picked":["Choke","Underhanded Strike+1","Slice"],"picked":"SKIP","floor":25.0},{"not_picked":["Dagger Throw","Backstab","PiercingWail"],"picked":"SKIP","floor":27.0},{"not_picked":["Dagger Throw+1","Endless Agony"],"picked":"Footwork+1","floor":31.0},{"not_picked":["Storm of Steel","Burst"],"picked":"Wraith Form v2","floor":33.0},{"not_picked":["Deadly Poison+1","Noxious Fumes+1"],"picked":"Calculated Gamble","floor":35.0},{"not_picked":["Quick Slash","Poisoned Stab+1","Outmaneuver"],"picked":"SKIP","floor":36.0},{"not_picked":["Sucker Punch+1","PiercingWail+1"],"picked":"Escape Plan","floor":38.0},{"not_picked":["Dagger Spray+1","Setup","Catalyst"],"picked":"SKIP","floor":39.0},{"not_picked":["Choke","Quick Slash","Tactician+1"],"picked":"SKIP","floor":40.0},{"not_picked":["Deflect+1","Noxious Fumes","Quick Slash+1"],"picked":"SKIP","floor":44.0},{"not_picked":["Crippling Poison","Flying Knee","Predator"],"picked":"SKIP","floor":45.0},{"not_picked":["Eviscerate","Cloak And Dagger+1","Noxious Fumes"],"picked":"SKIP","floor":47.0},{"not_picked":["Quick Slash+1","Reflex"],"picked":"Acrobatics+1","floor":48.0},{"not_picked":["Blade Dance+1","Escape Plan"],"picked":"A Thousand Cuts","floor":54}],"player_experience":99240,"relics_obtained":[{"floor":7.0,"key":"Bottled Tornado"},{"floor":9.0,"key":"Regal Pillow"},{"floor":10.0,"key":"Gambling Chip"},{"floor":11.0,"key":"Odd Mushroom"},{"floor":24.0,"key":"Happy Flower"},{"floor":24.0,"key":"Shuriken"},{"floor":43.0,"key":"PreservedInsect"},{"floor":45.0,"key":"Shovel"},{"floor":45.0,"key":"Ancient Tea Set"},{"floor":47.0,"key":"Dream Catcher"},{"floor":47.0,"key":"White Beast Statue"},{"floor":54,"key":"Blue Candle"},{"floor":54,"key":"Sundial"}],"event_choices":[{"damage_healed":0.0,"max_hp_gain":0.0,"max_hp_loss":0.0,"gold_gain":0.0,"event_name":"Scrap Ooze","player_choice":"Success","floor":5.0,"gold_loss":0.0,"damage_taken":12.0,"relics_obtained":["Smiling Mask"]},{"damage_healed":0.0,"max_hp_gain":0.0,"max_hp_loss":0.0,"gold_gain":0.0,"event_name":"Mushrooms","player_choice":"Fought Mushrooms","floor":11.0,"gold_loss":0.0,"damage_taken":0.0},{"cards_removed":["Defend_G"],"damage_healed":0.0,"max_hp_gain":0.0,"max_hp_loss":0.0,"gold_gain":0.0,"event_name":"The Cleric","player_choice":"Card Removal","floor":14.0,"gold_loss":50.0,"damage_taken":0.0},{"damage_healed":0.0,"max_hp_gain":0.0,"max_hp_loss":0.0,"gold_gain":0.0,"event_name":"The Mausoleum","player_choice":"Opened","floor":20.0,"gold_loss":0.0,"damage_taken":0.0,"relics_obtained":["Pocketwatch"],"cards_obtained":["Writhe"]},{"damage_healed":0.0,"max_hp_gain":0.0,"max_hp_loss":0.0,"gold_gain":0.0,"event_name":"Addict","player_choice":"Obtained Relic","floor":22.0,"gold_loss":85.0,"damage_taken":0.0,"relics_obtained":["MawBank"]},{"damage_healed":0.0,"max_hp_gain":0.0,"max_hp_loss":0.0,"gold_gain":0.0,"event_name":"The Library","player_choice":"Read","floor":29.0,"gold_loss":0.0,"damage_taken":0.0,"cards_obtained":["Reflex"]},{"damage_healed":0.0,"max_hp_gain":0.0,"max_hp_loss":0.0,"gold_gain":0.0,"event_name":"SecretPortal","player_choice":"Ignored","floor":37.0,"gold_loss":0.0,"damage_taken":0.0},{"damage_healed":0.0,"max_hp_gain":0.0,"max_hp_loss":0.0,"gold_gain":0.0,"event_name":"Lab","player_choice":"Got Potions","floor":46.0,"gold_loss":0.0,"damage_taken":0.0}],"is_beta":false,"boss_relics":[{"not_picked":["Sozu","Snecko Eye"],"picked":"Black Star"},{"not_picked":["Runic Dome","HoveringKite"],"picked":"SacredBark"}],"items_purged_floors":[4,12,28,42,53],"is_endless":false,"potions_floor_spawned":[2,10,16,18,19,25,27,35,36,38,40,48,54],"ascension_level":2}}