{"host":"45go8t6659233n49","time":1610954260,"event":{"mods":["AchievementEnabler","BaseMod","Colored Map","Downfall","Duelist Mod","GifTheSpireLib","Infinite Spire","Minty Spire (QoL Compilation)","StSLib"],"gold_per_floor":[99,113,125,125,135,146,146,11,26,39,66,86,86,104,115,215,215,215,52,62,77,77,77,125,125,25,40,52,52,52,52],"floor_reached":29,"language":"ENG","playtime":2647,"items_purged":["Guardian:Strike_Guardian"],"score":231,"play_id":"e01dc6d3-c1d3-4f6b-8673-dc3efa617560","local_time":"20210118181740","is_ascension_mode":false,"campfire_choices":[{"data":"Guardian:ConstructionForm","floor":1,"key":"SMITH"},{"data":"Guardian:Orbwalk","floor":13,"key":"SMITH"},{"floor":18,"key":"RECALL"},{"data":"Guardian:RefractedBeam+1","floor":23,"key":"SMITH"},{"data":"Guardian:RefractedBeam+2","floor":26,"key":"SMITH"}],"circlet_count":0,"master_deck":["Guardian:Strike_Guardian","Guardian:Strike_Guardian","Guardian:Strike_Guardian","Guardian:Defend_Guardian","Guardian:Defend_Guardian","Guardian:Defend_Guardian","Guardian:CurlUp","Guardian:TwinSlam","Guardian:ConstructionForm+1","Guardian:Repulse","Guardian:BodySlam","Guardian:ShieldSpikes","Guardian:Clone","Guardian:TemporalStrike+1","Guardian:PolyBeam+1","Guardian:Orbwalk+1","Guardian:WalkerClaw+1","Guardian:RefractedBeam+3","Guardian:PrimingBeam+1","Guardian:DonusPower","Guardian:ShieldCharger","Guardian:StasisStrike+1","Guardian:RollAttack+1","Guardian:BodySlam+1","Guardian:Gem_Green","Guardian:SpikerProtocol","Guardian:GatlingBeam+1","downfall:Bewildered","RitualDagger+1","Guardian:FloatingOrbs+1","Guardian:Recover"],"relics":["Guardian:ModeShifter","Molten Egg 2","White Beast Statue","Philosopher\u0027s Stone","sneckomod:BabySnecko","downfall:HeartBlessingGreen"],"acts_visited":["Exordium","TheCity"],"potions_floor_usage":[14,14,14,16,16,27,28,29,29],"damage_taken":[{"damage":2,"enemies":"2 Louse","floor":2,"turns":3},{"damage":6,"enemies":"Jaw Worm","floor":3,"turns":5},{"damage":2,"enemies":"Small Slimes","floor":5,"turns":5},{"damage":6,"enemies":"Exordium Wildlife","floor":6,"turns":6},{"damage":0,"enemies":"downfall:FleeingMerchant","floor":8,"turns":4},{"damage":0,"enemies":"Exordium Thugs","floor":9,"turns":6},{"damage":2,"enemies":"3 Louse","floor":10,"turns":5},{"damage":15,"enemies":"Lagavulin","floor":11,"turns":9},{"damage":12,"enemies":"Gremlin Gang","floor":12,"turns":4},{"damage":7,"enemies":"Exordium Wildlife","floor":14,"turns":6},{"damage":5,"enemies":"3 Louse","floor":15,"turns":4},{"damage":1,"enemies":"WA_ARCHETYPE_RETAIN","floor":16,"turns":8},{"damage":8,"enemies":"downfall:FleeingMerchant","floor":19,"turns":4},{"damage":16,"enemies":"Shell Parasite","floor":20,"turns":4},{"damage":11,"enemies":"Spheric Guardian","floor":21,"turns":4},{"damage":18,"enemies":"Snake Plant","floor":27,"turns":3},{"damage":2,"enemies":"Centurion and Healer","floor":28,"turns":5},{"damage":25,"enemies":"Nightmare","floor":29,"turns":7}],"seed_played":"6451528098621896465","potions_obtained":[{"floor":2,"key":"LiquidBronze"},{"floor":5,"key":"Regen Potion"},{"floor":9,"key":"SpeedPotion"},{"floor":10,"key":"Explosive Potion"},{"floor":11,"key":"BlessingOfTheForge"},{"floor":14,"key":"infinitespire:BlackPotion"},{"floor":15,"key":"Block Potion"},{"floor":16,"key":"Energy Potion"},{"floor":19,"key":"SpeedPotion"},{"floor":20,"key":"Ancient Potion"},{"floor":21,"key":"Explosive Potion"},{"floor":27,"key":"BlessingOfTheForge"},{"floor":28,"key":"AttackPotion"}],"is_trial":false,"path_per_floor":["R","M","M","?","M","M","T","$","M","M","E","M","R","M","M","B",null,"R","$","M","M","?","R","T","?","R","M","M","NM"],"character_chosen":"GUARDIAN","items_purchased":["Guardian:TemporalStrike+1","Guardian:PolyBeam+1","Guardian:BodySlam+1","Guardian:Gem_Green"],"campfire_rested":0,"item_purchase_floors":[8,8,19,19],"current_hp_per_floor":[56,54,48,48,46,40,40,40,40,38,23,11,11,19,14,13,80,80,72,56,45,45,45,45,39,39,21,19,0,0,0],"gold":52,"neow_bonus":"THREE_RARE_CARDS","is_daily":false,"chose_seed":false,"campfire_upgraded":4,"win_rate":0.0,"timestamp":1610954260,"path_taken":["R","M","M","?","M","M","T","$","M","M","E","M","R","M","M","BOSS","R","$","M","M","?","R","T","?","R","M","M","NM"],"items_purchased_type":["Card","Card","Card","Card"],"build_version":"2020-12-22","purchased_purges":1,"victory":false,"max_hp_per_floor":[80,80,80,80,80,80,80,80,80,80,80,80,80,80,80,80,80,80,80,80,80,80,80,80,80,80,80,80,80,80,80],"card_choices":[{"not_picked":["Guardian:StasisField","Guardian:TimeSifter"],"picked":"Guardian:ConstructionForm","floor":0},{"not_picked":["Guardian:Gem_Yellow","Guardian:Gem_Red"],"picked":"Guardian:Repulse","floor":2},{"not_picked":["Guardian:Gem_Red","Guardian:Planning"],"picked":"Guardian:BodySlam","floor":3},{"not_picked":["Guardian:TemporalStrike","Guardian:Gem_Purple"],"picked":"Guardian:ShieldSpikes","floor":5},{"not_picked":["Guardian:ArmoredProtocol","Guardian:CrystalBeam"],"picked":"Guardian:Gem_Cyan","floor":6},{"not_picked":["Guardian:Suspension","Guardian:Gem_Lightblue"],"picked":"Guardian:Clone","floor":8},{"not_picked":["Guardian:Gem_Crimson","Guardian:Gem_Lightblue"],"picked":"Guardian:Orbwalk","floor":9},{"not_picked":["Guardian:Gem_Fragmented","Guardian:Gem_White"],"picked":"Guardian:WalkerClaw+1","floor":10},{"not_picked":["Guardian:Gem_White","Guardian:EvasiveProtocol"],"picked":"Guardian:RefractedBeam+1","floor":11},{"not_picked":["Guardian:ArmoredProtocol","Guardian:Gem_Green"],"picked":"Guardian:PrimingBeam+1","floor":12},{"not_picked":["Guardian:PiercingHide","Guardian:TimeBomb"],"picked":"Guardian:DonusPower","floor":14},{"not_picked":["Guardian:ShieldSpikes","Guardian:TimeBomb"],"picked":"Guardian:ShieldCharger","floor":15},{"not_picked":["Guardian:FastForward","Guardian:HyperBeam_Guardian+1"],"picked":"Guardian:StasisStrike+1","floor":16},{"not_picked":["Guardian:ShieldCharger","Guardian:TemporalShield"],"picked":"Guardian:RollAttack+1","floor":19},{"not_picked":["Guardian:Incinerate+1","Guardian:WalkerClaw+1"],"picked":"Guardian:SpikerProtocol","floor":20},{"not_picked":["Guardian:ArmoredProtocol+1","Guardian:PrismaticBarrier"],"picked":"Guardian:GatlingBeam+1","floor":21},{"not_picked":["Guardian:PolyBeam+1","Guardian:Planning"],"picked":"Guardian:FloatingOrbs+1","floor":27},{"not_picked":["Guardian:PolyBeam+1","Guardian:Gem_Purple"],"picked":"Guardian:Recover","floor":28}],"player_experience":284881,"relics_obtained":[{"floor":7,"key":"Molten Egg 2"},{"floor":11,"key":"White Beast Statue"}],"event_choices":[],"is_beta":false,"boss_relics":[{"not_picked":["Calling Bell","Fusion Hammer"],"picked":"Philosopher\u0027s Stone"}],"items_purged_floors":[19],"is_endless":false,"potions_floor_spawned":[2,5,9,10,11,12,14,15,16,19,20,21,27,28],"killed_by":"Nightmare","ascension_level":0}}