{"host":"nc3dlacrfhmj2qcx","time":1610980301,"event":{"mods":["BaseMod","Hermit","Keyboard Shortcuts","Minty Spire (QoL Compilation)","Permanent Neow","StSLib","SuperFastMode","everything is the same but u backflip on backflip"],"gold_per_floor":[115,128,145,161,161,161,188,188,237,237,249,266,152,168,168,241,241,241,241],"floor_reached":18,"language":"KOR","playtime":537,"items_purged":["Strike_P"],"score":295,"play_id":"2f59b255-41a8-454b-ac4d-890d37202420","local_time":"20210118233141","is_ascension_mode":true,"campfire_choices":[{"data":"Eruption","floor":6.0,"key":"SMITH"},{"floor":8,"key":"REST"},{"data":"Wallop","floor":10,"key":"SMITH"},{"data":"Adaptation","floor":15,"key":"SMITH"}],"circlet_count":0,"master_deck":["AscendersBane","Strike_P","Strike_P","Strike_P","Defend_P","Defend_P","Defend_P","Eruption+1","Vigilance","CutThroughFate","SignatureMove","FlurryOfBlows","Wallop+1","Adaptation","Adaptation+1","Vault"],"relics":["PureWater","Shuriken","Tiny Chest","Runic Pyramid"],"acts_visited":["Exordium","TheCity"],"potions_floor_usage":[7,16,16],"damage_taken":[{"damage":7.0,"enemies":"Small Slimes","floor":1.0,"turns":3.0},{"damage":10.0,"enemies":"2 Louse","floor":2.0,"turns":3.0},{"damage":3.0,"enemies":"Jaw Worm","floor":3.0,"turns":5.0},{"damage":6.0,"enemies":"Exordium Wildlife","floor":4.0,"turns":4.0},{"damage":23,"enemies":"Lagavulin","floor":7,"turns":5},{"damage":2,"enemies":"2 Fungi Beasts","floor":11,"turns":2},{"damage":1,"enemies":"3 Louse","floor":12,"turns":2},{"damage":0,"enemies":"Blue Slaver","floor":14,"turns":2},{"damage":13,"enemies":"The Guardian","floor":16,"turns":9},{"damage":6,"enemies":"3 Byrds","floor":18,"turns":2}],"seed_played":"-2666935907978417115","potions_obtained":[{"floor":1.0,"key":"Explosive Potion"},{"floor":4.0,"key":"SkillPotion"},{"floor":7,"key":"Block Potion"}],"is_trial":false,"path_per_floor":["M","M","M","M","?","R","E","R","T","R","M","M","$","M","R","B",null,"M"],"character_chosen":"WATCHER","items_purchased":["Adaptation"],"campfire_rested":1,"item_purchase_floors":[13],"current_hp_per_floor":[54,44,41,35,35,35,12,32,32,32,30,29,29,29,29,16,55,49,49],"gold":241,"neow_bonus":"REMOVE_CARD","is_daily":false,"chose_seed":false,"campfire_upgraded":3,"win_rate":0.0,"timestamp":1610980301,"path_taken":["M","M","M","M","?","R","E","R","T","R","M","M","$","M","R","BOSS","M"],"items_purchased_type":["Card"],"build_version":"2020-12-22","purchased_purges":1,"victory":false,"max_hp_per_floor":[68,68,68,68,68,68,68,68,68,68,68,68,68,68,68,68,68,68,68],"card_choices":[{"not_picked":["Crescendo","Halt"],"picked":"CutThroughFate","floor":1.0},{"not_picked":["Vengeance","SashWhip"],"picked":"SignatureMove","floor":2.0},{"not_picked":["WheelKick","FollowUp"],"picked":"FlurryOfBlows","floor":3.0},{"not_picked":["BattleHymn","BowlingBash","FollowUp"],"picked":"SKIP","floor":4.0},{"not_picked":["BattleHymn","BowlingBash","FollowUp"],"picked":"SKIP","floor":4.0},{"not_picked":["Sanctity","Protect"],"picked":"Wallop","floor":7},{"not_picked":["WreathOfFlame","FlyingSleeves"],"picked":"Adaptation","floor":11},{"not_picked":["SignatureMove","ForeignInfluence","BowlingBash"],"picked":"SKIP","floor":12},{"not_picked":["CrushJoints","Halt","JustLucky"],"picked":"SKIP","floor":14},{"not_picked":["Devotion","Judgement"],"picked":"Vault","floor":16}],"player_experience":1052286,"relics_obtained":[{"floor":7,"key":"Shuriken"},{"floor":9,"key":"Tiny Chest"}],"event_choices":[{"damage_healed":0.0,"max_hp_gain":0.0,"max_hp_loss":0.0,"gold_gain":0.0,"event_name":"Shining Light","player_choice":"Ignored","floor":5.0,"gold_loss":0.0,"damage_taken":0.0}],"is_beta":false,"boss_relics":[{"not_picked":["Runic Dome","SlaversCollar"],"picked":"Runic Pyramid"}],"items_purged_floors":[13],"is_endless":false,"potions_floor_spawned":[1,4,7,12],"killed_by":"3 Byrds","ascension_level":16}}