{"host":"w4b7hmige5bnqipq","time":1610987388,"event":{"mods":["2.2 Compatiblity","BaseMod","Colored Map","DeckTracker","Keyboard Shortcuts","Minty Spire (QoL Compilation)","Permanent Neow","Rare Cards Sparkle","SuperFastMode","everything is the same but u backflip on backflip","slay the spire mod where everything is the same but ironclad has a cowboy hat"],"gold_per_floor":[118,118,132,148,148,148,73,73,73,88,5,5,5,49,49,49,49,49],"floor_reached":17,"language":"KOR","playtime":383,"items_purged":["Strike_G"],"score":206,"play_id":"58523d8b-9e47-436b-a2c2-b0b8da803713","local_time":"20210119002948","is_ascension_mode":true,"campfire_choices":[{"floor":6,"key":"REST"},{"data":"Neutralize","floor":8,"key":"SMITH"},{"floor":13,"key":"REST"},{"floor":15,"key":"REST"},{"data":"Bouncing Flask","floor":16,"key":"SMITH"}],"circlet_count":0,"master_deck":["AscendersBane","Strike_G","Strike_G","Strike_G","Defend_G","Defend_G+1","Defend_G","Defend_G","Defend_G","Survivor","Neutralize+1","Tactician+1","Calculated Gamble","Dagger Spray","Bouncing Flask+1"],"relics":["Ring of the Snake","The Specimen","Golden Idol","Anchor","Turnip"],"acts_visited":["Exordium"],"potions_floor_usage":[14,17],"damage_taken":[{"damage":12,"enemies":"Jaw Worm","floor":1,"turns":9},{"damage":2,"enemies":"Small Slimes","floor":3,"turns":4},{"damage":4,"enemies":"Cultist","floor":4,"turns":4},{"damage":0,"enemies":"Looter","floor":10,"turns":4},{"damage":29,"enemies":"3 Sentries","floor":14,"turns":10},{"damage":28,"enemies":"The Guardian","floor":17,"turns":8}],"seed_played":"-4402683157883577681","potions_obtained":[{"floor":4,"key":"Fire Potion"},{"floor":14,"key":"AttackPotion"}],"is_trial":false,"path_per_floor":["M","?","M","M","?","R","$","R","T","M","$","?","R","E","R","R","B"],"character_chosen":"THE_SILENT","items_purchased":["Bouncing Flask"],"campfire_rested":3,"item_purchase_floors":[11],"current_hp_per_floor":[32,32,30,26,8,26,26,26,26,26,26,19,37,8,26,26,0,0],"gold":49,"neow_bonus":"ONE_RARE_RELIC","is_daily":false,"chose_seed":false,"campfire_upgraded":2,"win_rate":0.0,"timestamp":1610987388,"path_taken":["M","?","M","M","?","R","$","R","T","M","?","?","R","E","R","R","BOSS"],"items_purchased_type":["Card"],"build_version":"2020-12-22","purchased_purges":1,"victory":false,"max_hp_per_floor":[66,60,60,60,60,60,60,60,60,60,60,60,60,60,60,60,60,60],"card_choices":[{"not_picked":["Deflect","Slice","Blade Dance"],"picked":"SKIP","floor":1},{"not_picked":["Dodge and Roll","Dagger Spray"],"picked":"Tactician","floor":3},{"not_picked":["Dagger Spray","Slice"],"picked":"Calculated Gamble","floor":4},{"not_picked":["All Out Attack","Underhanded Strike"],"picked":"Dagger Spray","floor":10},{"not_picked":["Quick Slash","Phantasmal Killer","Dagger Spray"],"picked":"SKIP","floor":14}],"player_experience":518022,"relics_obtained":[{"floor":9,"key":"Anchor"},{"floor":14,"key":"Turnip"}],"event_choices":[{"damage_healed":0,"gold_gain":0,"player_choice":"Lose Max HP","damage_taken":0,"relics_obtained":["Golden Idol"],"max_hp_gain":0,"max_hp_loss":6,"event_name":"Golden Idol","floor":2,"gold_loss":0},{"damage_healed":0,"gold_gain":0,"player_choice":"Entered Light","damage_taken":18,"max_hp_gain":0,"max_hp_loss":0,"event_name":"Shining Light","floor":5,"gold_loss":0,"cards_upgraded":["Tactician","Defend_G"]},{"cards_removed":["Strike_G"],"damage_healed":0,"gold_gain":0,"player_choice":"Card Removal","damage_taken":7,"max_hp_gain":0,"max_hp_loss":0,"event_name":"Golden Wing","floor":12,"gold_loss":0}],"is_beta":false,"boss_relics":[],"items_purged_floors":[7],"is_endless":false,"potions_floor_spawned":[4,14],"killed_by":"The Guardian","ascension_level":20}}