{"host":"7qqg3hyzrz6apiso","time":1610991474,"event":{"mods":["AchievementEnabler","BaseMod","Better Debug","Colored Map","Colored Powertips","KOR Keyword Fix","Keyboard Shortcuts","Minty Spire (QoL Compilation)","Permanent Neow","Quick Restart","StSLib","SuperFastMode"],"gold_per_floor":[119,130,130,130,205,205,205,205,205,223,241,241,43,43,43,171,171,192,117,216,19,19,19,19],"floor_reached":23,"language":"KOR","playtime":597,"items_purged":["Injury","Strike_B"],"score":230,"play_id":"23bb6dab-f56b-42ac-847a-65ce3ff30c6c","local_time":"20210119023754","is_ascension_mode":true,"campfire_choices":[{"data":"Zap","floor":6,"key":"SMITH"},{"data":"Conserve Battery","floor":8,"key":"SMITH"},{"data":"Capacitor","floor":12,"key":"SMITH"},{"data":"Storm","floor":15,"key":"SMITH"}],"circlet_count":0,"master_deck":["Defend_B","Defend_B","Defend_B","Defend_B","Zap+1","Dualcast","Sweeping Beam","Conserve Battery+1","Capacitor+1","Go for the Eyes","Storm+1","Leap","Buffer"],"relics":["Cracked Core","Golden Idol","Ornamental Fan","White Beast Statue","Darkstone Periapt","Black Star","Membership Card"],"acts_visited":["Exordium","TheCity"],"potions_floor_usage":[16,16,16,18,22],"damage_taken":[{"damage":7,"enemies":"Jaw Worm","floor":1,"turns":3},{"damage":5,"enemies":"2 Louse","floor":2,"turns":2},{"damage":0,"enemies":"Cultist","floor":10,"turns":3},{"damage":7,"enemies":"Exordium Thugs","floor":11,"turns":4},{"damage":27,"enemies":"Slime Boss","floor":16,"turns":9},{"damage":19,"enemies":"Chosen","floor":18,"turns":6},{"damage":15,"enemies":"2 Thieves","floor":22,"turns":5},{"damage":27,"enemies":"Gremlin Leader","floor":23,"turns":3}],"seed_played":"5004640854381621570","potions_obtained":[{"floor":1,"key":"GamblersBrew"},{"floor":10,"key":"GamblersBrew"},{"floor":11,"key":"DuplicationPotion"},{"floor":16,"key":"DistilledChaos"},{"floor":18,"key":"Dexterity Potion"},{"floor":22,"key":"GamblersBrew"}],"is_trial":false,"path_per_floor":["M","M","?","?","?","R","T","R","T","M","M","R","$","T","R","B",null,"M","?","?","$","M","E"],"character_chosen":"DEFECT","items_purchased":["Storm","Leap","Membership Card"],"campfire_rested":0,"item_purchase_floors":[13,13,21],"current_hp_per_floor":[43,38,38,63,52,52,52,52,52,52,45,45,45,45,45,18,61,42,42,42,42,27,0,0],"gold":19,"neow_bonus":"REMOVE_TWO","is_daily":false,"chose_seed":false,"campfire_upgraded":4,"win_rate":0.0,"timestamp":1610991474,"path_taken":["M","M","?","?","?","R","?","R","T","?","M","R","?","?","R","BOSS","M","?","?","?","?","E"],"items_purchased_type":["Card","Card","Relic"],"build_version":"2020-12-22","purchased_purges":2,"victory":false,"max_hp_per_floor":[75,75,75,75,75,75,75,75,75,75,75,75,75,75,75,75,75,75,75,75,75,75,75,75],"card_choices":[{"not_picked":["Sunder","Turbo"],"picked":"Sweeping Beam","floor":1},{"not_picked":["Rebound","Steam"],"picked":"Conserve Battery","floor":2},{"not_picked":["Reinforced Body","Hello World"],"picked":"Capacitor","floor":10},{"not_picked":["Redo","Aggregate"],"picked":"Go for the Eyes","floor":11},{"not_picked":["Biased Cognition","Reboot"],"picked":"Buffer","floor":16},{"not_picked":["Conserve Battery","Chaos","Leap+1"],"picked":"SKIP","floor":18},{"not_picked":["Barrage","Rebound","Chaos+1"],"picked":"SKIP","floor":22}],"player_experience":235821,"relics_obtained":[{"floor":7,"key":"Ornamental Fan"},{"floor":9,"key":"White Beast Statue"},{"floor":14,"key":"Darkstone Periapt"}],"event_choices":[{"damage_healed":0,"gold_gain":0,"player_choice":"Take Wound","damage_taken":0,"relics_obtained":["Golden Idol"],"max_hp_gain":0,"max_hp_loss":0,"event_name":"Golden Idol","floor":3,"gold_loss":0,"cards_obtained":["Injury"]},{"damage_healed":25,"gold_gain":0,"player_choice":"Banana","damage_taken":0,"max_hp_gain":0,"max_hp_loss":0,"event_name":"Big Fish","floor":4,"gold_loss":0},{"damage_healed":0,"gold_gain":75,"player_choice":"Gather Gold","damage_taken":11,"max_hp_gain":0,"max_hp_loss":0,"event_name":"World of Goop","floor":5,"gold_loss":0},{"cards_removed":["Strike_B"],"damage_healed":0,"gold_gain":0,"player_choice":"Gave Gold","damage_taken":0,"max_hp_gain":0,"max_hp_loss":0,"event_name":"Beggar","floor":19,"gold_loss":75},{"damage_healed":0,"gold_gain":99,"player_choice":"Stole From Cult","damage_taken":0,"max_hp_gain":0,"max_hp_loss":0,"event_name":"Nest","floor":20,"gold_loss":0}],"is_beta":false,"boss_relics":[{"not_picked":["FrozenCore","Tiny House"],"picked":"Black Star"}],"items_purged_floors":[13,21],"is_endless":false,"potions_floor_spawned":[1,10,11,16,18,22],"killed_by":"Gremlin Leader","ascension_level":6}}