{"host":"rjfefv2ruvigm2gb","time":1610971107,"event":{"mods":["AchievementEnabler","AlwaysNeverKeys","Arknights The Spire","BaseMod","Card Forge","Curses Come First","Displayed Cursed Tome","Evolution","Fox Events","Gold Saver","Googly Eyes","HexUI Lib","Ironclad Rager","Mad Scientist","Minty Spire (QoL Compilation)","Permanent Neow","Poor People Problems","Quick Restart","Shop Mod","StS++","StSLib","SuperFastMode","The Sage","Virulent Crown"],"gold_per_floor":[13,13,27,27,43,43,118,118,118,133,174,197,46,67,67,197,197,211,232,87,87,107,145,145,145,145,160,184,208,208,229,229,357,357,370,370,383,383,383,383,383,422,422,422,422,435,458,472,472,472,472,472,325,359,359,359],"floor_reached":55,"language":"ENG","playtime":947,"items_purged":[],"score":1429,"play_id":"fe153f75-d178-419e-960c-113499437152","local_time":"20210118055827","is_ascension_mode":true,"campfire_choices":[{"floor":6,"key":"REST"},{"floor":15,"key":"REST"},{"floor":24,"key":"REST"},{"floor":32,"key":"REST"},{"floor":40,"key":"REST"},{"floor":45,"key":"REST"},{"floor":49,"key":"REST"},{"floor":52,"key":"REST"}],"circlet_count":0,"master_deck":["Flex+1","Limit Break+1","StSpp:Succumb+1","StSpp:Succumb+1","Masterful Stab+1"],"relics":["Black Blood","Hammer of Thor","Seething Fire","Anvil of the Gods","EVO:Axolotl","Bird Faced Urn","Golden Idol","Meat on the Bone","Bag of Marbles","PreservedInsect","Tiny Chest","Pear","Blue Candle","Busted Crown","Vajra","StSpp:TwinEgg","Lantern","Anchor"],"acts_visited":["Exordium","TheCity","TheBeyond","TheEnding"],"potions_floor_usage":[55,55,55,55,55],"damage_taken":[{"damage":0,"enemies":"Jaw Worm","floor":1,"turns":1},{"damage":0,"enemies":"Small Slimes","floor":3,"turns":1},{"damage":0,"enemies":"Cultist","floor":5,"turns":1},{"damage":0,"enemies":"Gremlin Gang","floor":10,"turns":1},{"damage":0,"enemies":"3 Sentries","floor":11,"turns":1},{"damage":0,"enemies":"3 Louse","floor":12,"turns":1},{"damage":0,"enemies":"Blue Slaver","floor":14,"turns":1},{"damage":0,"enemies":"Hexaghost","floor":16,"turns":1},{"damage":0,"enemies":"Spheric Guardian","floor":18,"turns":1},{"damage":0,"enemies":"2 Thieves","floor":19,"turns":1},{"damage":0,"enemies":"Cultist and Chosen","floor":22,"turns":1},{"damage":0,"enemies":"Book of Stabbing","floor":23,"turns":1},{"damage":0,"enemies":"Shelled Parasite and Fungi","floor":27,"turns":1},{"damage":0,"enemies":"Snake Plant","floor":28,"turns":1},{"damage":0,"enemies":"Centurion and Healer","floor":29,"turns":1},{"damage":0,"enemies":"Sentry and Sphere","floor":31,"turns":1},{"damage":0,"enemies":"Champ","floor":33,"turns":1},{"damage":0,"enemies":"Orb Walker","floor":35,"turns":1},{"damage":4,"enemies":"3 Shapes","floor":37,"turns":1},{"damage":0,"enemies":"Reptomancer","floor":42,"turns":2},{"damage":0,"enemies":"Writhing Mass","floor":46,"turns":1},{"damage":0,"enemies":"Jaw Worm Horde","floor":47,"turns":2},{"damage":0,"enemies":"Maw","floor":48,"turns":1},{"damage":0,"enemies":"Awakened One","floor":50,"turns":2},{"damage":0,"enemies":"Shield and Spear","floor":54,"turns":1},{"damage":90,"enemies":"The Heart","floor":55,"turns":3}],"seed_played":"-7403447764524308055","potions_obtained":[{"floor":5,"key":"Dexterity Potion"},{"floor":14,"key":"LiquidBronze"},{"floor":18,"key":"StSpp:ScatteredPotion"}],"is_trial":false,"path_per_floor":["M","?","M","?","M","R","?","?","T","M","E","M","$","M","R","B",null,"M","M","$","?","M","E","R","?","T","M","M","M","T","M","R","B",null,"M","$","M","?","?","R","$","E","T","?","R","M","M","M","R","B",null,"R","$","E","B"],"character_chosen":"IRONCLAD","items_purchased":["PreservedInsect","Tiny Chest","Lantern"],"campfire_rested":8,"item_purchase_floors":[13,20,53],"current_hp_per_floor":[78,58,64,80,80,80,69,69,69,75,80,80,80,80,80,80,80,80,80,80,80,80,90,90,90,90,90,90,90,90,90,90,90,90,90,90,90,90,90,90,90,90,90,90,90,90,90,90,90,90,90,90,90,90,0,0],"gold":359,"neow_bonus":"ONE_RARE_RELIC","is_daily":false,"chose_seed":false,"campfire_upgraded":0,"win_rate":0.0,"timestamp":1610971107,"path_taken":["M","?","M","?","M","R","?","?","T","?","E","M","$","M","R","BOSS","M","?","$","?","M","E","R","?","T","?","M","M","?","M","R","BOSS","M","$","M","?","?","R","$","E","T","?","R","M","M","M","R","BOSS","R","$","E","BOSS"],"items_purchased_type":["Relic","Relic","Relic"],"build_version":"2020-12-22","purchased_purges":0,"victory":false,"max_hp_per_floor":[80,80,80,80,80,80,80,80,80,80,80,80,80,80,80,80,80,80,80,80,80,80,90,90,90,90,90,90,90,90,90,90,90,90,90,90,90,90,90,90,90,90,90,90,90,90,90,90,90,90,90,90,90,90,90,90],"card_choices":[{"not_picked":["Intimidate","Armaments","Cleave"],"picked":"SKIP","floor":1},{"not_picked":["StSpp:Sprint","Entrench","Armaments"],"picked":"SKIP","floor":3},{"not_picked":["Hemokinesis","Whirlwind","Clash"],"picked":"SKIP","floor":5},{"not_picked":["Thunderclap","Bloodletting","Heavy Blade"],"picked":"SKIP","floor":10},{"not_picked":["StSpp:MuscleMemory","Double Tap","Dropkick"],"picked":"SKIP","floor":11},{"not_picked":["Iron Wave","StSpp:Sprint","Thunderclap"],"picked":"SKIP","floor":12},{"not_picked":["Burning Pact","Dropkick","Metallicize"],"picked":"SKIP","floor":14},{"not_picked":["Heavy Blade","Hemokinesis","Clothesline+1"],"picked":"SKIP","floor":18},{"not_picked":["Fire Breathing","Clothesline+1","Body Slam"],"picked":"SKIP","floor":19},{"not_picked":["Headbutt","StSpp:CounterStrike","Clash"],"picked":"SKIP","floor":22},{"not_picked":["Impervious","Seeing Red","Heavy Blade"],"picked":"SKIP","floor":23},{"not_picked":["StSpp:Jab","Anger","Wild Strike"],"picked":"SKIP","floor":27},{"not_picked":["Power Through","Whirlwind","StSpp:Jab"],"picked":"SKIP","floor":28},{"not_picked":["Searing Blow+1","Pommel Strike","Rampage+1"],"picked":"SKIP","floor":29},{"not_picked":["Anger","Carnage+1","Wild Strike"],"picked":"SKIP","floor":31},{"not_picked":["Thunderclap"],"picked":"SKIP","floor":35},{"not_picked":["Armaments"],"picked":"SKIP","floor":37},{"not_picked":["Warcry+1"],"picked":"SKIP","floor":42},{"not_picked":["Sever Soul"],"picked":"SKIP","floor":46},{"not_picked":["Dual Wield"],"picked":"SKIP","floor":47},{"not_picked":["Rampage"],"picked":"SKIP","floor":48},{"not_picked":["Reckless Charge"],"picked":"SKIP","floor":54}],"player_experience":988131,"relics_obtained":[{"floor":9,"key":"Meat on the Bone"},{"floor":11,"key":"Bag of Marbles"},{"floor":23,"key":"Pear"},{"floor":26,"key":"Blue Candle"},{"floor":42,"key":"Vajra"},{"floor":43,"key":"StSpp:TwinEgg"},{"floor":54,"key":"Anchor"}],"event_choices":[{"damage_healed":0,"gold_gain":0,"player_choice":"Take Damage","damage_taken":20,"relics_obtained":["Golden Idol"],"max_hp_gain":0,"max_hp_loss":0,"event_name":"Golden Idol","floor":2,"gold_loss":0},{"damage_healed":26,"gold_gain":0,"player_choice":"Banana","damage_taken":0,"max_hp_gain":0,"max_hp_loss":0,"event_name":"Big Fish","floor":4,"gold_loss":0},{"damage_healed":0,"gold_gain":75,"player_choice":"Gather Gold","damage_taken":11,"max_hp_gain":0,"max_hp_loss":0,"event_name":"World of Goop","floor":7,"gold_loss":0},{"damage_healed":0,"gold_gain":0,"player_choice":"Ignored","damage_taken":0,"max_hp_gain":0,"max_hp_loss":0,"event_name":"Purifier","floor":8,"gold_loss":0},{"damage_healed":0,"gold_gain":0,"player_choice":"1 cards matched","damage_taken":0,"max_hp_gain":0,"max_hp_loss":0,"event_name":"Match and Keep!","floor":25,"gold_loss":0,"cards_obtained":["Anger"]},{"damage_healed":0,"gold_gain":0,"player_choice":"Ignored","damage_taken":0,"max_hp_gain":0,"max_hp_loss":0,"event_name":"Tomb of Lord Red Mask","floor":39,"gold_loss":0},{"damage_healed":0,"gold_gain":0,"player_choice":"Bought 0 Potions","damage_taken":0,"max_hp_gain":0,"max_hp_loss":0,"event_name":"The Woman in Blue","floor":44,"gold_loss":0}],"is_beta":false,"boss_relics":[{"not_picked":["Calling Bell","Fusion Hammer"],"picked":"Black Blood"},{"not_picked":["Sozu","Black Star"],"picked":"Busted Crown"}],"items_purged_floors":[],"is_endless":false,"potions_floor_spawned":[1,5,14,18,23,28,37,46],"killed_by":"The Heart","ascension_level":8}}