{"host":"51f0ad793vly1w6u","time":1610983976,"event":{"mods":["BaseMod","Colored Map","DeckTracker","Minty Spire (QoL Compilation)","Replay The Spire","StSLib","SuperFastMode"],"gold_per_floor":[112,127,142,142,142,168,168,93,93,93,113,136,161,196,196,321,321,351,351,351,413,464,476,5,38,38,38,75,79,109,59,59,179,179,223,254,366,366,391,436,486,486,486,486,523,548,14,62,62,92,92,92,5,64,100],"floor_reached":56,"language":"KOR","playtime":1425,"items_purged":["Strike_R","Strike_R","Decay","Languid","Overencumbered"],"score":1282,"play_id":"a05eeb94-97b3-48df-8b90-bf3e07031f8a","local_time":"20210119003256","is_ascension_mode":false,"campfire_choices":[{"data":"Replay:Undeath\u0027s Touch","floor":7.0,"key":"SMITH"},{"floor":10.0,"key":"REST"},{"data":"Flex","floor":15.0,"key":"SMITH"},{"data":"Demon Form","floor":23.0,"key":"SMITH"},{"data":"Shockwave","floor":27.0,"key":"SMITH"},{"floor":32,"key":"REST"},{"floor":42,"key":"REST"},{"data":"Replay:Many Hands","floor":44,"key":"SMITH"},{"data":"Sadistic Nature","floor":49,"key":"SMITH"},{"data":"Replay:Undeath\u0027s Touch","floor":52,"key":"SMITH"}],"circlet_count":0,"master_deck":["Strike_R","Strike_R","Defend_R+1","Defend_R","Defend_R+1","Defend_R","Bash","Offering","Flex+1","Replay:Undeath\u0027s Touch+1","Shrug It Off","Replay:Undeath\u0027s Touch+1","Clash","Demon Form+1","Battle Trance","Reaper","Shockwave+1","Warcry+1","Replay:Undeath\u0027s Touch+1","Evolve","Flex+1","Twin Strike","Sadistic Nature+1","Discovery","Defy Death+1","Sentinel+1","Replay:Many Hands+1","Run Through+1","Flex+1","Pain","ReplayTheSpireMod:Corrosion Curse+1","ReplayTheSpireMod:Faulty Equipment","Hallucinations","Reaper","True Grit+1","Inflame","Specialist"],"relics":["Burning Blood","ReplayTheSpireMod:Spearhead","Pear","Happy Flower","Replay:Bandana","Cursed Key","MawBank","Membership Card","Replay:Wax Seal","Du-Vu Doll","Paper Frog","BargainBundle","Pen Nib","Busted Crown","ReplayFunnel","PreservedInsect","Gambling Chip","Replay:Bottled Flurry","War Paint","TungstenRod","Chemical X","ReplayTheSpireMod:CursedCoin","Replay:Towering Pillar of Hats","Bag of Marbles"],"acts_visited":["Exordium","TheCity","TheBeyond","TheEnding"],"potions_floor_usage":[31,33,40,50,55,55],"damage_taken":[{"damage":2.0,"enemies":"2 Louse","floor":1.0,"turns":3.0},{"damage":11.0,"enemies":"Jaw Worm","floor":2.0,"turns":2.0},{"damage":6.0,"enemies":"Cultist","floor":3.0,"turns":2.0},{"damage":43.0,"enemies":"Lagavulin","floor":6.0,"turns":8.0},{"damage":12.0,"enemies":"2 Fungi Beasts","floor":11.0,"turns":3.0},{"damage":24.0,"enemies":"Gremlin Nob","floor":13.0,"turns":4.0},{"damage":9.0,"enemies":"Blue Slaver","floor":14.0,"turns":3.0},{"damage":6.0,"enemies":"Slime Boss","floor":16.0,"turns":4.0},{"damage":8.0,"enemies":"Shell Parasite","floor":18.0,"turns":2.0},{"damage":10.0,"enemies":"3 Byrds","floor":21.0,"turns":5.0},{"damage":13.0,"enemies":"Snake Plant","floor":22.0,"turns":3.0},{"damage":18.0,"enemies":"Centurion and Healer","floor":25.0,"turns":4.0},{"damage":8.0,"enemies":"Snecko","floor":28.0,"turns":3.0},{"damage":22,"enemies":"Snake Plant","floor":30,"turns":3},{"damage":37,"enemies":"Slavers","floor":31,"turns":3},{"damage":8,"enemies":"Collector","floor":33,"turns":6},{"damage":15,"enemies":"3 Darklings","floor":35,"turns":5},{"damage":0,"enemies":"3 Shapes","floor":36,"turns":4},{"damage":35,"enemies":"Nemesis","floor":40,"turns":5},{"damage":40,"enemies":"Writhing Mass","floor":41,"turns":4},{"damage":2,"enemies":"Maw","floor":45,"turns":5},{"damage":0,"enemies":"3 Darklings","floor":48,"turns":3},{"damage":63,"enemies":"Awakened One","floor":50,"turns":5},{"damage":37,"enemies":"Shield and Spear","floor":54,"turns":3},{"damage":88,"enemies":"The Heart","floor":55,"turns":5}],"seed_played":"-3698529105765959264","potions_obtained":[{"floor":1.0,"key":"Toxic Potion"},{"floor":2.0,"key":"BlessingOfTheForge"},{"floor":13.0,"key":"Weak Potion"},{"floor":14.0,"key":"Fire Potion"},{"floor":22.0,"key":"GamblersBrew"},{"floor":30,"key":"FairyPotion"},{"floor":35,"key":"Block Potion"},{"floor":40,"key":"SmokeBomb"},{"floor":54,"key":"DuplicationPotion"}],"is_trial":false,"path_per_floor":["M","M","M","?","?","E","R","$","T","R","M","T","E","M","R","B",null,"M","?","?","M","M","R","$","M","T","R","M","$","M","E","R","B",null,"M","M","?","?","T","E","M","R","T","R","M","T","$","M","R","B",null,"R","$","E","B",null],"character_chosen":"IRONCLAD","items_purchased":["Membership Card","Replay:Wax Seal","Du-Vu Doll","Reaper","Shockwave","BargainBundle","Evolve","Flex+1","LiquidMemories","Regen Potion","DistilledChaos","Twin Strike","Sadistic Nature","Discovery","TungstenRod","Chemical X","DuplicationPotion","Strength Potion","Reaper","True Grit+1","Inflame","Specialist","ReplayTheSpireMod:CursedCoin","Replay:Towering Pillar of Hats"],"campfire_rested":3,"item_purchase_floors":[24,24,24,24,24,29,29,29,29,29,29,29,29,29,47,47,47,47,47,47,47,47,53,53],"current_hp_per_floor":[72,67,67,67,60,23,23,23,33,57,51,51,33,30,30,30,82,80,64,64,60,53,53,53,64,64,64,76,76,60,38,64,85,87,78,85,85,85,85,56,22,48,48,48,52,52,52,87,87,73,87,87,87,56,58],"gold":100,"neow_bonus":"THREE_RARE_CARDS","is_daily":false,"chose_seed":false,"campfire_upgraded":7,"win_rate":0.0,"timestamp":1610983976,"path_taken":["M","M","M","?","?","E","R","?","T","R","?","?","E","M","R","BOSS","M","?","?","M","M","R","$","M","T","R","?","$","M","E","R","BOSS","M","M","?","?","?","E","?","R","T","R","?","?","$","M","R","BOSS","R","$","E","BOSS"],"items_purchased_type":["Relic","Relic","Relic","Card","Card","Relic","Card","Card","Potion","Potion","Potion","Card","Card","Card","Relic","Relic","Potion","Potion","Card","Card","Card","Card","Relic","Relic"],"build_version":"2020-12-22","purchased_purges":5,"victory":true,"max_hp_per_floor":[72,72,72,72,72,72,72,72,82,82,82,82,82,82,82,82,82,82,87,87,87,87,87,87,87,87,87,87,87,87,87,87,87,87,87,87,87,87,87,87,87,87,87,87,87,87,87,87,87,87,87,87,87,87,87],"card_choices":[{"not_picked":["Eclipse","Barricade"],"picked":"Offering","floor":0.0},{"not_picked":["Intimidate","True Grit"],"picked":"Flex","floor":1.0},{"not_picked":["Defy Death","Rage"],"picked":"Replay:Undeath\u0027s Touch","floor":2.0},{"not_picked":["Metallicize","Life Link"],"picked":"Shrug It Off","floor":3.0},{"not_picked":["Clash","Dual Wield"],"picked":"Replay:Undeath\u0027s Touch","floor":6.0},{"not_picked":["True Grit","Corruption"],"picked":"Clash","floor":11.0},{"not_picked":["Anger","Havoc","Pommel Strike"],"picked":"SKIP","floor":13.0},{"not_picked":["Armaments","Cleave","Intimidate"],"picked":"SKIP","floor":14.0},{"not_picked":["Double Tap","Berserk"],"picked":"Demon Form","floor":16.0},{"not_picked":["ReplayTheSpireMod:Limb From Limb","Inflame"],"picked":"Battle Trance","floor":18.0},{"not_picked":["Feel No Pain","Spot Weakness+1","Burning Pact"],"picked":"SKIP","floor":21.0},{"not_picked":["Iron Wave","Carnage","Body Slam"],"picked":"SKIP","floor":22.0},{"not_picked":["Rupture","Shockwave"],"picked":"Warcry+1","floor":25.0},{"not_picked":["Cleave+1","Shrug It Off"],"picked":"Replay:Undeath\u0027s Touch","floor":28},{"not_picked":["Body Slam","Metallicize"],"picked":"Defy Death+1","floor":30},{"not_picked":["True Grit","Searing Blow"],"picked":"Sentinel+1","floor":31},{"not_picked":["Juggernaut","Fiend Fire"],"picked":"Replay:Many Hands","floor":33},{"not_picked":["Clash+1"],"picked":"SKIP","floor":35},{"not_picked":["Body Slam"],"picked":"SKIP","floor":36},{"not_picked":[],"picked":"Run Through+1","floor":37},{"not_picked":[],"picked":"Flex+1","floor":37},{"not_picked":["Sever Soul+1"],"picked":"SKIP","floor":40},{"not_picked":[],"picked":"ReplayTheSpireMod:Corrosion Curse+1","floor":41},{"not_picked":["Headbutt"],"picked":"SKIP","floor":45},{"not_picked":["Rampage+1"],"picked":"SKIP","floor":48},{"not_picked":["Twin Strike"],"picked":"SKIP","floor":54}],"player_experience":1396563,"relics_obtained":[{"floor":6.0,"key":"ReplayTheSpireMod:Spearhead"},{"floor":9.0,"key":"Pear"},{"floor":12.0,"key":"Happy Flower"},{"floor":13.0,"key":"Replay:Bandana"},{"floor":26.0,"key":"Paper Frog"},{"floor":31,"key":"Pen Nib"},{"floor":37,"key":"ReplayFunnel"},{"floor":39,"key":"PreservedInsect"},{"floor":40,"key":"Gambling Chip"},{"floor":43,"key":"Replay:Bottled Flurry"},{"floor":46,"key":"War Paint"},{"floor":54,"key":"Bag of Marbles"}],"event_choices":[{"damage_healed":0.0,"max_hp_gain":0.0,"max_hp_loss":0.0,"gold_gain":0.0,"event_name":"Living Wall","player_choice":"Grow","floor":4.0,"gold_loss":0.0,"damage_taken":0.0,"cards_upgraded":["Replay:Undeath\u0027s Touch"]},{"cards_removed":["Strike_R"],"damage_healed":0.0,"max_hp_gain":0.0,"max_hp_loss":0.0,"gold_gain":0.0,"event_name":"Golden Wing","player_choice":"Card Removal","floor":5.0,"gold_loss":0.0,"damage_taken":7.0},{"damage_healed":0.0,"max_hp_gain":5.0,"max_hp_loss":0.0,"gold_gain":0.0,"event_name":"Forgotten Altar","player_choice":"Shed Blood","floor":19.0,"gold_loss":0.0,"damage_taken":21.0},{"damage_healed":0,"gold_gain":0,"player_choice":"Ignored","damage_taken":0,"max_hp_gain":0,"max_hp_loss":0,"event_name":"Tomb of Lord Red Mask","floor":38,"gold_loss":0}],"is_beta":false,"boss_relics":[{"not_picked":["Mark of Pain","Replay:Wanted Poster"],"picked":"Cursed Key"},{"not_picked":["Fusion Hammer","Velvet Choker"],"picked":"Busted Crown"}],"items_purged_floors":[8,24,29,47,53],"is_endless":false,"potions_floor_spawned":[1,2,13,14,22,30,35,40,48,54],"ascension_level":0}}