{"host":"qhhcmep1unj6mpf7","time":1610986620,"event":{"mods":["2.2 Compatiblity","AchievementEnabler","BaseMod","Colored Map","DeckTracker","Highlight Path","Keyboard Shortcuts","Minty Spire (QoL Compilation)","Permanent Neow","Quick Restart","Random Character Button","StSLib","SuperFastMode","everything is the same but u backflip on backflip"],"gold_per_floor":[114,133,133,148,148,173,173,208,234,20,38,51,68,78,78,180,180,180],"floor_reached":17,"language":"KOR","playtime":616,"items_purged":[],"score":169,"play_id":"c51aee42-c9d8-4331-9804-b681dba98063","local_time":"20210119011700","is_ascension_mode":false,"campfire_choices":[{"floor":15,"key":"REST"}],"circlet_count":0,"master_deck":["Strike_B","Strike_B+1","Strike_B","Defend_B","Defend_B","Defend_B+1","Defend_B","Zap","Dualcast","White Noise","White Noise","Genetic Algorithm","Chaos","Biased Cognition","Glacier","Cold Snap","Amplify"],"relics":["Cracked Core","DataDisk","Bronze Scales","Pen Nib","Anchor","Art of War","Nuclear Battery"],"acts_visited":["Exordium","TheCity"],"potions_floor_usage":[8,13,14,16,16],"damage_taken":[{"damage":0.0,"enemies":"Cultist","floor":1.0,"turns":4.0},{"damage":0,"enemies":"2 Louse","floor":2,"turns":2},{"damage":0,"enemies":"Small Slimes","floor":4,"turns":3},{"damage":24,"enemies":"3 Sentries","floor":6,"turns":7},{"damage":17,"enemies":"Lagavulin","floor":8,"turns":6},{"damage":1,"enemies":"Exordium Thugs","floor":11,"turns":3},{"damage":0,"enemies":"Large Slime","floor":12,"turns":3},{"damage":3,"enemies":"Exordium Wildlife","floor":13,"turns":4},{"damage":6,"enemies":"Exordium Thugs","floor":14,"turns":4},{"damage":17,"enemies":"Hexaghost","floor":16,"turns":11}],"seed_played":"-2517724961383977063","potions_obtained":[{"floor":1.0,"key":"FocusPotion"},{"floor":4,"key":"Strength Potion"},{"floor":6,"key":"Energy Potion"},{"floor":7,"key":"EntropicBrew"},{"floor":12,"key":"ColorlessPotion"}],"is_trial":false,"path_per_floor":["M","M","?","M","?","E","?","E","T","$","M","M","M","M","R","B",null],"character_chosen":"DEFECT","items_purchased":["Art of War","Chaos"],"campfire_rested":1,"item_purchase_floors":[10,10],"current_hp_per_floor":[75,75,68,68,53,29,29,12,12,12,11,11,8,2,24,7,75,75],"gold":180,"neow_bonus":"RANDOM_COMMON_RELIC","is_daily":false,"chose_seed":false,"campfire_upgraded":0,"win_rate":0.0,"timestamp":1610986620,"path_taken":["M","M","?","M","?","E","?","E","T","$","M","M","?","M","R","BOSS"],"items_purchased_type":["Relic","Card"],"build_version":"2020-12-22","purchased_purges":0,"victory":false,"max_hp_per_floor":[75,75,75,75,75,75,75,75,75,75,75,75,75,75,75,75,75,75],"card_choices":[{"not_picked":["Redo","Conserve Battery"],"picked":"White Noise","floor":1.0},{"not_picked":["BootSequence","Rebound"],"picked":"White Noise","floor":2},{"not_picked":["Storm","Steam","Sweeping Beam"],"picked":"SKIP","floor":4},{"not_picked":["Storm","Doom and Gloom"],"picked":"Genetic Algorithm","floor":6},{"not_picked":["Recycle","Steam","Compile Driver"],"picked":"SKIP","floor":8},{"not_picked":["Stack","Scrape"],"picked":"Biased Cognition","floor":11},{"not_picked":["Aggregate","Streamline","Sweeping Beam"],"picked":"SKIP","floor":12},{"not_picked":["Barrage","Coolheaded"],"picked":"Glacier","floor":13},{"not_picked":["Barrage","Steam"],"picked":"Cold Snap","floor":14},{"not_picked":["Machine Learning","Fission"],"picked":"Amplify","floor":16}],"player_experience":318641,"relics_obtained":[{"floor":6,"key":"Bronze Scales"},{"floor":8,"key":"Pen Nib"},{"floor":9,"key":"Anchor"}],"event_choices":[{"cards_removed":["Strike_B"],"damage_healed":0,"gold_gain":0,"player_choice":"Card Removal","damage_taken":7,"max_hp_gain":0,"max_hp_loss":0,"event_name":"Golden Wing","floor":3,"gold_loss":0},{"damage_healed":0,"gold_gain":0,"player_choice":"Entered Light","damage_taken":15,"max_hp_gain":0,"max_hp_loss":0,"event_name":"Shining Light","floor":5,"gold_loss":0,"cards_upgraded":["Strike_B","Defend_B"]},{"damage_healed":0,"gold_gain":0,"player_choice":"Got Potions","damage_taken":0,"max_hp_gain":0,"max_hp_loss":0,"event_name":"Lab","floor":7,"gold_loss":0}],"is_beta":false,"boss_relics":[{"not_picked":["Runic Pyramid","Coffee Dripper"],"picked":"Nuclear Battery"}],"items_purged_floors":[],"is_endless":false,"potions_floor_spawned":[1,4,6,12],"ascension_level":0}}