{"host":"6wux4armhsntp4yb","time":1610945613,"event":{"mods":["BaseMod","Colored Map","DeckTracker","Minty Spire (QoL Compilation)","Relic Stats"],"gold_per_floor":[214,26,26,26,26,42,42,67,93,116,116,139,139,179,179,273,273,294,219,239,239,252,252,285,285,308,321,4,44,69,69,69],"floor_reached":31,"language":"JPN","playtime":2011,"items_purged":["Strike_G","Strike_G"],"score":600,"play_id":"fbfdd8b0-c3da-40d9-b092-92ced5751944","local_time":"20210118135333","is_ascension_mode":true,"campfire_choices":[{"data":"Apotheosis","floor":7,"key":"SMITH"},{"data":"Glass Knife","floor":11,"key":"SMITH"},{"data":"PiercingWail","floor":13,"key":"SMITH"},{"data":"Night Terror","floor":15,"key":"SMITH"},{"data":"Ghostly","floor":23,"key":"SMITH"},{"data":"Ghostly","floor":25,"key":"SMITH"}],"circlet_count":0,"master_deck":["AscendersBane","Strike_G+1","Strike_G+1","Defend_G","Defend_G","Defend_G","Defend_G","Defend_G","Survivor","Neutralize","Sucker Punch","Apotheosis+1","Dagger Throw","Glass Knife+1","PiercingWail+1","Night Terror+1","Wraith Form v2","Backflip","Ghostly+1","Ghostly+1","Ghostly","Infinite Blades+1","Acrobatics","Bouncing Flask+1","Disarm","Feel No Pain+1"],"relics":["Ring of the Snake","Golden Idol","Lantern","Whetstone","Snecko Eye","Tiny Chest","Nunchaku","PrismaticShard","Strawberry"],"acts_visited":["Exordium","TheCity"],"potions_floor_usage":[14,16,24,29,31,31],"damage_taken":[{"damage":7.0,"enemies":"Small Slimes","floor":1.0,"turns":4.0},{"damage":0,"enemies":"2 Louse","floor":6,"turns":4},{"damage":0,"enemies":"Jaw Worm","floor":8,"turns":3},{"damage":1,"enemies":"Large Slime","floor":10,"turns":6},{"damage":1,"enemies":"Exordium Thugs","floor":12,"turns":5},{"damage":6,"enemies":"Lagavulin","floor":14,"turns":8},{"damage":40,"enemies":"Slime Boss","floor":16,"turns":18},{"damage":3,"enemies":"Spheric Guardian","floor":18,"turns":4},{"damage":15,"enemies":"Shell Parasite","floor":20,"turns":11},{"damage":4,"enemies":"Snake Plant","floor":22,"turns":9},{"damage":0,"enemies":"Book of Stabbing","floor":24,"turns":7},{"damage":1,"enemies":"Snecko","floor":27,"turns":7},{"damage":7,"enemies":"Gremlin Leader","floor":29,"turns":9},{"damage":2,"enemies":"Centurion and Healer","floor":30,"turns":7},{"damage":25,"enemies":"Slavers","floor":31,"turns":6}],"seed_played":"-4388273762988928973","potions_obtained":[{"floor":1.0,"key":"CunningPotion"},{"floor":10,"key":"SmokeBomb"},{"floor":14,"key":"SneckoOil"},{"floor":16,"key":"CultistPotion"},{"floor":22,"key":"Energy Potion"},{"floor":29,"key":"GamblersBrew"},{"floor":30,"key":"EssenceOfSteel"}],"is_trial":false,"path_per_floor":["M","$","?","?","?","M","R","M","T","M","R","M","R","E","R","B",null,"M","$","M","?","M","R","E","R","T","M","$","E","M","E"],"character_chosen":"THE_SILENT","items_purchased":["Apotheosis","PrismaticShard","SpeedPotion"],"campfire_rested":0,"item_purchase_floors":[2,28,28],"current_hp_per_floor":[52,52,52,52,52,52,52,52,52,51,51,50,50,44,44,4,46,43,43,28,28,24,24,24,24,24,23,23,23,21,0,0],"gold":69,"neow_bonus":"HUNDRED_GOLD","is_daily":false,"chose_seed":false,"campfire_upgraded":6,"win_rate":0.0,"timestamp":1610945613,"path_taken":["M","$","?","?","?","M","R","M","T","M","R","M","R","E","R","BOSS","M","$","M","?","M","R","E","R","T","M","$","E","M","E"],"items_purchased_type":["Card","Relic","Potion"],"build_version":"2020-12-22","purchased_purges":2,"victory":false,"max_hp_per_floor":[66,66,60,60,60,60,60,60,60,60,60,60,60,60,60,60,60,60,60,60,30,30,30,30,30,30,30,30,37,37,37,37],"relic_stats":{"Nunchaku":[5],"counters":[15,108],"Golden Idol":79,"Snecko Eye":[121,117,122,123],"Tiny Chest":0,"Whetstone":["Strike_G","Strike_G"],"obtain_stats":[{"Lantern":9,"Nunchaku":26,"Golden Idol":3,"Strawberry":29,"Snecko Eye":17,"Tiny Chest":24,"Whetstone":14,"PrismaticShard":28,"Ring of the Snake":0},{"Lantern":3,"Nunchaku":11,"Golden Idol":1,"Strawberry":13,"Snecko Eye":7,"Tiny Chest":11,"Whetstone":6,"PrismaticShard":12,"Ring of the Snake":0},{"Lantern":11,"Nunchaku":79,"Golden Idol":4,"Strawberry":95,"Snecko Eye":48,"Tiny Chest":79,"Whetstone":30,"PrismaticShard":86,"Ring of the Snake":0}],"Ring of the Snake":[30]},"card_choices":[{"not_picked":["Concentrate","Masterful Stab"],"picked":"Sucker Punch","floor":1.0},{"not_picked":["Dodge and Roll","Sucker Punch","Outmaneuver"],"picked":"SKIP","floor":6},{"not_picked":["Sucker Punch","Infinite Blades"],"picked":"Dagger Throw","floor":8},{"not_picked":["Poisoned Stab","Deadly Poison"],"picked":"Glass Knife","floor":10},{"not_picked":["Dagger Spray","Deflect"],"picked":"PiercingWail","floor":12},{"not_picked":["Bane","Catalyst"],"picked":"Night Terror","floor":14},{"not_picked":["Storm of Steel","Phantasmal Killer"],"picked":"Wraith Form v2","floor":16},{"not_picked":["Concentrate","Sucker Punch","Outmaneuver"],"picked":"SKIP","floor":18},{"not_picked":["Dagger Spray","Sucker Punch"],"picked":"Backflip","floor":20},{"not_picked":["Accuracy","PiercingWail"],"picked":"Infinite Blades+1","floor":22},{"not_picked":["Grand Finale","Dagger Throw"],"picked":"Acrobatics","floor":24},{"not_picked":["Prepared","Blade Dance"],"picked":"Bouncing Flask+1","floor":27},{"not_picked":["Slice","Deflect"],"picked":"Disarm","floor":29},{"not_picked":["Bloodletting","Beam Cell"],"picked":"Feel No Pain+1","floor":30}],"player_experience":5800551,"relics_obtained":[{"floor":9,"key":"Lantern"},{"floor":14,"key":"Whetstone"},{"floor":24,"key":"Tiny Chest"},{"floor":26,"key":"Nunchaku"},{"floor":29,"key":"Strawberry"}],"event_choices":[{"damage_healed":0.0,"max_hp_gain":0.0,"max_hp_loss":6.0,"gold_gain":0.0,"event_name":"Golden Idol","player_choice":"Lose Max HP","floor":3.0,"gold_loss":0.0,"damage_taken":0.0,"relics_obtained":["Golden Idol"]},{"cards_removed":["Strike_G"],"damage_healed":0.0,"max_hp_gain":0.0,"max_hp_loss":0.0,"gold_gain":0.0,"event_name":"Living Wall","player_choice":"Forget","floor":4.0,"gold_loss":0.0,"damage_taken":0.0},{"damage_healed":0,"gold_gain":0,"player_choice":"Ignored","damage_taken":0,"max_hp_gain":0,"max_hp_loss":0,"event_name":"Shining Light","floor":5,"gold_loss":0},{"damage_healed":0,"gold_gain":0,"player_choice":"Became a Ghost","damage_taken":0,"max_hp_gain":0,"max_hp_loss":30,"event_name":"Ghosts","floor":21,"gold_loss":0,"cards_obtained":["Ghostly","Ghostly","Ghostly"]}],"is_beta":false,"boss_relics":[{"not_picked":["Calling Bell","WristBlade"],"picked":"Snecko Eye"}],"items_purged_floors":[19,28],"is_endless":false,"potions_floor_spawned":[1,10,14,16,22,29,30],"killed_by":"Slavers","ascension_level":20}}