{"host":"3ykswgue17e1ycc2","time":1610984658,"event":{"mods":["BaseMod","Colored Powertips","Dark Map","Downfall","Minty Spire (QoL Compilation)","Quick Restart","Rare Cards Sparkle","StSLib"],"gold_per_floor":[199,219,237,254,268,298,349,102,102,102,134,154,171,184,197,300,300,300,310,310,310,328,328,328,346,346,346,346],"floor_reached":26,"language":"ENG","playtime":1360,"items_purged":[],"score":222,"play_id":"cca17458-b6de-4a48-bcbc-d68abef340c6","local_time":"20210118224418","is_ascension_mode":false,"campfire_choices":[{"data":"champ:Execute","floor":1,"key":"SMITH"},{"data":"champ:EnGarde","floor":9,"key":"SMITH"},{"data":"champ:UltimateStance","floor":18,"key":"SMITH"},{"floor":23,"key":"RECALL"}],"circlet_count":0,"master_deck":["champ:Strike","champ:Strike","champ:Strike","champ:Strike","champ:Defend","champ:Defend","champ:Defend","champ:Defend","champ:Execute+1","champ:Taunt","champ:DeathBlow","champ:BerserkersShout","champ:EnGarde+1","champ:PreciseThrust","champ:RisingSlash","champ:RapidStrikes","champ:ShieldWall","champ:VampiricStrike","champ:FlashCut","champ:AdrenalArmor","champ:TornadoPunch","champ:BringItOn","champ:UltimateStance+1","champ:AdrenalArmor+1","champ:GutPunch+1","Decay","champ:EnragedBash+1"],"relics":["champ:ChampionCrown","Art of War","champ:DefensiveTrainingManual","Strawberry","Cursed Key","Mummified Hand"],"acts_visited":["Exordium","TheCity"],"potions_floor_usage":[16,19],"damage_taken":[{"damage":21,"enemies":"Cultist","floor":2,"turns":4},{"damage":15,"enemies":"2 Louse","floor":3,"turns":2},{"damage":32,"enemies":"Jaw Worm","floor":4,"turns":4},{"damage":28,"enemies":"Exordium Wildlife","floor":5,"turns":4},{"damage":59,"enemies":"3 Sentries","floor":6,"turns":7},{"damage":25,"enemies":"downfall:FleeingMerchant","floor":8,"turns":4},{"damage":37,"enemies":"Gremlin Nob","floor":11,"turns":4},{"damage":25,"enemies":"Gremlin Gang","floor":12,"turns":5},{"damage":36,"enemies":"Blue Slaver","floor":13,"turns":3},{"damage":19,"enemies":"Exordium Wildlife","floor":14,"turns":4},{"damage":10,"enemies":"Lots of Slimes","floor":15,"turns":2},{"damage":76,"enemies":"WA_ARCHETYPE_RETAIN","floor":16,"turns":8},{"damage":25,"enemies":"3 Byrds","floor":19,"turns":3},{"damage":27,"enemies":"Centurion and Healer","floor":22,"turns":6},{"damage":74,"enemies":"Sentry and Sphere","floor":25,"turns":5},{"damage":84,"enemies":"Slavers","floor":26,"turns":4}],"seed_played":"-1203498492128274406","potions_obtained":[{"floor":2,"key":"champ:OpenerPotion"},{"floor":4,"key":"GamblersBrew"},{"floor":6,"key":"DuplicationPotion"},{"floor":16,"key":"Explosive Potion"},{"floor":19,"key":"DistilledChaos"}],"is_trial":false,"path_per_floor":["R","M","M","M","M","E","T","$","R","?","E","M","M","M","M","B",null,"R","M","?","?","M","R","T","M","E"],"character_chosen":"THE_CHAMP","items_purchased":["champ:DefensiveTrainingManual","champ:ShieldWall"],"campfire_rested":0,"item_purchase_floors":[8,8],"current_hp_per_floor":[90,89,84,82,79,65,65,60,60,90,80,65,54,45,45,9,97,97,87,87,87,85,85,85,76,0,0,0],"gold":346,"neow_bonus":"HUNDRED_GOLD","is_daily":false,"chose_seed":false,"campfire_upgraded":3,"win_rate":0.0,"timestamp":1610984658,"path_taken":["R","M","M","M","M","E","T","?","R","?","E","?","M","M","M","BOSS","R","M","?","?","M","R","T","M","E"],"items_purchased_type":["Relic","Card"],"build_version":"2020-12-22","purchased_purges":0,"victory":false,"max_hp_per_floor":[90,90,90,90,90,90,90,90,90,90,97,97,97,97,97,97,97,97,97,97,97,97,97,97,97,97,97,97],"card_choices":[{"not_picked":["champ:BringItOn","champ:Encircle"],"picked":"champ:DeathBlow","floor":2},{"not_picked":["champ:FanOfKnives","champ:IronFortress"],"picked":"champ:BerserkersShout","floor":3},{"not_picked":["champ:RecklessLeap","champ:FaceSlap"],"picked":"champ:EnGarde","floor":4},{"not_picked":["champ:BringItOn","champ:BerserkersShout"],"picked":"champ:PreciseThrust","floor":5},{"not_picked":["champ:Shatter","champ:FanOfKnives"],"picked":"champ:RisingSlash","floor":6},{"not_picked":["champ:GladiatorStyle","champ:Haymaker"],"picked":"champ:RapidStrikes","floor":8},{"not_picked":["champ:PreemptiveStrike","champ:IronFortress"],"picked":"champ:VampiricStrike","floor":11},{"not_picked":["champ:PreemptiveStrike","champ:Circumvent"],"picked":"champ:FlashCut","floor":12},{"not_picked":["champ:DeathBlow","champ:BringItOn"],"picked":"champ:AdrenalArmor","floor":13},{"not_picked":["champ:FalseCounter","champ:AdrenalArmor"],"picked":"champ:TornadoPunch","floor":14},{"not_picked":["champ:Circumvent","champ:TornadoPunch"],"picked":"champ:BringItOn","floor":15},{"not_picked":["champ:HeavySlash","champ:VampiricStrike"],"picked":"champ:UltimateStance","floor":16},{"not_picked":["champ:FlashCut","champ:Haymaker+1"],"picked":"champ:AdrenalArmor+1","floor":19},{"not_picked":["champ:FanOfKnives+1","champ:TornadoPunch"],"picked":"champ:GutPunch+1","floor":22},{"not_picked":["champ:Shatter","champ:TornadoPunch"],"picked":"champ:EnragedBash+1","floor":25}],"player_experience":419668,"relics_obtained":[{"floor":7,"key":"Art of War"},{"floor":11,"key":"Strawberry"},{"floor":24,"key":"Mummified Hand"}],"event_choices":[{"damage_healed":30,"gold_gain":0,"player_choice":"Full Heal","damage_taken":0,"max_hp_gain":0,"max_hp_loss":0,"event_name":"Wheel of Change","floor":10,"gold_loss":0},{"damage_healed":0,"gold_gain":0,"player_choice":"Ignored","damage_taken":0,"max_hp_gain":0,"max_hp_loss":0,"event_name":"Vampires","floor":20,"gold_loss":0}],"is_beta":false,"boss_relics":[{"not_picked":["Tiny House","Sozu"],"picked":"Cursed Key"}],"items_purged_floors":[],"is_endless":false,"potions_floor_spawned":[2,4,6,12,13,16,19],"killed_by":"Slavers","ascension_level":0}}