{"host":"zzc28wglrg51iog5","time":1610983167,"event":{"mods":["BaseMod","Colored Map","Downfall","GifTheSpireLib","Hermit","Minty Spire (QoL Compilation)","StSLib","The Hierophant","The Marked"],"gold_per_floor":[99,116,116,177,191,191,214,243,243,257,290,118,136,152,168,168,168,168],"floor_reached":16,"language":"ENG","playtime":915,"items_purged":["champ:Strike"],"score":185,"play_id":"77fc2b62-8fc1-4e05-8859-edc3180228d9","local_time":"20210118161927","is_ascension_mode":true,"campfire_choices":[{"data":"champ:Taunt","floor":1.0,"key":"SMITH"},{"data":"champ:SwordThrow","floor":6.0,"key":"SMITH"},{"data":"champ:Backstep","floor":9.0,"key":"SMITH"}],"circlet_count":0,"master_deck":["champ:Strike","champ:Strike","champ:Defend","champ:Defend","champ:Defend","champ:Execute","champ:Taunt+1","champ:SwordThrow+1","champ:VampiricStrike","champ:BerserkerStyle","champ:FaceSlap","champ:AdrenalArmor","champ:Backstep+1","champ:FanOfKnives","champ:Shatter","champ:AdrenalArmor","champ:Duel","champ:ViciousMockery","champ:AdrenalArmor"],"relics":["champ:ChampionCrown","Bronze Scales","Juzu Bracelet","Akabeko","PreservedInsect"],"acts_visited":["Exordium"],"potions_floor_usage":[14,16,16],"damage_taken":[{"damage":19.0,"enemies":"Small Slimes","floor":2.0,"turns":3.0},{"damage":35.0,"enemies":"3 Sentries","floor":4.0,"turns":7.0},{"damage":7.0,"enemies":"Jaw Worm","floor":5.0,"turns":2.0},{"damage":35.0,"enemies":"3 Sentries","floor":8.0,"turns":7.0},{"damage":0,"enemies":"Cultist","floor":10,"turns":1},{"damage":56,"enemies":"Lagavulin","floor":11,"turns":6},{"damage":19,"enemies":"downfall:FleeingMerchant","floor":12,"turns":4},{"damage":0,"enemies":"Gremlin Gang","floor":13,"turns":2},{"damage":6,"enemies":"Red Slaver","floor":14,"turns":2},{"damage":0,"enemies":"Lots of Slimes","floor":15,"turns":1},{"damage":13,"enemies":"DF_ARCHETYPE_STREAMLINE","floor":16,"turns":3}],"seed_played":"-87917040959024825","potions_obtained":[{"floor":4.0,"key":"sneckomod:MuddlingPotion"},{"floor":8.0,"key":"BlessingOfTheForge"},{"floor":11,"key":"BlessingOfTheForge"},{"floor":13,"key":"PowerPotion"}],"is_trial":false,"path_per_floor":["R","M","?","?","M","R","T","E","R","M","E","$","M","M","M","B"],"character_chosen":"THE_CHAMP","items_purchased":["champ:Duel"],"campfire_rested":0,"item_purchase_floors":[12],"current_hp_per_floor":[81,72,77,52,45,45,45,45,45,45,20,16,16,10,10,0,0,0],"gold":168,"neow_bonus":"TRANSFORM_TWO_CARDS","is_daily":false,"chose_seed":false,"campfire_upgraded":3,"win_rate":0.0,"timestamp":1610983167,"path_taken":["R","M","?","?","M","R","T","E","R","M","E","?","M","M","M","BOSS"],"items_purchased_type":["Card"],"build_version":"2020-12-22","purchased_purges":1,"victory":false,"max_hp_per_floor":[81,81,86,86,86,86,86,86,86,86,86,86,86,86,86,86,86,86],"card_choices":[{"not_picked":["champ:GutPunch","champ:Lariat"],"picked":"champ:BerserkerStyle","floor":2.0},{"not_picked":["champ:FanOfKnives","champ:Shatter"],"picked":"champ:FaceSlap","floor":4.0},{"not_picked":["champ:SkillfulDodge","champ:Circumvent"],"picked":"champ:AdrenalArmor","floor":5.0},{"not_picked":["champ:BladeFlurry","champ:ArenaPreparation"],"picked":"champ:Backstep","floor":8.0},{"not_picked":["champ:CrownThrow","champ:Lariat"],"picked":"champ:FanOfKnives","floor":10},{"not_picked":["champ:BerserkersShout","champ:PerfectedStrike"],"picked":"champ:Shatter","floor":11},{"not_picked":["champ:ArenaPreparation","champ:DancingMaster"],"picked":"champ:AdrenalArmor","floor":12},{"not_picked":["champ:EnGarde","champ:FalseCounter","champ:TornadoPunch"],"picked":"SKIP","floor":13},{"not_picked":["champ:Parry","champ:BladeFlurry"],"picked":"champ:ViciousMockery","floor":14},{"not_picked":["champ:EnGarde","champ:Backstep"],"picked":"champ:AdrenalArmor","floor":15}],"player_experience":1601073,"relics_obtained":[{"floor":4.0,"key":"Bronze Scales"},{"floor":7.0,"key":"Juzu Bracelet"},{"floor":8.0,"key":"Akabeko"},{"floor":11,"key":"PreservedInsect"}],"event_choices":[{"damage_healed":0.0,"max_hp_gain":5.0,"max_hp_loss":0.0,"gold_gain":0.0,"event_name":"Big Fish","player_choice":"Donut","floor":3.0,"gold_loss":0.0,"damage_taken":0.0}],"is_beta":false,"boss_relics":[],"items_purged_floors":[12],"is_endless":false,"potions_floor_spawned":[4,8,11,13],"killed_by":"DF_ARCHETYPE_STREAMLINE","ascension_level":7}}