{"host":"y76x98twjnyyxs83","time":1610990768,"event":{"mods":["BaseMod","Colored Powertips","Minty Spire (QoL Compilation)","Permanent Neow","Quick Restart","Rare Cards Sparkle","Relic Stats","StSLib"],"gold_per_floor":[368,378,73,90,100,100,128,128,176,176,176,176,194,229,229,229,229],"floor_reached":16,"language":"ENG","playtime":434,"items_purged":[],"score":204,"play_id":"3c78158f-e13e-41dc-9e71-96967bc723aa","local_time":"20210119012608","is_ascension_mode":true,"campfire_choices":[{"data":"Ball Lightning","floor":6,"key":"SMITH"},{"data":"FTL","floor":10,"key":"SMITH"},{"floor":12,"key":"REST"},{"data":"Creative AI","floor":15,"key":"SMITH"}],"circlet_count":0,"master_deck":["AscendersBane","Strike_B","Strike_B","Strike_B","Defend_B","Defend_B","Defend_B","Defend_B","Zap","Dualcast","Genetic Algorithm","FTL+1","Ball Lightning+1","Coolheaded","Creative AI+1","Auto Shields"],"relics":["Cracked Core","PreservedInsect","Gremlin Horn","Dream Catcher","Omamori"],"acts_visited":["Exordium"],"potions_floor_usage":[7,16],"damage_taken":[{"damage":2,"enemies":"2 Louse","floor":1,"turns":2},{"damage":7,"enemies":"Jaw Worm","floor":2,"turns":3},{"damage":6,"enemies":"Small Slimes","floor":4,"turns":4},{"damage":6,"enemies":"2 Fungi Beasts","floor":5,"turns":3},{"damage":5,"enemies":"Gremlin Nob","floor":7,"turns":3},{"damage":24,"enemies":"Exordium Wildlife","floor":13,"turns":5},{"damage":15,"enemies":"3 Sentries","floor":14,"turns":5},{"damage":37,"enemies":"Slime Boss","floor":16,"turns":5}],"seed_played":"1766171497962578746","potions_obtained":[{"floor":2,"key":"GamblersBrew"},{"floor":4,"key":"SkillPotion"},{"floor":13,"key":"SteroidPotion"}],"is_trial":false,"path_per_floor":["M","M","$","M","M","R","E","?","T","R","?","R","M","E","R","B"],"character_chosen":"DEFECT","items_purchased":["PreservedInsect","FTL","Fire Potion"],"campfire_rested":1,"item_purchase_floors":[3,3,3],"current_hp_per_floor":[62,55,55,49,43,43,38,38,38,38,43,63,39,24,24,0,0],"gold":229,"neow_bonus":"TWO_FIFTY_GOLD","is_daily":false,"chose_seed":false,"campfire_upgraded":3,"win_rate":0.0,"timestamp":1610990768,"path_taken":["M","M","$","M","M","R","E","?","T","R","?","R","M","E","R","BOSS"],"items_purchased_type":["Relic","Card","Potion"],"build_version":"2020-12-22","purchased_purges":0,"victory":false,"max_hp_per_floor":[64,64,64,64,64,64,64,64,64,64,69,69,69,69,69,69,69],"relic_stats":{"Dream Catcher":1,"Gremlin Horn":[3,3],"counters":[8,30],"PreservedInsect":53,"obtain_stats":[{"Dream Catcher":9,"Gremlin Horn":7,"PreservedInsect":3,"Omamori":14,"Cracked Core":0},{"Dream Catcher":5,"Gremlin Horn":5,"PreservedInsect":2,"Omamori":7,"Cracked Core":0},{"Dream Catcher":15,"Gremlin Horn":15,"PreservedInsect":5,"Omamori":25,"Cracked Core":0}]},"card_choices":[{"not_picked":["Beam Cell","Turbo","Fusion"],"picked":"SKIP","floor":1},{"not_picked":["Beam Cell","White Noise"],"picked":"Genetic Algorithm","floor":2},{"not_picked":["Cold Snap","Turbo"],"picked":"Ball Lightning","floor":4},{"not_picked":["Storm","Beam Cell","Heatsinks"],"picked":"SKIP","floor":5},{"not_picked":["Storm","Beam Cell","Heatsinks"],"picked":"SKIP","floor":5},{"not_picked":["Leap","Barrage"],"picked":"Coolheaded","floor":7},{"not_picked":["Recycle","Stack"],"picked":"Creative AI","floor":13},{"not_picked":["Streamline","Beam Cell"],"picked":"Auto Shields","floor":14}],"player_experience":1158558,"relics_obtained":[{"floor":7,"key":"Gremlin Horn"},{"floor":9,"key":"Dream Catcher"},{"floor":14,"key":"Omamori"}],"event_choices":[{"cards_removed":["Strike_B"],"damage_healed":0,"gold_gain":0,"player_choice":"Forget","damage_taken":0,"max_hp_gain":0,"max_hp_loss":0,"event_name":"Living Wall","floor":8,"gold_loss":0},{"damage_healed":0,"gold_gain":0,"player_choice":"Donut","damage_taken":0,"max_hp_gain":5,"max_hp_loss":0,"event_name":"Big Fish","floor":11,"gold_loss":0}],"is_beta":false,"boss_relics":[],"items_purged_floors":[],"is_endless":false,"potions_floor_spawned":[2,4,13],"killed_by":"Slime Boss","ascension_level":17}}