{"host":"y3h3n3f7seyagppx","time":1610936024,"event":{"mods":["AlwaysNeverKeys","BaseMod","Better Vampires","Colored Powertips","DeckTracker","Emptier Cage","Minty Spire (QoL Compilation)","Permanent Neow","Quick Restart","Rare Cards Sparkle","Relic Sorter","Relic Stats","StSLib","Transform Curses"],"gold_per_floor":[111,261,279,293,313,313,313],"floor_reached":6,"language":"ENG","playtime":55377,"items_purged":[],"score":76,"play_id":"fa2ede66-3499-44e8-9d8d-7c22edabaef1","local_time":"20210117211344","is_ascension_mode":true,"campfire_choices":[],"circlet_count":0,"master_deck":["AscendersBane","Strike_G","Strike_G","Strike_G","Strike_G","Strike_G","Defend_G","Defend_G","Defend_G","Defend_G","Defend_G","Survivor","Neutralize","Poisoned Stab","Doubt","Catalyst"],"relics":["Velvet Choker"],"acts_visited":["Exordium"],"potions_floor_usage":[6,6,6],"damage_taken":[{"damage":1,"enemies":"2 Louse","floor":1,"turns":4},{"damage":1,"enemies":"Cultist","floor":3,"turns":4},{"damage":9,"enemies":"Jaw Worm","floor":4,"turns":6},{"damage":3,"enemies":"Blue Slaver","floor":5,"turns":5},{"damage":58,"enemies":"Gremlin Nob","floor":6,"turns":6}],"seed_played":"-386605199756399655","potions_obtained":[{"floor":3,"key":"EntropicBrew"},{"floor":5,"key":"Block Potion"}],"is_trial":false,"path_per_floor":["M","?","M","M","M","E"],"character_chosen":"THE_SILENT","items_purchased":[],"campfire_rested":0,"item_purchase_floors":[],"current_hp_per_floor":[58,58,57,48,45,0,0],"gold":313,"neow_bonus":"BOSS_RELIC","is_daily":false,"chose_seed":false,"campfire_upgraded":0,"win_rate":0.0,"timestamp":1610936024,"path_taken":["M","?","M","M","M","E"],"items_purchased_type":[],"build_version":"2020-12-22","purchased_purges":0,"victory":false,"max_hp_per_floor":[66,66,66,66,66,66,66],"relic_stats":{"counters":[5,25],"obtain_stats":[{"Velvet Choker":0,"Ring of the Snake":0},{"Velvet Choker":0,"Ring of the Snake":0},{"Velvet Choker":0,"Ring of the Snake":0}]},"card_choices":[{"not_picked":["Dagger Spray","Deadly Poison"],"picked":"Poisoned Stab","floor":1},{"not_picked":["Distraction","Dagger Spray"],"picked":"Catalyst","floor":3},{"not_picked":["Deflect","Calculated Gamble","Bane"],"picked":"SKIP","floor":4},{"not_picked":["Dodge and Roll","Blade Dance","Bane"],"picked":"SKIP","floor":5}],"player_experience":21175588,"relics_obtained":[],"event_choices":[{"damage_healed":0,"gold_gain":150,"player_choice":"AGREE","damage_taken":0,"max_hp_gain":0,"max_hp_loss":0,"event_name":"Liars Game","floor":2,"gold_loss":0,"cards_obtained":["Doubt"]}],"is_beta":false,"boss_relics":[],"items_purged_floors":[],"is_endless":false,"potions_floor_spawned":[3,5],"killed_by":"Gremlin Nob","ascension_level":20}}