{"host":"d4q750jvy4fei3fg","time":1610940546,"event":{"mods":["BaseMod","Downfall","Minty Spire (QoL Compilation)","StSLib"],"gold_per_floor":[0,10,22,35,35,70,70,83,183,183,203,653,653,663,676,676,676],"floor_reached":16,"language":"ENG","playtime":1144,"items_purged":[],"score":129,"play_id":"2c09c509-1e4d-40a3-9656-c132d6420a78","local_time":"20210117222906","is_ascension_mode":false,"campfire_choices":[{"data":"bronze:Replicate","floor":1,"key":"SMITH"},{"floor":10,"key":"RECALL"}],"circlet_count":0,"master_deck":["bronze:Strike","bronze:Strike","bronze:Strike","bronze:Strike","bronze:Defend","bronze:Defend","bronze:Defend","bronze:Defend","bronze:Replicate+1","bronze:Goto","bronze:BronzeOrb","bronze:GetLatest","bronze:Branch","bronze:Backtrace","bronze:SpaghettiCode","bronze:Shield","downfall:Icky","downfall:Icky","bronze:Replicate","bronze:Deprecate","bronze:Constructor"],"relics":["bronze:BronzeCore","Torii","Darkstone Periapt","Lantern"],"acts_visited":["Exordium"],"potions_floor_usage":[6,16,16,16],"damage_taken":[{"damage":1,"enemies":"Cultist","floor":2,"turns":3},{"damage":0,"enemies":"Jaw Worm","floor":3,"turns":4},{"damage":1,"enemies":"Small Slimes","floor":4,"turns":3},{"damage":24,"enemies":"Gremlin Nob","floor":6,"turns":5},{"damage":0,"enemies":"2 Fungi Beasts","floor":8,"turns":2},{"damage":0,"enemies":"Exordium Wildlife","floor":11,"turns":2},{"damage":7,"enemies":"Red Slaver","floor":14,"turns":2},{"damage":0,"enemies":"3 Louse","floor":15,"turns":4},{"damage":55,"enemies":"DF_ARCHETYPE_STREAMLINE","floor":16,"turns":12}],"seed_played":"-2480904034949494150","potions_obtained":[{"floor":4,"key":"sneckomod:MuddlingPotion"},{"floor":8,"key":"Swift Potion"},{"floor":11,"key":"bronze:BurnAndBuffPotion"},{"floor":14,"key":"Fire Potion"}],"is_trial":false,"path_per_floor":["R","M","M","M","?","E","T","M","?","R","M","?","?","M","M","B"],"character_chosen":"THE_AUTOMATON","items_purchased":[],"campfire_rested":0,"item_purchase_floors":[],"current_hp_per_floor":[70,69,69,68,68,44,44,44,44,44,44,62,62,55,55,0,0],"gold":676,"neow_bonus":"ONE_RARE_RELIC","is_daily":false,"chose_seed":false,"campfire_upgraded":1,"win_rate":0.0,"timestamp":1610940546,"path_taken":["R","M","M","M","?","E","T","?","?","R","M","?","?","M","M","BOSS"],"items_purchased_type":[],"build_version":"2020-12-22","purchased_purges":0,"victory":false,"max_hp_per_floor":[70,70,70,70,70,70,70,70,70,70,70,88,88,88,88,88,88],"card_choices":[{"not_picked":["bronze:Constructor","bronze:Flail"],"picked":"bronze:BronzeOrb","floor":2},{"not_picked":["bronze:CloningBeam","bronze:DarkDash"],"picked":"bronze:GetLatest","floor":3},{"not_picked":["bronze:FollowUp","bronze:Constructor"],"picked":"bronze:Branch","floor":4},{"not_picked":["bronze:FollowUp","bronze:WildBeam"],"picked":"bronze:Backtrace","floor":6},{"not_picked":["bronze:BitShift","bronze:Branch"],"picked":"bronze:SpaghettiCode","floor":8},{"not_picked":["bronze:Turbo","bronze:CloningBeam"],"picked":"bronze:Shield","floor":11},{"not_picked":["bronze:BugBarrage","bronze:BuggyMess"],"picked":"bronze:Deprecate","floor":14},{"not_picked":["bronze:FollowUp","bronze:OilSpill"],"picked":"bronze:Constructor","floor":15}],"player_experience":143872,"relics_obtained":[{"floor":6,"key":"Darkstone Periapt"},{"floor":7,"key":"Lantern"}],"event_choices":[{"damage_healed":0,"gold_gain":0,"player_choice":"Ignored","damage_taken":0,"max_hp_gain":0,"max_hp_loss":0,"event_name":"NoteForYourself","floor":5,"gold_loss":0}],"is_beta":false,"boss_relics":[],"items_purged_floors":[],"is_endless":false,"potions_floor_spawned":[4,8,11,14],"killed_by":"DF_ARCHETYPE_STREAMLINE","ascension_level":0}}