{"host":"s35zr3gblm7slh1q","time":1610931088,"event":{"mods":["BaseMod","Colored Powertips","Downfall","Hermit","Highlight Path","Marisa????????","Minty Spire (QoL Compilation)","Permanent Neow","StSLib"],"gold_per_floor":[99,113,113,75,91,1,1,1,19,19,36,186,86,97,108,238,238,238,238,238,238,248,260,260,260,277,277,277,292,307,307,307,307],"floor_reached":31,"language":"ENG","playtime":1825,"items_purged":[],"score":277,"play_id":"098b5ec9-31bb-4706-b7ca-8b36d86c43e9","local_time":"20210117195128","is_ascension_mode":false,"campfire_choices":[{"floor":1,"key":"REST"},{"floor":8,"key":"REST"},{"data":"Transmutation","floor":10,"key":"SMITH"},{"data":"hexamod:ForkedFlame","floor":18,"key":"SMITH"},{"floor":28,"key":"REST"}],"circlet_count":0,"master_deck":["hexamod:Sear","hexamod:Float","Transmutation+1","hexamod:FastForward","hexamod:CatchUp","hexamod:FastForward","hexamod:StepThrough","hexamod:CatchUp","hexamod:ForkedFlame","hexamod:FastForward+1","hexamod:EmpoweredFlame","downfall:Icky","hexamod:BacktrackSmack","hexamod:StepThrough","hexamod:FlamesFromBeyond","hexamod:SwordOfDarkness","hexamod:ForkedFlame+1","hexamod:GiftsFromTheDead","Writhe","Bite","Bite","Bite","Bite","Bite","hexamod:SwordOfDarkness","hexamod:ShieldOfDarkness+1","hexamod:Hexaguard","hexamod:InspiringFlames","Ghostly","Ghostly","Ghostly","hexamod:ParanormalForm","hexamod:FlamesFromBeyond","hexamod:NightmareGuise","hexamod:NightmareGuise+1","hexamod:InspiringFlames+1","hexamod:NightmareStrike+1"],"relics":["hexamod:UnbrokenSoul","downfall:RedIOU","Prayer Wheel","War Paint","The Courier"],"acts_visited":["Exordium","TheCity"],"potions_floor_usage":[11,15,16,22,30],"damage_taken":[{"damage":0,"enemies":"Small Slimes","floor":2,"turns":3},{"damage":0,"enemies":"downfall:FleeingMerchant","floor":4,"turns":4},{"damage":12,"enemies":"Jaw Worm","floor":5,"turns":4},{"damage":0,"enemies":"downfall:FleeingMerchant","floor":6,"turns":4},{"damage":0,"enemies":"Cultist","floor":9,"turns":3},{"damage":18,"enemies":"3 Louse","floor":11,"turns":2},{"damage":20,"enemies":"downfall:FleeingMerchant","floor":13,"turns":4},{"damage":6,"enemies":"Large Slime","floor":14,"turns":2},{"damage":5,"enemies":"Exordium Thugs","floor":15,"turns":3},{"damage":20,"enemies":"IC_STATUS_ARCHETYPE","floor":16,"turns":6},{"damage":15,"enemies":"Chosen","floor":22,"turns":4},{"damage":15,"enemies":"3 Byrds","floor":23,"turns":3},{"damage":12,"enemies":"Shelled Parasite and Fungi","floor":26,"turns":4},{"damage":3,"enemies":"Snake Plant","floor":29,"turns":3},{"damage":22,"enemies":"3 Cultists","floor":30,"turns":6},{"damage":25,"enemies":"Snecko","floor":31,"turns":3}],"seed_played":"-5639533666748425163","potions_obtained":[{"floor":9,"key":"PowerPotion"},{"floor":14,"key":"SpeedPotion"},{"floor":15,"key":"SpeedPotion"},{"floor":16,"key":"SkillPotion"},{"floor":26,"key":"Regen Potion"},{"floor":29,"key":"FearPotion"}],"is_trial":false,"path_per_floor":["R","M","?","$","M","$","T","R","M","R","M","?","$","M","M","B",null,"R","?","?","?","M","M","T","?","M","T","R","M","M","M"],"character_chosen":"THE_SPIRIT","items_purchased":["hexamod:FastForward","hexamod:ForkedFlame","hexamod:StepThrough","hexamod:FlamesFromBeyond"],"campfire_rested":3,"item_purchase_floors":[4,6,13,13],"current_hp_per_floor":[70,70,70,70,58,58,58,70,70,70,52,52,32,26,21,1,70,70,70,70,49,39,28,28,24,12,12,19,18,19,0,0,0],"gold":307,"neow_bonus":"RANDOM_COLORLESS_2","is_daily":false,"chose_seed":false,"campfire_upgraded":2,"win_rate":0.0,"timestamp":1610931088,"path_taken":["R","M","?","$","M","$","T","R","M","R","M","?","?","M","M","BOSS","R","?","?","?","M","M","T","?","?","?","R","M","M","M"],"items_purchased_type":["Card","Card","Card","Card"],"build_version":"2020-12-22","purchased_purges":0,"victory":false,"max_hp_per_floor":[70,70,70,70,70,70,70,70,70,70,70,70,70,70,70,70,70,70,70,70,49,49,49,49,24,24,24,24,24,24,24,24,24],"card_choices":[{"not_picked":["Panache","Secret Technique"],"picked":"Transmutation","floor":0},{"not_picked":["hexamod:AdvancingGuard","hexamod:BacktrackSmack"],"picked":"hexamod:FastForward","floor":2},{"not_picked":["hexamod:GhostShield","hexamod:NightmareStrike"],"picked":"hexamod:CatchUp","floor":4},{"not_picked":["hexamod:PhantomCloak","hexamod:ExtraCrispy"],"picked":"hexamod:StepThrough","floor":5},{"not_picked":["hexamod:HeatMetal","hexamod:NightmareGuise"],"picked":"hexamod:CatchUp","floor":6},{"not_picked":["hexamod:NightmareStrike","hexamod:GhostShield"],"picked":"hexamod:FastForward","floor":9},{"not_picked":["hexamod:HeatMetal","hexamod:SpectersWail"],"picked":"hexamod:EmpoweredFlame","floor":11},{"not_picked":["hexamod:Firestarter","hexamod:FastForward"],"picked":"hexamod:BacktrackSmack","floor":13},{"not_picked":["hexamod:SpectralAdrenaline","hexamod:RecurringNightmare"],"picked":"hexamod:SwordOfDarkness","floor":14},{"not_picked":["hexamod:RetreatToShadows","hexamod:NightmareGuise"],"picked":"hexamod:ForkedFlame","floor":15},{"not_picked":["hexamod:TimeOfNeed","hexamod:ParanormalForm"],"picked":"hexamod:GiftsFromTheDead","floor":16},{"not_picked":["hexamod:ShieldOfDarkness","hexamod:SecondSeal"],"picked":"hexamod:SwordOfDarkness","floor":22},{"not_picked":["hexamod:RetreatToShadows","hexamod:FastForward+1"],"picked":"hexamod:ShieldOfDarkness+1","floor":22},{"not_picked":["hexamod:BacktrackSmack","hexamod:Haunt"],"picked":"hexamod:Hexaguard","floor":23},{"not_picked":["hexamod:PhantomCloak+1","hexamod:BacktrackSmack"],"picked":"hexamod:InspiringFlames","floor":23},{"not_picked":["hexamod:NightmareStrike","hexamod:HauntingEcho"],"picked":"hexamod:ParanormalForm","floor":26},{"not_picked":["hexamod:HeatMetal+1","hexamod:BurningTouch"],"picked":"hexamod:FlamesFromBeyond","floor":26},{"not_picked":["hexamod:FlamesFromBeyond+1","hexamod:ChargedBarrage"],"picked":"hexamod:NightmareGuise","floor":29},{"not_picked":["hexamod:HauntingEcho","hexamod:SpectersWail"],"picked":"hexamod:NightmareGuise+1","floor":29},{"not_picked":["hexamod:Firestarter","hexamod:SoulSteal"],"picked":"hexamod:InspiringFlames+1","floor":30},{"not_picked":["hexamod:VolcanoVisage","hexamod:SoulSteal"],"picked":"hexamod:NightmareStrike+1","floor":30}],"player_experience":356013,"relics_obtained":[{"floor":7,"key":"Letter Opener"},{"floor":24,"key":"War Paint"},{"floor":27,"key":"The Courier"}],"event_choices":[{"damage_healed":0,"gold_gain":0,"player_choice":"Became a vampire","damage_taken":0,"max_hp_gain":0,"max_hp_loss":21,"event_name":"Vampires","floor":21,"gold_loss":0,"cards_obtained":["Bite","Bite","Bite","Bite","Bite"]}],"is_beta":false,"boss_relics":[{"not_picked":["Velvet Choker","Tiny House"],"picked":"hexamod:UnbrokenSoul"}],"items_purged_floors":[],"is_endless":false,"potions_floor_spawned":[9,14,15,16,26,29],"killed_by":"Snecko","ascension_level":0}}