{"host":"dn6kke80v5f7isus","time":1610938898,"event":{"mods":["AchievementEnabler","Act Like it!","BaseMod","Colored Powertips","Custom Start","Defuse TimeMaze Blight","Duelist Mod","Gremlin Skip","Highlight Path","Hubris","Infinite Spire","Minty Spire (QoL Compilation)","Rare Cards Sparkle","Replay The Spire","StSLib","Uncapped"],"gold_per_floor":[118,133,58,58,73,73,102,112,139,139,139,164,164,164,164,269,269,288,288,35,35,50,76,87,55,55,68,103,116,116,133,133,246,246,261,311,311,311,61,61,86,105,105,138,158,208,227,23,23,128,128,144,171,21,21,21,48,55,69,96,96,119,119,125,125,125,192,192,191,200,200,271,171,187,237,250,250,248,73,78,78,74,74,150,300,314,314,327,327,327,345,345,338,338,345,345],"floor_reached":95,"language":"ENG","playtime":3392,"items_purged":["Strike_G","Strike_G","Strike_G","Strike_G","Defend_G","Defend_G","Defend_G","Hidden Blade+1","Defend_G"],"score":2157,"play_id":"7158d649-8d84-429a-8761-9e79809c7392","local_time":"20210117220138","is_ascension_mode":true,"campfire_choices":[{"data":"Neutralize","floor":6.0,"key":"SMITH"},{"data":"Hidden Blade","floor":11.0,"key":"SMITH"},{"data":"Blade Dance","floor":13.0,"key":"SMITH"},{"floor":15.0,"key":"REST"},{"data":"1","floor":32,"key":"LIFT"},{"data":"Adrenaline","floor":40,"key":"SMITH"},{"floor":49,"key":"DIG"},{"floor":61,"key":"DIG"},{"floor":66,"key":"DIG"},{"floor":75,"key":"DIG"},{"floor":83,"key":"DIG"},{"floor":92,"key":"DIG"}],"circlet_count":0,"master_deck":["Survivor","Neutralize+1","Blade Dance+1","Escape Plan","infinitespire:Collect","Adrenaline+1","Blade Dance+1","Accuracy+1","Infinite Blades","Slice+1","After Image","Slice+1","Blade Dance+1","Calculated Gamble"],"relics":["Ring of the Snake","NeowsBlessing","Garlic","infinitespire:Broken Mirror","MealTicket","hubris:Icosahedron","Girya","Mercury Hourglass","Blue Doll","ClockworkSouvenir","Matryoshka","CeramicFish","Bottled Lightning","Toy Ornithopter","Lee\u0027s Waffle","infinitespire:Joker Card","Potion Belt","hubris:PeanutButter","ReplayTheSpireMod:Ninjato","Akabeko","Shovel","Tiny Chest","Durian","BargainBundle","Iron Hammer","Lantern","HoveringKite","infinitespire:Lucky Rock","Chameleon Ring","infinitespire:CheckeredPen","Replay:Baseball","PreservedInsect","Replay:Rubber Ducky","Thread and Needle","Gambling Chip","hubris:ScarierMask","infinitespire:FocusingShard","Du-Vu Doll","hubris:MobiusCoin","Replay:Accelerometer","Counterbalance","hubris:Zylophone","Replay:Grab Bag","Replay:Wanted Poster","ChewingGum","WristBlade","infinitespire:Eraser","Replay:Bottled Eggs","hubris:CuriousFeather","HornCleat","Replay:Bandana"],"acts_visited":["Exordium","TheCity","TheBeyond","Exordium","TheCity","TheBeyond"],"potions_floor_usage":[29,33,42,50,73,76,95,95,95,95,95],"damage_taken":[{"damage":0.0,"enemies":"Cultist","floor":1.0,"turns":1.0},{"damage":0.0,"enemies":"Small Slimes","floor":2.0,"turns":1.0},{"damage":0.0,"enemies":"2 Louse","floor":5.0,"turns":1.0},{"damage":8.0,"enemies":"Gremlin Nob","floor":7.0,"turns":4.0},{"damage":1.0,"enemies":"Blue Slaver","floor":8.0,"turns":4.0},{"damage":11.0,"enemies":"3 Sentries","floor":12.0,"turns":6.0},{"damage":12.0,"enemies":"Slime Boss","floor":16.0,"turns":5.0},{"damage":2.0,"enemies":"Shell Parasite","floor":18.0,"turns":5.0},{"damage":18.0,"enemies":"2 Thieves","floor":22.0,"turns":4.0},{"damage":6.0,"enemies":"Nightmare","floor":23.0,"turns":10.0},{"damage":0.0,"enemies":"Shelled Parasite and Fungi","floor":24.0,"turns":5.0},{"damage":2.0,"enemies":"Chosen and Byrds","floor":25.0,"turns":5.0},{"damage":2.0,"enemies":"Cultist and Chosen","floor":27.0,"turns":6.0},{"damage":0,"enemies":"Book of Stabbing","floor":28,"turns":6},{"damage":0,"enemies":"Snecko","floor":29,"turns":4},{"damage":0,"enemies":"Shelled Parasite and Fungi","floor":31,"turns":4},{"damage":52,"enemies":"hubris:MusketHawk","floor":33,"turns":10},{"damage":0,"enemies":"3 Darklings","floor":35,"turns":4},{"damage":29,"enemies":"2 Orb Walkers","floor":36,"turns":6},{"damage":0,"enemies":"Nightmare","floor":41,"turns":12},{"damage":0,"enemies":"3 Shapes","floor":42,"turns":2},{"damage":0,"enemies":"R_Hoarder","floor":44,"turns":6},{"damage":0,"enemies":"Jaw Worm Horde","floor":45,"turns":2},{"damage":0,"enemies":"Mind Bloom Boss Battle","floor":46,"turns":2},{"damage":0,"enemies":"Maw","floor":47,"turns":3},{"damage":46,"enemies":"Awakened One","floor":50,"turns":8},{"damage":0,"enemies":"Jaw Worm","floor":52,"turns":1},{"damage":0,"enemies":"Gremlin Nob","floor":57,"turns":1},{"damage":0,"enemies":"2 Louse","floor":58,"turns":1},{"damage":0,"enemies":"Lagavulin","floor":59,"turns":1},{"damage":0,"enemies":"Cultist","floor":64,"turns":1},{"damage":0,"enemies":"The Guardian","floor":67,"turns":1},{"damage":0,"enemies":"Chosen","floor":69,"turns":1},{"damage":0,"enemies":"Slavers","floor":74,"turns":1},{"damage":0,"enemies":"Gremlin Leader","floor":76,"turns":1},{"damage":0,"enemies":"Shell Parasite","floor":78,"turns":1},{"damage":0,"enemies":"Shelled Parasite and Fungi","floor":80,"turns":1},{"damage":0,"enemies":"3 Cultists","floor":82,"turns":1},{"damage":0,"enemies":"hubris:MusketHawk","floor":84,"turns":1},{"damage":0,"enemies":"3 Shapes","floor":86,"turns":1},{"damage":0,"enemies":"Orb Walker","floor":88,"turns":1},{"damage":0,"enemies":"R_Hoarder","floor":91,"turns":2},{"damage":0,"enemies":"Maw","floor":93,"turns":1},{"damage":120,"enemies":"Nightmare_Alpha","floor":95,"turns":4}],"seed_played":"7730670503405705646","potions_obtained":[{"floor":1.0,"key":"Strength Potion"},{"floor":2.0,"key":"Weak Potion"},{"floor":5.0,"key":"Poison Potion"},{"floor":18.0,"key":"FearPotion"},{"floor":23.0,"key":"SneckoOil"},{"floor":25.0,"key":"Block Potion"},{"floor":28,"key":"BlessingOfTheForge"},{"floor":31,"key":"LiquidBronze"},{"floor":41,"key":"Fire Potion"},{"floor":42,"key":"LifebloodPotion"},{"floor":47,"key":"Dexterity Potion"},{"floor":50,"key":"Explosive Potion"},{"floor":57,"key":"Weak Potion"},{"floor":58,"key":"Flashbang"},{"floor":64,"key":"LifebloodPotion"},{"floor":74,"key":"DuplicationPotion"},{"floor":80,"key":"DistilledChaos"}],"is_trial":false,"path_per_floor":["M","M","$","?","M","R","E","M","T","?","R","E","R","?","R","B",null,"M","?","$","?","M","NM","M","M","T","M","E","M","AVR","M","R","B",null,"M","?","AVR","?","$","R","NM","M","T","E","M","?","M","$","R","B",null,"M","T","$","?","?","E","M","E","T","R","T","AVR","M","?","R","B",null,"M","?","?","T","$","E","R","E","T","M","$","M","$","M","R","B",null,"M","AVR","M","?","T","E","R","M","T","NM"],"character_chosen":"THE_SILENT","items_purchased":["ClockworkSouvenir","hubris:PeanutButter","BargainBundle","Iron Hammer","Fruit Juice"],"campfire_rested":1,"item_purchase_floors":[20,39,48,48,73],"current_hp_per_floor":[70,70,70,70,70,70,62,61,61,61,61,50,50,32,53,41,70,68,68,70,70,52,46,46,44,44,42,42,47,77,77,77,25,77,77,48,48,48,63,63,63,68,68,68,68,73,73,82,82,41,82,82,82,82,82,82,82,82,82,82,82,82,82,82,82,82,82,82,82,82,82,82,89,89,89,89,89,89,89,89,89,89,89,89,89,89,89,89,89,89,89,89,89,89,0,0],"gold":345,"neow_bonus":"THREE_ENEMY_KILL","is_daily":false,"chose_seed":false,"campfire_upgraded":4,"win_rate":0.0,"timestamp":1610938898,"path_taken":["M","M","$","?","M","R","E","M","T","?","R","E","R","?","R","BOSS","M","?","$","?","M","NM","M","M","T","M","E","M","AVR","M","R","BOSS","M","?","AVR","?","$","R","NM","M","T","E","M","?","?","?","R","BOSS","M","?","$","?","?","E","?","E","T","R","?","AVR","M","?","R","BOSS","M","?","?","?","$","E","R","E","T","M","?","?","$","M","R","BOSS","M","AVR","M","?","?","E","R","M","T","NM"],"items_purchased_type":["Relic","Relic","Relic","Relic","Potion"],"build_version":"2020-12-22","purchased_purges":9,"victory":false,"max_hp_per_floor":[70,70,70,70,70,70,70,70,70,70,70,70,70,70,70,70,70,70,70,70,70,70,70,70,70,70,70,70,70,77,77,77,77,77,77,77,77,77,77,77,77,77,77,77,77,82,82,82,82,82,82,82,82,82,82,82,82,82,82,82,82,82,82,82,82,82,82,82,82,82,82,82,89,89,89,89,89,89,89,89,89,89,89,89,89,89,89,89,89,89,89,89,89,89,89,89],"card_choices":[{"not_picked":["Acrobatics","Backflip","Tactician"],"picked":"SKIP","floor":1.0},{"not_picked":["Quick Slash","Hidden Blade","Poisoned Stab"],"picked":"SKIP","floor":2.0},{"not_picked":["Flying Knee","Acrobatics","Bullet Time"],"picked":"SKIP","floor":5.0},{"not_picked":["Underhanded Strike","Acrobatics"],"picked":"Blade Dance","floor":7.0},{"not_picked":["Calculated Gamble","Cloak And Dagger"],"picked":"Hidden Blade","floor":8.0},{"not_picked":["Flying Knee","Bane","Deflect"],"picked":"SKIP","floor":12.0},{"not_picked":["Footwork","PiercingWail","Deadly Poison+1"],"picked":"SKIP","floor":18.0},{"not_picked":["PiercingWail+1","hubris:SlightOfHand","Bouncing Flask"],"picked":"SKIP","floor":22.0},{"not_picked":["infinitespire:Fortify","hubris:InfiniteBlow+17"],"picked":"infinitespire:Collect","floor":23.0},{"not_picked":["Prepared+1","Bullet Time","Masterful Stab"],"picked":"SKIP","floor":23.0},{"not_picked":["Choke+1","Backflip","Deadly Poison+1"],"picked":"SKIP","floor":24.0},{"not_picked":["Calculated Gamble","Reflex","Finisher"],"picked":"SKIP","floor":25.0},{"not_picked":["Acrobatics","hubris:SlightOfHand+1","Slice"],"picked":"SKIP","floor":27.0},{"not_picked":["Backflip","Grand Finale","Flying Knee+1"],"picked":"SKIP","floor":28},{"not_picked":["Expertise+1","Prepared+1","Underhanded Strike"],"picked":"SKIP","floor":29},{"not_picked":["Bane","Calculated Gamble","Poison Darts"],"picked":"SKIP","floor":31},{"not_picked":["Malaise","Wraith Form v2"],"picked":"Adrenaline","floor":33},{"not_picked":["Concentrate","Choke","Dagger Throw"],"picked":"SKIP","floor":35},{"not_picked":["Dagger Throw+1","Dagger Spray","Cloak And Dagger+1"],"picked":"SKIP","floor":41},{"not_picked":["Quick Slash+1","Dagger Spray","Cloak And Dagger+1"],"picked":"SKIP","floor":42},{"not_picked":["Deflect","Deadly Poison+1","Acrobatics"],"picked":"SKIP","floor":44},{"not_picked":["Poisoned Stab+1","Flechettes"],"picked":"Blade Dance+1","floor":45},{"not_picked":["Tactician","PiercingWail+1","Footwork+1"],"picked":"SKIP","floor":47},{"not_picked":["ReplayTheSpireMod:Shiv Toss","Finisher"],"picked":"Accuracy","floor":52},{"not_picked":["Prepared","hubris:SlightOfHand"],"picked":"Infinite Blades","floor":57},{"not_picked":["Prepared","hubris:SlightOfHand","Crippling Poison"],"picked":"SKIP","floor":58},{"not_picked":["Quick Slash","Predator"],"picked":"Slice","floor":59},{"not_picked":["Acrobatics","Hidden Blade","ReplayTheSpireMod:The Works"],"picked":"SKIP","floor":64},{"not_picked":["Storm of Steel","Grand Finale"],"picked":"After Image","floor":67},{"not_picked":["Quick Slash","Dodge and Roll","Caltrops+1"],"picked":"SKIP","floor":69},{"not_picked":["Glass Knife","Dash","Deflect"],"picked":"SKIP","floor":74},{"not_picked":["Prepared+1","Tools of the Trade","Dagger Throw"],"picked":"SKIP","floor":76},{"not_picked":["Cloak And Dagger","Underhanded Strike","Grand Finale"],"picked":"SKIP","floor":78},{"not_picked":["Catalyst","Deflect+1","Dagger Throw+1"],"picked":"SKIP","floor":80},{"not_picked":["Masterful Stab","hubris:SlightOfHand","Backstab+1"],"picked":"SKIP","floor":82},{"not_picked":["Sucker Punch","Dagger Throw","Quick Slash"],"picked":"SKIP","floor":86},{"not_picked":["PiercingWail","Acrobatics"],"picked":"Blade Dance+1","floor":88},{"not_picked":["Riddle With Holes","ReplayTheSpireMod:Exploit Weakness+1"],"picked":"Calculated Gamble","floor":91},{"not_picked":["Sucker Punch+1","Expertise+1","Deflect"],"picked":"SKIP","floor":93}],"player_experience":566736,"relics_obtained":[{"floor":4.0,"key":"Garlic"},{"floor":7.0,"key":"infinitespire:Broken Mirror"},{"floor":9.0,"key":"MealTicket"},{"floor":12.0,"key":"Girya"},{"floor":23.0,"key":"Matryoshka"},{"floor":26.0,"key":"CeramicFish"},{"floor":26.0,"key":"Bottled Lightning"},{"floor":28,"key":"Toy Ornithopter"},{"floor":36,"key":"infinitespire:Joker Card"},{"floor":41,"key":"ReplayTheSpireMod:Ninjato"},{"floor":43,"key":"Akabeko"},{"floor":43,"key":"Shovel"},{"floor":44,"key":"Tiny Chest"},{"floor":46,"key":"Durian"},{"floor":49,"key":"Lantern"},{"floor":53,"key":"infinitespire:Lucky Rock"},{"floor":57,"key":"Chameleon Ring"},{"floor":59,"key":"infinitespire:CheckeredPen"},{"floor":60,"key":"Replay:Baseball"},{"floor":61,"key":"PreservedInsect"},{"floor":62,"key":"Replay:Rubber Ducky"},{"floor":66,"key":"Gambling Chip"},{"floor":72,"key":"infinitespire:FocusingShard"},{"floor":74,"key":"Du-Vu Doll"},{"floor":75,"key":"hubris:MobiusCoin"},{"floor":76,"key":"Replay:Accelerometer"},{"floor":77,"key":"Counterbalance"},{"floor":83,"key":"hubris:Zylophone"},{"floor":90,"key":"Replay:Bottled Eggs"},{"floor":91,"key":"hubris:CuriousFeather"},{"floor":92,"key":"HornCleat"},{"floor":94,"key":"Replay:Bandana"}],"event_choices":[{"damage_healed":0.0,"max_hp_gain":0.0,"max_hp_loss":0.0,"gold_gain":0.0,"event_name":"Scrap Ooze","player_choice":"Success","floor":14.0,"gold_loss":0.0,"damage_taken":18.0,"relics_obtained":["Mercury Hourglass"]},{"damage_healed":0.0,"max_hp_gain":0.0,"max_hp_loss":0.0,"gold_gain":0.0,"event_name":"The Library","player_choice":"Read","floor":21.0,"gold_loss":0.0,"damage_taken":0.0,"cards_obtained":["Escape Plan"]},{"damage_healed":0,"gold_gain":0,"player_choice":"Fight","damage_taken":0,"max_hp_gain":0,"max_hp_loss":0,"event_name":"Mysterious Sphere","floor":36,"gold_loss":0},{"damage_healed":0,"gold_gain":0,"player_choice":"Fight","damage_taken":0,"max_hp_gain":0,"max_hp_loss":0,"event_name":"MindBloom","floor":46,"gold_loss":0},{"cards_removed":["Defend_G"],"damage_healed":0,"gold_gain":0,"player_choice":"Forget","damage_taken":0,"max_hp_gain":0,"max_hp_loss":0,"event_name":"Living Wall","floor":55,"gold_loss":0},{"damage_healed":0,"gold_gain":0,"player_choice":"Read","damage_taken":0,"max_hp_gain":0,"max_hp_loss":0,"event_name":"The Library","floor":70,"gold_loss":0,"cards_obtained":["Slice"]},{"cards_removed":["Strike_G"],"damage_healed":0,"gold_gain":0,"player_choice":"Elegance","damage_taken":0,"max_hp_gain":0,"max_hp_loss":0,"event_name":"Back to Basics","floor":71,"gold_loss":0}],"is_beta":false,"boss_relics":[{"not_picked":["Replay:Ancient Bell","Replay:Drink Me","Pandora\u0027s Box"]},{"not_picked":["Coffee Dripper","hubris:BlackHole","Busted Crown"]},{"not_picked":["Calling Bell","Runic Dome"],"picked":"HoveringKite"},{"not_picked":["Replay:Ancient Bell","Coffee Dripper"],"picked":"hubris:ScarierMask"},{"not_picked":["Velvet Choker","Cursed Key"],"picked":"Replay:Grab Bag"},{"not_picked":["Abe\u0027s Treasure","infinitespire:Cupcake"],"picked":"Replay:Wanted Poster"},{"not_picked":["Runic Dome","hubris:CrackedHourglass"],"picked":"ChewingGum"},{"not_picked":["hubris:BlackHole","Calling Bell"],"picked":"WristBlade"}],"items_purged_floors":[3,20,30,37,48,54,63,79,87],"is_endless":true,"potions_floor_spawned":[1,2,5,18,23,25,28,31,41,42,47,50,57,58,64,69,74,80,86,93],"killed_by":"Nightmare_Alpha","ascension_level":1}}