{"host":"c7ste7wj722ux05l","time":1610987774,"event":{"mods":["Act Like it!","BaseMod","BetterRewards","Colored Map","Colored Powertips","Custom Start","GifTheSpireLib","Googly Eyes","Minty Spire (QoL Compilation)","Rare Cards Sparkle","StSLib","The Jungle"],"gold_per_floor":[116,63,78,78,78,411,423,436,462,474,474,491,104,144,144,257,257,285,285,311,311,336,336,371,371,398,398,417,430,400,420,420,527,527,552,49,58,67,96,96,130,5,29,88,88,116,116,135,135,135,135,135,13,50,50],"floor_reached":56,"language":"ENG","playtime":3484,"items_purged":["Strike_B","Strike_B","Writhe"],"score":1627,"play_id":"155e97b7-cb2e-4c2b-958e-87c570049aa5","local_time":"20210118173614","is_ascension_mode":true,"campfire_choices":[{"data":"Echo Form","floor":15.0,"key":"SMITH"},{"data":"White Noise","floor":23.0,"key":"SMITH"},{"data":"Gash","floor":25.0,"key":"SMITH"},{"floor":32,"key":"REST"},{"data":"White Noise","floor":40,"key":"SMITH"},{"floor":49,"key":"RECALL"},{"floor":52,"key":"REST"}],"circlet_count":0,"master_deck":["Strike_B","Defend_B","Defend_B","Defend_B","Defend_B","Zap+1","Dualcast","Gash","Coolheaded+1","All For One","Hologram","White Noise+1","White Noise+1","Gash+1","Go for the Eyes","Echo Form+1","Machine Learning","Glacier+1","Conserve Battery","Conserve Battery+1","Beam Cell","Chill","Meteor Strike","BootSequence+1","Defragment","All For One","Flash of Steel","Master of Strategy","Go for the Eyes+1","Gash","Hologram+1","Redo+1","Go for the Eyes+1","Gash+1"],"relics":["Cracked Core","NeowsBlessing","Strawberry","Bronze Scales","Old Coin","Oddly Smooth Stone","Lizard Tail","CeramicFish","Nuclear Battery","Thread and Needle","Happy Flower","SlaversCollar","Strange Spoon","Du-Vu Doll","Incense Burner","HornCleat","War Paint"],"acts_visited":["Exordium","theJungle:Jungle","TheBeyond","TheEnding"],"potions_floor_usage":[28,28,29,33,33,41,50,50,55,55,55],"damage_taken":[{"damage":0.0,"enemies":"Small Slimes","floor":1.0,"turns":1.0},{"damage":0.0,"enemies":"Cultist","floor":3.0,"turns":1.0},{"damage":0.0,"enemies":"Lagavulin","floor":6.0,"turns":1.0},{"damage":2.0,"enemies":"Jaw Worm","floor":7.0,"turns":4.0},{"damage":7.0,"enemies":"Large Slime","floor":8.0,"turns":4.0},{"damage":10.0,"enemies":"Lots of Slimes","floor":10.0,"turns":3.0},{"damage":8.0,"enemies":"Red Slaver","floor":12.0,"turns":3.0},{"damage":38.0,"enemies":"Gremlin Nob","floor":14.0,"turns":4.0},{"damage":0.0,"enemies":"Slime Boss","floor":16.0,"turns":5.0},{"damage":16.0,"enemies":"theJungle:5_Spyders","floor":18.0,"turns":7.0},{"damage":9.0,"enemies":"theJungle:MUSHROOMGANG","floor":20.0,"turns":5.0},{"damage":18.0,"enemies":"theJungle:Snecko_Cultist_And_Trap","floor":22.0,"turns":6.0},{"damage":16.0,"enemies":"theJungle:MamaSnecko","floor":24.0,"turns":7.0},{"damage":14,"enemies":"Snake Plant","floor":28,"turns":3},{"damage":1,"enemies":"theJungle:Lyon","floor":29,"turns":4},{"damage":0,"enemies":"theJungle:Snecko_Cultist_And_Trap","floor":31,"turns":6},{"damage":11,"enemies":"theJungle:FunGuy","floor":33,"turns":9},{"damage":16,"enemies":"3 Shapes","floor":35,"turns":6},{"damage":1,"enemies":"Orb Walker","floor":39,"turns":4},{"damage":14,"enemies":"Nemesis","floor":41,"turns":7},{"damage":18,"enemies":"2 Orb Walkers","floor":44,"turns":4},{"damage":8,"enemies":"Transient","floor":46,"turns":5},{"damage":10,"enemies":"Sphere and 2 Shapes","floor":48,"turns":6},{"damage":48,"enemies":"Awakened One","floor":50,"turns":9},{"damage":2,"enemies":"Shield and Spear","floor":54,"turns":3},{"damage":108,"enemies":"The Heart","floor":55,"turns":8}],"seed_played":"-712574740859151842","potions_obtained":[{"floor":7.0,"key":"SneckoOil"},{"floor":10.0,"key":"EssenceOfDarkness"},{"floor":14.0,"key":"DuplicationPotion"},{"floor":16.0,"key":"Strength Potion"},{"floor":21.0,"key":"Energy Potion"},{"floor":21.0,"key":"Fire Potion"},{"floor":24.0,"key":"LiquidMemories"},{"floor":28,"key":"FocusPotion"},{"floor":30,"key":"SkillPotion"},{"floor":30,"key":"Swift Potion"},{"floor":31,"key":"SkillPotion"},{"floor":33,"key":"Swift Potion"},{"floor":35,"key":"SteroidPotion"},{"floor":41,"key":"GamblersBrew"}],"is_trial":false,"path_per_floor":["M","?","M","?","?","E","M","M","T","M","?","M","$","E","R","B",null,"M","?","M","?","M","R","E","R","T","?","M","M","?","M","R","B",null,"M","$","?","?","M","R","E","$","T","?","?","M","T","M","R","B",null,"R","$","E","B",null],"character_chosen":"DEFECT","items_purchased":["Go for the Eyes","Lizard Tail","Strange Spoon","Defragment","All For One","Flash of Steel","Regen Potion","FocusPotion"],"campfire_rested":2,"item_purchase_floors":[13,13,36,36,36,36,53,53],"current_hp_per_floor":[68,75,75,75,75,75,73,66,66,56,56,48,48,10,10,10,64,48,59,50,50,32,32,16,16,16,16,2,1,1,1,25,14,65,49,49,49,70,69,69,55,55,55,37,72,64,64,54,54,6,56,72,72,70,14],"gold":50,"neow_bonus":"THREE_ENEMY_KILL","is_daily":false,"chose_seed":false,"campfire_upgraded":4,"win_rate":0.0,"timestamp":1610987774,"path_taken":["M","?","?","?","?","E","?","M","T","M","?","M","$","E","R","BOSS","M","?","M","?","?","R","E","R","T","?","M","M","?","M","R","BOSS","M","$","?","?","M","R","E","$","T","?","?","M","?","M","R","BOSS","R","$","E","BOSS"],"items_purchased_type":["Card","Relic","Relic","Card","Card","Card","Potion","Potion"],"build_version":"2020-12-22","purchased_purges":3,"victory":true,"max_hp_per_floor":[75,82,82,82,82,82,82,82,82,82,82,82,82,82,82,82,82,82,82,82,82,82,82,82,82,82,82,82,82,82,82,82,82,82,82,82,82,82,82,82,82,82,82,82,72,72,72,72,72,72,72,72,72,72,72],"card_choices":[{"not_picked":["Barrage","Hologram"],"picked":"Gash","floor":1.0},{"not_picked":["Compile Driver","Tempest"],"picked":"Coolheaded","floor":3.0},{"not_picked":["Darkness","Streamline"],"picked":"All For One","floor":6.0},{"not_picked":["Doom and Gloom","Conserve Battery"],"picked":"Hologram","floor":7.0},{"not_picked":["Hologram","Coolheaded"],"picked":"White Noise","floor":8.0},{"not_picked":["Rebound","Consume"],"picked":"White Noise","floor":10.0},{"not_picked":["Beam Cell","Hello World"],"picked":"Gash","floor":12.0},{"not_picked":["Steam","Coolheaded"],"picked":"Echo Form","floor":14.0},{"not_picked":["Electrodynamics","Biased Cognition"],"picked":"Machine Learning","floor":16.0},{"not_picked":["Steam Power","Storm+1"],"picked":"Glacier+1","floor":18.0},{"not_picked":["Barrage","Compile Driver"],"picked":"Conserve Battery","floor":20.0},{"not_picked":["Sweeping Beam+1","Ball Lightning"],"picked":"Conserve Battery+1","floor":22.0},{"not_picked":["Chill","Seek"],"picked":"Beam Cell","floor":24.0},{"not_picked":["Stack","Turbo"],"picked":"Chill","floor":28},{"not_picked":["Rebound","Reinforced Body","Conserve Battery"],"picked":"SKIP","floor":29},{"not_picked":["Ball Lightning+1","Conserve Battery","Redo+1"],"picked":"SKIP","floor":31},{"not_picked":["Reboot","Hyperbeam"],"picked":"Meteor Strike","floor":33},{"not_picked":["Go for the Eyes+1","Sweeping Beam+1"],"picked":"BootSequence+1","floor":35},{"not_picked":["Mind Blast","Discovery"],"picked":"Master of Strategy","floor":37},{"not_picked":["Streamline+1","Turbo"],"picked":"Go for the Eyes+1","floor":39},{"not_picked":["Steam","Thunder Strike"],"picked":"Gash","floor":41},{"not_picked":["Heatsinks+1","Ball Lightning+1"],"picked":"Hologram+1","floor":44},{"not_picked":["Coolheaded+1","Rebound+1"],"picked":"Redo+1","floor":46},{"not_picked":["Chill","Compile Driver+1"],"picked":"Go for the Eyes+1","floor":48},{"not_picked":["Conserve Battery+1","Coolheaded"],"picked":"Gash+1","floor":54}],"player_experience":586650,"relics_obtained":[{"floor":6.0,"key":"Old Coin"},{"floor":9.0,"key":"Oddly Smooth Stone"},{"floor":14.0,"key":"CeramicFish"},{"floor":24.0,"key":"Thread and Needle"},{"floor":26.0,"key":"Happy Flower"},{"floor":41,"key":"Du-Vu Doll"},{"floor":44,"key":"Incense Burner"},{"floor":47,"key":"HornCleat"},{"floor":54,"key":"War Paint"}],"event_choices":[{"damage_healed":0.0,"max_hp_gain":0.0,"max_hp_loss":0.0,"gold_gain":0.0,"event_name":"WeMeetAgain","player_choice":"Paid Gold","floor":2.0,"gold_loss":53.0,"damage_taken":0.0,"relics_obtained":["Strawberry"]},{"damage_healed":0.0,"max_hp_gain":0.0,"max_hp_loss":0.0,"gold_gain":0.0,"event_name":"Big Fish","player_choice":"Box","floor":4.0,"gold_loss":0.0,"damage_taken":0.0,"relics_obtained":["Bronze Scales"],"cards_obtained":["Regret"]},{"cards_removed":["Regret"],"damage_healed":0.0,"max_hp_gain":0.0,"max_hp_loss":0.0,"gold_gain":0.0,"event_name":"Wheel of Change","player_choice":"Card Removal","floor":5.0,"gold_loss":0.0,"damage_taken":0.0},{"cards_removed":["Strike_B"],"damage_healed":0.0,"max_hp_gain":0.0,"max_hp_loss":0.0,"gold_gain":0.0,"event_name":"Bonfire Elementals","player_choice":"Offered Basic","floor":11.0,"gold_loss":0.0,"damage_taken":0.0},{"damage_healed":0.0,"max_hp_gain":0.0,"max_hp_loss":0.0,"gold_gain":0.0,"event_name":"Lab","player_choice":"Got Potions","floor":21.0,"gold_loss":0.0,"damage_taken":0.0},{"damage_healed":0,"gold_gain":0,"player_choice":"Bought 2 Potions","damage_taken":0,"max_hp_gain":0,"max_hp_loss":0,"event_name":"The Woman in Blue","floor":30,"gold_loss":0},{"damage_healed":0,"gold_gain":0,"player_choice":"Memory 1","damage_taken":0,"max_hp_gain":0,"max_hp_loss":0,"event_name":"SensoryStone","floor":37,"gold_loss":0},{"damage_healed":21,"gold_gain":0,"player_choice":"Writhe","damage_taken":0,"max_hp_gain":0,"max_hp_loss":0,"event_name":"Winding Halls","floor":38,"gold_loss":0,"cards_obtained":["Writhe"]},{"damage_healed":0,"gold_gain":0,"player_choice":"Fight","damage_taken":0,"max_hp_gain":0,"max_hp_loss":0,"event_name":"Mysterious Sphere","floor":44,"gold_loss":0},{"damage_healed":72,"gold_gain":0,"player_choice":"Heal","damage_taken":0,"max_hp_gain":0,"max_hp_loss":10,"event_name":"The Moai Head","floor":45,"gold_loss":0}],"is_beta":false,"boss_relics":[{"not_picked":["Astrolabe","Tiny House"],"picked":"Nuclear Battery"},{"not_picked":["Sozu","Runic Dome"],"picked":"SlaversCollar"}],"items_purged_floors":[13,36,42],"is_endless":false,"potions_floor_spawned":[7,10,14,16,24,28,31,33,35,39,41,54],"ascension_level":6}}