{"host":"z7byfb4bpt09dh7e","time":1610942621,"event":{"mods":["Aspiration","BaseMod","BetterRewards","Displayed Cursed Tome","Downfall","Infinite Spire","Minty Spire (QoL Compilation)","StSLib","The Blue Laboratory","Uncapped"],"gold_per_floor":[115,21,96,114,114,114,134,134,134,151,151,164,179,195,195,300,300,313,388,76,76,76,76,4,23,23,40,51,51,63,63,63,160,160,178,188,41,54,103,136,98,98,98,98,0,25,347,365,365,470,470,477,527,527,602,165,184,198,128,154,154,180,188,188,188,188,269,269,270,51,51,51,51,51,78,96,96,101,122,140,140,70,70,135,135,145,367,367,367,367,395,403,439,464,493,330,330,362,373,373,469,469,477,233,244,254,254,288,314,329,353,365,365,397,408,406,406,496,496,506,515,154,154,253,287,298,343,343,349,352,373,377,387,387,491,491,496,514,514,9,309,340,352,372,372,398,398,404,404,424,424,470,470,470,449,480,532],"floor_reached":158,"language":"ENG","playtime":6970,"items_purged":["infinitespire:SealOfDarkness+","Slice"],"score":4833,"play_id":"f24340da-7c53-4f33-b3f0-9e1a8bf5e14a","local_time":"20210117230341","daily_mods":["Vintage","Diverse","Time Dilation","Flight","Binary"],"is_ascension_mode":false,"campfire_choices":[{"data":"Zap","floor":6.0,"key":"SMITH"},{"data":"Dualcast","floor":15.0,"key":"SMITH"},{"data":"Mayhem","floor":23.0,"key":"SMITH"},{"data":"Redo","floor":32.0,"key":"SMITH"},{"floor":42.0,"key":"REST"},{"floor":49.0,"key":"REST"},{"data":"Defend_B+1","floor":61.0,"key":"PURGE"},{"data":"Strike_B+1","floor":66.0,"key":"PURGE"},{"data":"Defend_B+1","floor":74.0,"key":"PURGE"},{"data":"Defend_B+1","floor":83.0,"key":"PURGE"},{"data":"Defend_B+1","floor":100.0,"key":"PURGE"},{"data":"Madness","floor":151,"key":"PURGE"},{"data":"Madness","floor":154,"key":"PURGE"}],"circlet_count":2,"master_deck":["Zap+1","Dualcast+1","CurseOfTheBell","Mayhem+1","Backstab","Finisher","Hologram","Redo+1","sneckomod:UnknownVulnerable","Melter","Choke+1","infinitespire:UltimateForm","Carnage","DeusExMachina","Flame Barrier","Amplify","Inflame","hexamod:GhostflameInferno+1","infinitespire:Punishment","BootSequence+1","Devotion","infinitespire:Execution","Bludgeon+1","Madness+1","Madness","PathToVictory+1","Guardian:Reroute+1","Sadistic Nature","infinitespire:Collect+1","WaveOfTheHand+1","Footwork+1","sneckomod:SerpentMind+1","Madness+1","Quick Slash+1","sneckomod:UnknownClassTHE_CHAMP_GRAY+1","infinitespire:TheBestDefense+1","Slimebound:Replication+1","hexamod:ThirdSeal","Double Tap+1","infinitespire:Collect+1","Violence+1","Mind Blast+1","bronze:Shield+1","hexamod:Rewind+1","Bite+1","Bite+1","Bite+1","Bite+1","Bite+1","Glass Knife+1","Hemokinesis+1","Zap+1","Genetic Algorithm+1","infinitespire:Collect+1","Slimebound:LeechEnergy+1","Madness+1","Madness+1","Hyperbeam+1","bronze:Mutator+1","Rage+1","Loop+1","Adrenaline+1","Guardian:AncientConstruct+1"],"relics":["Cracked Core","Busted Crown","aspiration:HiddenCompartment","StoneCalendar","Lizard Tail","Kunai","aspiration:SeaSaltIceCream","Circlet","infinitespire:Freezer","Bag of Marbles","Akabeko","Calling Bell","Potion Belt","aspiration:StickyExplosives_weak","Turnip","aspiration:HummingbirdHeart","Bronze Scales","aspiration:ChemicalBlood","infinitespire:ShieldingShard","infinitespire:WardingShard","hexamod:BolsterEngine","Guardian:PocketSentry","Ornamental Fan","aspiration:BursterCore","aspiration:FetidBarrel","infinitespire:PuzzleCube","Orrery","Question Card","aspiration:HatOfInfinitePower","Toy Ornithopter","infinitespire:CheckeredPen","aspiration:Legacy_Headhunter","Red Mask","Juzu Bracelet","Thread and Needle","PreservedInsect","Fusion Hammer","Peace Pipe","MealTicket","Dead Branch","Runic Capacitor","Vajra","Mummified Hand","Omamori","Happy Flower","infinitespire:Beetle Shell","InkBottle","Bottled Lightning","Coffee Dripper","StrikeDummy","Membership Card","Lantern","MutagenicStrength","aspiration:DSix","aspiration:MysteriousAuxiliaryCore","Oddly Smooth Stone","Symbiotic Virus","Orichalcum","Strange Spoon","SacredBark","War Paint","Toxic Egg 2","Ancient Tea Set","CeramicFish","Mango","Molten Egg 2","Strawberry","Boot","Whetstone","Frozen Egg 2","aspiration:Stellarator","DataDisk","Anchor","Lee\u0027s Waffle","aspiration:FrozenJewel","infinitespire:Eraser","Pantograph","White Beast Statue","Dream Catcher","Bag of Preparation","Sundial","sneckomod:BlankCard","Du-Vu Doll","aspiration:ArtOfWarUpgrade","infinitespire:BottledMercury","Philosopher\u0027s Stone","infinitespire:Lychee Nut","Chemical X","aspiration:TomeofQuesting","Blue Candle","aspiration:Stabinomicon","infinitespire:SolderingIron","Bottled Tornado","infinitespire:Satchel","infinitespire:EmpoweringShard","infinitespire:Midas Blood","Centennial Puzzle","infinitespire:Lucky Rock","aspiration:EnhancedActuators","expansioncontent:StudyCardRelic","The Courier","Pen Nib","Mercury Hourglass","aspiration:Lifesprig","Torii","Bottled Flame","sneckomod:BlankCard","Regal Pillow","Smiling Mask","Gremlin Horn","Letter Opener","Nunchaku","aspiration:KaomsHeart"],"acts_visited":["Exordium","TheCity","TheBeyond","Exordium","TheCity","TheBeyond","TheCity","TheBeyond","TheEnding"],"potions_floor_usage":[152],"damage_taken":[{"damage":1.0,"enemies":"Jaw Worm","floor":1.0,"turns":3.0},{"damage":0.0,"enemies":"Small Slimes","floor":4.0,"turns":3.0},{"damage":0.0,"enemies":"Cultist","floor":7.0,"turns":4.0},{"damage":11.0,"enemies":"Gremlin Gang","floor":10.0,"turns":4.0},{"damage":0.0,"enemies":"Large Slime","floor":12.0,"turns":3.0},{"damage":0.0,"enemies":"Exordium Thugs","floor":13.0,"turns":5.0},{"damage":2.0,"enemies":"3 Louse","floor":14.0,"turns":3.0},{"damage":31.0,"enemies":"The Guardian","floor":16.0,"turns":8.0},{"damage":3.0,"enemies":"Chosen","floor":18.0,"turns":4.0},{"damage":0.0,"enemies":"Spheric Guardian","floor":25.0,"turns":4.0},{"damage":0.0,"enemies":"Chosen and Byrds","floor":27.0,"turns":4.0},{"damage":0.0,"enemies":"Centurion and Healer","floor":28.0,"turns":4.0},{"damage":0.0,"enemies":"Snake Plant","floor":30.0,"turns":2.0},{"damage":8.0,"enemies":"Collector","floor":33.0,"turns":10.0},{"damage":0.0,"enemies":"3 Darklings","floor":35.0,"turns":5.0},{"damage":0.0,"enemies":"3 Shapes","floor":36.0,"turns":4.0},{"damage":0.0,"enemies":"Jaw Worm Horde","floor":38.0,"turns":5.0},{"damage":12.0,"enemies":"2 Orb Walkers","floor":39.0,"turns":5.0},{"damage":21.0,"enemies":"Nemesis","floor":40.0,"turns":7.0},{"damage":0.0,"enemies":"Reptomancer","floor":46.0,"turns":4.0},{"damage":0.0,"enemies":"infinitespire:Three Voidlings","floor":47.0,"turns":2.0},{"damage":20.0,"enemies":"Nightmare_Alpha","floor":47.0,"turns":7.0},{"damage":3.0,"enemies":"Sphere and 2 Shapes","floor":48.0,"turns":3.0},{"damage":47.0,"enemies":"infinitespire:MassOfShapes","floor":50.0,"turns":7.0},{"damage":0.0,"enemies":"Small Slimes","floor":52.0,"turns":1.0},{"damage":0.0,"enemies":"Gremlin Nob","floor":53.0,"turns":2.0},{"damage":15.0,"enemies":"Nightmare","floor":57.0,"turns":4.0},{"damage":0.0,"enemies":"2 Louse","floor":58.0,"turns":1.0},{"damage":0.0,"enemies":"Lagavulin","floor":62.0,"turns":1.0},{"damage":0.0,"enemies":"Cultist","floor":63.0,"turns":1.0},{"damage":0.0,"enemies":"The Guardian","floor":67.0,"turns":4.0},{"damage":0.0,"enemies":"Shell Parasite","floor":69.0,"turns":1.0},{"damage":0.0,"enemies":"Masked Bandits","floor":75.0,"turns":1.0},{"damage":0.0,"enemies":"Nightmare","floor":76.0,"turns":1.0},{"damage":0.0,"enemies":"Chosen","floor":78.0,"turns":1.0},{"damage":0.0,"enemies":"Gremlin Leader","floor":79.0,"turns":1.0},{"damage":0.0,"enemies":"Slavers","floor":80.0,"turns":1.0},{"damage":0.0,"enemies":"Automaton","floor":84.0,"turns":2.0},{"damage":0.0,"enemies":"Orb Walker","floor":86.0,"turns":2.0},{"damage":0.0,"enemies":"Reptomancer","floor":91.0,"turns":1.0},{"damage":0.0,"enemies":"3 Shapes","floor":92.0,"turns":1.0},{"damage":0.0,"enemies":"2 Orb Walkers","floor":93.0,"turns":2.0},{"damage":0.0,"enemies":"Nemesis","floor":95.0,"turns":1.0},{"damage":0.0,"enemies":"Nightmare","floor":98.0,"turns":1.0},{"damage":0.0,"enemies":"Giant Head","floor":99.0,"turns":2.0},{"damage":0.0,"enemies":"infinitespire:MassOfShapes","floor":101.0,"turns":1.0},{"damage":0,"enemies":"Jaw Worm","floor":103,"turns":1},{"damage":0,"enemies":"Small Slimes","floor":105,"turns":1},{"damage":0,"enemies":"Cultist","floor":106,"turns":1},{"damage":0,"enemies":"Exordium Thugs","floor":107,"turns":1},{"damage":0,"enemies":"Nightmare","floor":108,"turns":2},{"damage":0,"enemies":"Lagavulin","floor":109,"turns":1},{"damage":0,"enemies":"3 Louse","floor":110,"turns":1},{"damage":0,"enemies":"Looter","floor":112,"turns":1},{"damage":0,"enemies":"Red Slaver","floor":114,"turns":1},{"damage":0,"enemies":"3 Sentries","floor":115,"turns":2},{"damage":0,"enemies":"Exordium Thugs","floor":116,"turns":1},{"damage":0,"enemies":"The Guardian","floor":118,"turns":2},{"damage":0,"enemies":"Shell Parasite","floor":120,"turns":1},{"damage":0,"enemies":"Slavers","floor":125,"turns":1},{"damage":0,"enemies":"Nightmare","floor":126,"turns":3},{"damage":0,"enemies":"Spheric Guardian","floor":129,"turns":1},{"damage":0,"enemies":"Shelled Parasite and Fungi","floor":130,"turns":1},{"damage":0,"enemies":"Slavers","floor":131,"turns":1},{"damage":0,"enemies":"Cultist and Chosen","floor":132,"turns":1},{"damage":0,"enemies":"Snake Plant","floor":133,"turns":1},{"damage":0,"enemies":"Collector","floor":135,"turns":1},{"damage":0,"enemies":"3 Shapes","floor":137,"turns":1},{"damage":0,"enemies":"Giant Head","floor":142,"turns":1},{"damage":0,"enemies":"3 Darklings","floor":143,"turns":1},{"damage":0,"enemies":"Reptomancer","floor":144,"turns":1},{"damage":0,"enemies":"Nightmare_Alpha","floor":146,"turns":3},{"damage":0,"enemies":"Writhing Mass","floor":148,"turns":1},{"damage":0,"enemies":"infinitespire:LordOfFortification","floor":152,"turns":5},{"damage":0,"enemies":"Shield and Spear","floor":156,"turns":1},{"damage":0,"enemies":"The Heart","floor":157,"turns":6}],"seed_played":"814164388871085271","potions_obtained":[{"floor":4.0,"key":"FairyPotion"},{"floor":7.0,"key":"blueLaboratory:StoneskinPotion"},{"floor":10.0,"key":"blueLaboratory:Moonshine"},{"floor":12.0,"key":"GamblersBrew"},{"floor":18.0,"key":"blueLaboratory:BiasPotion"},{"floor":28.0,"key":"PowerPotion"},{"floor":33.0,"key":"blueLaboratory:ExaltedPotion"},{"floor":39.0,"key":"Regen Potion"},{"floor":40.0,"key":"BlessingOfTheForge"},{"floor":47.0,"key":"blueLaboratory:BubblePotion"},{"floor":50.0,"key":"blueLaboratory:RememoryPotion"},{"floor":75.0,"key":"blueLaboratory:RelayPotion"},{"floor":112,"key":"Fire Potion"},{"floor":114,"key":"blueLaboratory:TeslaPotion"},{"floor":152,"key":"blueLaboratory:BottledHope"}],"is_trial":true,"path_per_floor":["M","$","?","M","?","R","M","?","T","M","$","M","M","M","R","B",null,"M","?","$","?","?","R","$","M","T","M","M","?","M","AVR","R","B",null,"M","M","$","M","?","E","$","R","T","AVR","?","E","?","M","R","B",null,"M","?","T","?","$","NM","M","$","T","R","E","M","?","AVR","R","B",null,"M","$","?","?","?","R","?","NM","T","M","E","E","AVR","$","R","B",null,"M","?","?","AVR","?","E","M","?","T","E","$","?","NM","E","R","B",null,"M","$","M","M","M","NM","E","M","T","M","AVR","M","E","M","R","B",null,"M","AVR","$","?","?","E","NM","?","T","M","M","E","M","M","R","B",null,"M","?","?","$","?","E","M","E","T","NM","AVR","M","?","?","R","B",null,"R","$","E","B",null],"character_chosen":"DEFECT","items_purchased":["expansioncontent:Collect","Bronze Scales","Mayhem","Hologram","Redo","Orrery","Melter","Runic Capacitor","Vajra","Amplify","Inflame","Membership Card","Lantern","Devotion","Boot","Sadistic Nature","Anchor","Lee\u0027s Waffle","Madness+1","Quick Slash+1","sneckomod:UnknownClassTHE_CHAMP_GRAY+1","aspiration:TomeofQuesting","Blue Candle","Violence+1","Mind Blast+1","Pen Nib","Mercury Hourglass","aspiration:Lifesprig","Torii","Bottled Flame","sneckomod:BlankCard","Rage+1"],"campfire_rested":2,"item_purchase_floors":[2,20,20,24,24,37,41,56,56,56,59,70,70,82,96,96,104,104,104,104,104,122,122,122,122,140,140,140,140,140,140,155],"current_hp_per_floor":[74,74,63,63,63,63,63,63,63,54,54,56,58,58,58,29,75,72,65,65,65,65,65,65,67,67,69,71,71,73,73,73,67,75,75,75,75,75,63,44,44,66,66,66,66,68,52,51,73,62,75,75,75,75,64,75,75,75,75,75,75,75,75,75,75,75,75,75,75,75,75,75,61,61,63,65,65,67,69,71,71,80,80,80,80,80,80,70,70,60,80,80,94,94,101,101,101,101,101,101,101,101,101,108,108,108,108,108,108,108,108,108,108,108,108,108,108,108,108,81,81,81,65,65,67,79,79,79,79,79,79,81,81,81,81,81,81,81,81,81,81,81,81,81,81,81,181,181,181,158,158,181,181,181,181,181,181],"gold":532,"neow_bonus":"","is_daily":false,"chose_seed":false,"campfire_upgraded":4,"win_rate":0.0,"timestamp":1610942621,"path_taken":["M","$","?","M","?","R","M","?","T","?","$","?","M","M","R","BOSS","M","?","?","?","?","R","$","?","T","M","M","?","M","AVR","R","BOSS","M","M","$","M","?","E","?","R","T","AVR","?","E","?","M","R","BOSS","M","?","?","?","$","NM","M","$","T","R","E","M","?","AVR","R","BOSS","M","$","?","?","?","R","?","NM","T","M","E","E","AVR","?","R","BOSS","M","?","?","AVR","?","E","M","?","T","E","?","?","NM","E","R","BOSS","M","$","M","M","M","NM","E","M","T","M","AVR","M","E","M","R","BOSS","M","AVR","$","?","?","E","NM","?","T","M","M","E","M","M","R","BOSS","M","?","?","$","?","E","M","E","T","NM","AVR","M","?","?","R","BOSS","R","$","E","BOSS"],"items_purchased_type":["Undefined","Relic","Card","Card","Card","Relic","Card","Relic","Relic","Card","Card","Relic","Relic","Card","Relic","Card","Relic","Relic","Card","Card","Card","Relic","Relic","Card","Card","Relic","Relic","Relic","Relic","Relic","Relic","Card"],"build_version":"2020-12-22","purchased_purges":2,"victory":true,"max_hp_per_floor":[75,75,75,75,75,75,75,75,75,75,75,75,75,75,75,75,75,75,75,75,75,75,75,75,75,75,75,75,75,75,75,75,75,75,75,75,75,75,75,75,75,75,75,75,75,75,75,75,75,75,75,75,75,75,75,75,75,75,75,75,75,75,75,75,75,75,75,75,75,75,75,75,80,80,80,80,80,80,80,80,80,80,80,80,80,80,80,80,80,80,80,80,94,94,101,101,101,101,101,101,101,101,101,108,108,108,108,108,108,108,108,108,108,108,108,108,108,108,108,81,81,81,81,81,81,81,81,81,81,81,81,81,81,81,81,81,81,81,81,81,81,81,81,81,81,81,181,181,181,181,181,181,181,181,181,181,181],"card_choices":[{"not_picked":[],"picked":"sneckomod:UnknownVulnerable","floor":39.0},{"not_picked":[],"picked":"FlyingSleeves+1","floor":40.0},{"not_picked":[],"picked":"Choke+1","floor":46.0},{"not_picked":["infinitespire:Gouge","infinitespire:SealOfDarkness+"],"picked":"infinitespire:UltimateForm","floor":47.0},{"not_picked":[],"picked":"Carnage","floor":47.0},{"not_picked":[],"picked":"DeusExMachina","floor":50.0},{"not_picked":[],"picked":"Flame Barrier","floor":53.0},{"not_picked":["hexamod:HauntingEcho"],"picked":"SKIP","floor":57.0},{"not_picked":[],"picked":"hexamod:GhostflameInferno","floor":62.0},{"not_picked":["infinitespire:TheBestDefense","infinitespire:Execution"],"picked":"infinitespire:Punishment","floor":64.0},{"not_picked":["champ:PerfectedStrike+1"],"picked":"SKIP","floor":76.0},{"not_picked":["Body Slam"],"picked":"SKIP","floor":79.0},{"not_picked":[],"picked":"BootSequence","floor":80.0},{"not_picked":["infinitespire:NeuralNetwork","infinitespire:FutureSight"],"picked":"infinitespire:Execution","floor":84.0},{"not_picked":[],"picked":"Bludgeon","floor":84.0},{"not_picked":[],"picked":"expansioncontent:FaceSlap","floor":90.0},{"not_picked":[],"picked":"expansioncontent:BronzeBeam","floor":90.0},{"not_picked":[],"picked":"PathToVictory+1","floor":91.0},{"not_picked":[],"picked":"Guardian:Gem_Lightblue","floor":93.0},{"not_picked":[],"picked":"Guardian:Reroute+1","floor":95.0},{"not_picked":["infinitespire:TheBestDefense","infinitespire:Starlight"],"picked":"infinitespire:Collect","floor":98.0},{"not_picked":[],"picked":"WaveOfTheHand+1","floor":98.0},{"not_picked":[],"picked":"Footwork+1","floor":99.0},{"not_picked":[],"picked":"sneckomod:SerpentMind+1","floor":101.0},{"not_picked":["infinitespire:Menacing","infinitespire:FutureSight"],"picked":"infinitespire:TheBestDefense","floor":108},{"not_picked":[],"picked":"Slimebound:Replication+1","floor":108},{"not_picked":["sneckomod:RainOfDice+1"],"picked":"SKIP","floor":109},{"not_picked":[],"picked":"hexamod:ThirdSeal","floor":115},{"not_picked":[],"picked":"Double Tap+1","floor":118},{"not_picked":[],"picked":"bronze:Shield+1","floor":125},{"not_picked":[],"picked":"hexamod:Rewind+1","floor":126},{"not_picked":["Underhanded Strike+1"],"picked":"SKIP","floor":131},{"not_picked":[],"picked":"Glass Knife+1","floor":135},{"not_picked":[],"picked":"Genetic Algorithm+1","floor":142},{"not_picked":["Guardian:GuardianWhirl+1"],"picked":"SKIP","floor":144},{"not_picked":["infinitespire:SealOfDarkness+","infinitespire:Gouge"],"picked":"infinitespire:Collect","floor":146},{"not_picked":[],"picked":"Slimebound:LeechEnergy+1","floor":146},{"not_picked":[],"picked":"Hyperbeam+1","floor":152},{"not_picked":[],"picked":"bronze:Mutator+1","floor":152},{"not_picked":[],"picked":"Loop+1","floor":156},{"not_picked":[],"picked":"Adrenaline+1","floor":157},{"not_picked":[],"picked":"Guardian:AncientConstruct+1","floor":157}],"player_experience":267122,"relics_obtained":[{"floor":1.0,"key":"aspiration:HiddenCompartment"},{"floor":4.0,"key":"StoneCalendar"},{"floor":7.0,"key":"Blood Vial"},{"floor":9.0,"key":"Kunai"},{"floor":10.0,"key":"aspiration:SeaSaltIceCream"},{"floor":12.0,"key":"infinitespire:Freezer"},{"floor":13.0,"key":"Bag of Marbles"},{"floor":14.0,"key":"Akabeko"},{"floor":17.0,"key":"Potion Belt"},{"floor":17.0,"key":"aspiration:StickyExplosives_weak"},{"floor":17.0,"key":"Turnip"},{"floor":18.0,"key":"aspiration:HummingbirdHeart"},{"floor":25.0,"key":"aspiration:ChemicalBlood"},{"floor":26.0,"key":"infinitespire:ShieldingShard"},{"floor":27.0,"key":"infinitespire:WardingShard"},{"floor":28.0,"key":"hexamod:BolsterEngine"},{"floor":30.0,"key":"Guardian:PocketSentry"},{"floor":35.0,"key":"aspiration:FetidBarrel"},{"floor":36.0,"key":"infinitespire:PuzzleCube"},{"floor":38.0,"key":"Question Card"},{"floor":39.0,"key":"aspiration:HatOfInfinitePower"},{"floor":40.0,"key":"Toy Ornithopter"},{"floor":43.0,"key":"infinitespire:CheckeredPen"},{"floor":46.0,"key":"Juzu Bracelet"},{"floor":47.0,"key":"Thread and Needle"},{"floor":48.0,"key":"PreservedInsect"},{"floor":52.0,"key":"Peace Pipe"},{"floor":54.0,"key":"Dead Branch"},{"floor":57.0,"key":"Mummified Hand"},{"floor":58.0,"key":"Omamori"},{"floor":60.0,"key":"Happy Flower"},{"floor":62.0,"key":"infinitespire:Beetle Shell"},{"floor":63.0,"key":"InkBottle"},{"floor":69.0,"key":"StrikeDummy"},{"floor":75.0,"key":"Circlet"},{"floor":76.0,"key":"aspiration:DSix"},{"floor":77.0,"key":"aspiration:MysteriousAuxiliaryCore"},{"floor":78.0,"key":"Oddly Smooth Stone"},{"floor":79.0,"key":"Symbiotic Virus"},{"floor":80.0,"key":"Orichalcum"},{"floor":86.0,"key":"War Paint"},{"floor":91.0,"key":"Ancient Tea Set"},{"floor":92.0,"key":"CeramicFish"},{"floor":93.0,"key":"Mango"},{"floor":94.0,"key":"Molten Egg 2"},{"floor":95.0,"key":"Strawberry"},{"floor":98.0,"key":"Whetstone"},{"floor":99.0,"key":"Frozen Egg 2"},{"floor":103,"key":"DataDisk"},{"floor":105,"key":"aspiration:FrozenJewel"},{"floor":106,"key":"infinitespire:Eraser"},{"floor":107,"key":"Pantograph"},{"floor":109,"key":"White Beast Statue"},{"floor":110,"key":"Dream Catcher"},{"floor":111,"key":"Bag of Preparation"},{"floor":112,"key":"Sundial"},{"floor":114,"key":"Du-Vu Doll"},{"floor":115,"key":"Art of War"},{"floor":116,"key":"infinitespire:BottledMercury"},{"floor":120,"key":"infinitespire:Lychee Nut"},{"floor":125,"key":"infinitespire:SolderingIron"},{"floor":126,"key":"Bottled Tornado"},{"floor":128,"key":"infinitespire:Satchel"},{"floor":129,"key":"infinitespire:EmpoweringShard"},{"floor":130,"key":"infinitespire:Midas Blood"},{"floor":131,"key":"Centennial Puzzle"},{"floor":132,"key":"infinitespire:Lucky Rock"},{"floor":133,"key":"aspiration:EnhancedActuators"},{"floor":137,"key":"The Courier"},{"floor":142,"key":"Regal Pillow"},{"floor":143,"key":"Smiling Mask"},{"floor":144,"key":"Gremlin Horn"},{"floor":145,"key":"Letter Opener"},{"floor":146,"key":"Nunchaku"},{"floor":148,"key":"aspiration:KMNothing"},{"floor":156,"key":"aspiration:KMNothing"}],"event_choices":[{"damage_healed":0.0,"max_hp_gain":0.0,"max_hp_loss":0.0,"gold_gain":75.0,"event_name":"World of Goop","player_choice":"Gather Gold","floor":3.0,"gold_loss":0.0,"damage_taken":11.0},{"damage_healed":0.0,"max_hp_gain":0.0,"max_hp_loss":0.0,"gold_gain":0.0,"event_name":"The Cleric","player_choice":"Leave","floor":5.0,"gold_loss":0.0,"damage_taken":0.0},{"cards_removed":["expansioncontent:Collect"],"damage_healed":0.0,"max_hp_gain":0.0,"max_hp_loss":0.0,"gold_gain":0.0,"event_name":"WeMeetAgain","player_choice":"Gave Card","floor":8.0,"gold_loss":0.0,"damage_taken":0.0,"relics_obtained":["Lizard Tail"]},{"damage_healed":0.0,"max_hp_gain":0.0,"max_hp_loss":0.0,"gold_gain":75.0,"event_name":"FaceTrader","player_choice":"Touch","floor":19.0,"gold_loss":0.0,"damage_taken":7.0},{"damage_healed":0.0,"max_hp_gain":0.0,"max_hp_loss":0.0,"gold_gain":0.0,"event_name":"NoteForYourself","player_choice":"Ignored","floor":22.0,"gold_loss":0.0,"damage_taken":0.0},{"damage_healed":0.0,"max_hp_gain":0.0,"max_hp_loss":0.0,"gold_gain":0.0,"event_name":"Back to Basics","player_choice":"Simplicity","floor":29.0,"gold_loss":0.0,"damage_taken":0.0,"cards_upgraded":["Strike_B","Defend_B","Defend_B","Defend_B","Defend_B"]},{"damage_healed":0.0,"max_hp_gain":0.0,"max_hp_loss":0.0,"gold_gain":0.0,"event_name":"Mysterious Sphere","player_choice":"Fight","floor":39.0,"gold_loss":0.0,"damage_taken":0.0},{"damage_healed":0.0,"max_hp_gain":0.0,"max_hp_loss":0.0,"gold_gain":0.0,"event_name":"Tomb of Lord Red Mask","player_choice":"Paid","floor":45.0,"gold_loss":98.0,"damage_taken":0.0,"relics_obtained":["Red Mask"]},{"damage_healed":0.0,"max_hp_gain":0.0,"max_hp_loss":0.0,"gold_gain":222.0,"event_name":"Tomb of Lord Red Mask","player_choice":"Wore Mask","floor":47.0,"gold_loss":0.0,"damage_taken":0.0},{"damage_healed":0.0,"max_hp_gain":0.0,"max_hp_loss":0.0,"gold_gain":0.0,"event_name":"Dead Adventurer","player_choice":"Searched \u00272\u0027 times","floor":53.0,"gold_loss":0.0,"damage_taken":0.0,"relics_obtained":["MealTicket"]},{"damage_healed":0.0,"max_hp_gain":0.0,"max_hp_loss":0.0,"gold_gain":75.0,"event_name":"World of Goop","player_choice":"Gather Gold","floor":55.0,"gold_loss":0.0,"damage_taken":11.0},{"damage_healed":0.0,"max_hp_gain":0.0,"max_hp_loss":0.0,"gold_gain":0.0,"event_name":"Drug Dealer","player_choice":"Inject Mutagens","floor":71.0,"gold_loss":0.0,"damage_taken":0.0,"relics_obtained":["MutagenicStrength"]},{"damage_healed":0.0,"max_hp_gain":0.0,"max_hp_loss":0.0,"gold_gain":0.0,"event_name":"Lab","player_choice":"Got Potions","floor":72.0,"gold_loss":0.0,"damage_taken":0.0},{"damage_healed":0.0,"max_hp_gain":5.0,"max_hp_loss":0.0,"gold_gain":0.0,"event_name":"Forgotten Altar","player_choice":"Shed Blood","floor":73.0,"gold_loss":0.0,"damage_taken":19.0},{"damage_healed":0.0,"max_hp_gain":0.0,"max_hp_loss":0.0,"gold_gain":0.0,"event_name":"Masked Bandits","player_choice":"Fought Bandits","floor":75.0,"gold_loss":0.0,"damage_taken":0.0},{"damage_healed":0.0,"max_hp_gain":0.0,"max_hp_loss":0.0,"gold_gain":222.0,"event_name":"Tomb of Lord Red Mask","player_choice":"Wore Mask","floor":87.0,"gold_loss":0.0,"damage_taken":0.0},{"damage_healed":0.0,"max_hp_gain":0.0,"max_hp_loss":0.0,"gold_gain":0.0,"event_name":"Winding Halls","player_choice":"Embrace Madness","floor":88.0,"gold_loss":0.0,"damage_taken":10.0,"cards_obtained":["Madness","Madness"]},{"damage_healed":0.0,"max_hp_gain":0.0,"max_hp_loss":0.0,"gold_gain":0.0,"event_name":"SensoryStone","player_choice":"Memory 3","floor":90.0,"gold_loss":0.0,"damage_taken":10.0},{"damage_healed":0.0,"max_hp_gain":0.0,"max_hp_loss":0.0,"gold_gain":0.0,"event_name":"Mysterious Sphere","player_choice":"Fight","floor":93.0,"gold_loss":0.0,"damage_taken":0.0},{"cards_removed":["FlyingSleeves"],"damage_healed":0.0,"max_hp_gain":0.0,"max_hp_loss":0.0,"gold_gain":0.0,"event_name":"Falling","player_choice":"Removed Attack","floor":97.0,"gold_loss":0.0,"damage_taken":0.0},{"damage_healed":0,"gold_gain":0,"player_choice":"Obtained Book","damage_taken":16,"max_hp_gain":0,"max_hp_loss":0,"event_name":"Cursed Tome","floor":123,"gold_loss":0},{"damage_healed":0,"gold_gain":99,"player_choice":"Stole From Cult","damage_taken":0,"max_hp_gain":0,"max_hp_loss":0,"event_name":"Nest","floor":124,"gold_loss":0},{"damage_healed":0,"gold_gain":0,"player_choice":"Became a vampire (Vial)","damage_taken":0,"max_hp_gain":0,"max_hp_loss":0,"event_name":"Vampires","floor":127,"relics_lost":["Blood Vial"],"gold_loss":0,"cards_obtained":["Bite","Bite","Bite","Bite","Bite"]},{"damage_healed":0,"gold_gain":0,"player_choice":"2 cards matched","damage_taken":0,"max_hp_gain":0,"max_hp_loss":0,"event_name":"Match and Keep!","floor":138,"gold_loss":0,"cards_obtained":["Hemokinesis","Zap"]},{"damage_healed":0,"gold_gain":300,"player_choice":"Gold","damage_taken":0,"max_hp_gain":0,"max_hp_loss":0,"event_name":"Wheel of Change","floor":141,"gold_loss":0},{"damage_healed":0,"gold_gain":0,"player_choice":"Embrace Madness","damage_taken":23,"max_hp_gain":0,"max_hp_loss":0,"event_name":"Winding Halls","floor":150,"gold_loss":0,"cards_obtained":["Madness","Madness"]}],"is_beta":false,"boss_relics":[{"not_picked":["Cursed Key","Inserter"],"picked":"Calling Bell"},{"not_picked":["Black Star","aspiration:IroncladSkillbook"],"picked":"aspiration:BursterCore"},{"not_picked":["aspiration:RitualDagger","Empty Cage"],"picked":"Fusion Hammer"},{"not_picked":["aspiration:RunicSpoon","sneckomod:SneckoTalon"],"picked":"Coffee Dripper"},{"not_picked":["Pandora\u0027s Box","Runic Pyramid"],"picked":"SacredBark"},{"not_picked":["aspiration:IroncladSkillbook","Runic Dome"],"picked":"aspiration:Stellarator"},{"not_picked":["Velvet Choker","Sozu"],"picked":"Philosopher\u0027s Stone"},{"not_picked":["sneckomod:SneckoTalon","Pandora\u0027s Box"],"picked":"expansioncontent:StudyCardRelic"},{"not_picked":["aspiration:KMNothing","aspiration:KMNothing"],"picked":"aspiration:KMNothing"}],"items_purged_floors":[104,122],"is_endless":true,"potions_floor_spawned":[4,7,10,12,13,18,28,33,36,38,40,50,57,63,76,79,91,92,103,106,107,110,112,114,115,116,118,120,125,126,129,130,131,132,133,135,137,142,143,144,146,148,152,156,157],"ascension_level":0}}