{"host":"vrsxkkch9ccrec7k","time":1610996374,"event":{"mods":["Act Like it!","BaseMod","Bestiary","Better Sensory Stone","Better Third Choice","Better Vampires","Downfall","Minty Spire (QoL Compilation)","Permanent Neow","Relic Stats","Spicy Shops","StSLib"],"gold_per_floor":[99,110,124,142,162,187,213,213,244,244,244,273,292,292,306,402,402,402,420,420,420,420,405,405,405,6,70,85,104,104,104,114,214,214,214,230,230,230,20,20,93,106,135,154,186,202,217,248,266,266],"floor_reached":51,"language":"ENG","playtime":6160,"items_purged":["bronze:Strike","bronze:Strike"],"score":896,"play_id":"446b8b39-a19d-4a78-b43e-277240f8e8f0","local_time":"20210118135934","is_ascension_mode":true,"campfire_choices":[{"data":"bronze:Goto","floor":1.0,"key":"SMITH"},{"floor":8.0,"key":"REST"},{"data":"bronze:Library","floor":18.0,"key":"SMITH"},{"data":"bronze:ItsAFeature","floor":30,"key":"SMITH"},{"floor":35,"key":"RECALL"},{"data":"bronze:BuggyMess","floor":40,"key":"SMITH"}],"circlet_count":0,"master_deck":["bronze:Defend+1","bronze:Defend","bronze:Defend","bronze:Defend+1","bronze:Replicate","bronze:Goto+1","bronze:BugBarrage","bronze:OilSpill","bronze:MaxOutput","bronze:MaxOutput","bronze:BuggyMess+1","bronze:WhirlingStrike","bronze:FineTuning+1","Evolve+1","bronze:Turbo","bronze:Library+1","bronze:Frontload+1","bronze:WildBeam","bronze:Frontload+1","bronze:InfiniteBeams","bronze:Optimize","bronze:BugBarrage+1","bronze:ItsAFeature+1","bronze:BugBarrage+1","bronze:CleanCode","bronze:Shield+1","bronze:InfiniteBeams+1","bronze:Repulsor","bronze:Boost","bronze:Verify","bronze:InfiniteBeams","bronze:Refactor+1"],"relics":["bronze:BronzeCore","War Paint","Bag of Preparation","Vajra","Oddly Smooth Stone","The Courier","SlaversCollar","Nilry\u0027s Codex","WingedGreaves","Bird Faced Urn","Lee\u0027s Waffle","champ:Barbells","Black Star","Kunai","Letter Opener","bronze:ProtectiveGoggles","Art of War","InkBottle","MealTicket","Juzu Bracelet","StoneCalendar"],"acts_visited":["Exordium","TheCity","TheBeyond"],"potions_floor_usage":[26,28,29,44,48],"damage_taken":[{"damage":0.0,"enemies":"Cultist","floor":2.0,"turns":3.0},{"damage":2.0,"enemies":"Jaw Worm","floor":3.0,"turns":3.0},{"damage":0.0,"enemies":"2 Louse","floor":4.0,"turns":3.0},{"damage":0.0,"enemies":"Large Slime","floor":5.0,"turns":4.0},{"damage":34.0,"enemies":"3 Sentries","floor":6.0,"turns":8.0},{"damage":12.0,"enemies":"Lagavulin","floor":9.0,"turns":5.0},{"damage":5.0,"enemies":"3 Sentries","floor":12.0,"turns":3.0},{"damage":0.0,"enemies":"3 Louse","floor":13.0,"turns":2.0},{"damage":0.0,"enemies":"2 Fungi Beasts","floor":15.0,"turns":2.0},{"damage":11.0,"enemies":"IC_STATUS_ARCHETYPE","floor":16.0,"turns":5.0},{"damage":8.0,"enemies":"Shell Parasite","floor":19.0,"turns":5.0},{"damage":0.0,"enemies":"downfall:FleeingMerchant","floor":23.0,"turns":4.0},{"damage":0,"enemies":"downfall:FleeingMerchant","floor":26,"turns":4},{"damage":0,"enemies":"downfall:FleeingMerchant","floor":27,"turns":1},{"damage":14,"enemies":"Snake Plant","floor":28,"turns":5},{"damage":6,"enemies":"Snecko","floor":29,"turns":4},{"damage":0,"enemies":"Centurion and Healer","floor":32,"turns":5},{"damage":7,"enemies":"SI_MIRROR_ARCHETYPE","floor":33,"turns":6},{"damage":0,"enemies":"3 Darklings","floor":36,"turns":3},{"damage":0,"enemies":"Orb Walker","floor":42,"turns":3},{"damage":0,"enemies":"Nemesis","floor":43,"turns":5},{"damage":0,"enemies":"Sphere and 2 Shapes","floor":44,"turns":4},{"damage":48,"enemies":"Reptomancer","floor":45,"turns":5},{"damage":30,"enemies":"Spire Growth","floor":46,"turns":6},{"damage":14,"enemies":"Writhing Mass","floor":47,"turns":6},{"damage":0,"enemies":"Giant Head","floor":48,"turns":5},{"damage":11,"enemies":"Jaw Worm Horde","floor":49,"turns":3},{"damage":14,"enemies":"WA_ARCHETYPE_DIVINITY","floor":50,"turns":11}],"seed_played":"-2666604613577180203","potions_obtained":[{"floor":3.0,"key":"Swift Potion"},{"floor":4.0,"key":"bronze:FreeFunctionsPotion"},{"floor":5.0,"key":"Explosive Potion"},{"floor":9.0,"key":"DistilledChaos"},{"floor":13.0,"key":"Energy Potion"},{"floor":19.0,"key":"Slimebound:ThreeZeroPotion"},{"floor":28,"key":"Fruit Juice"},{"floor":31,"key":"CultistPotion"},{"floor":36,"key":"Slimebound:ThreeZeroPotion"},{"floor":46,"key":"Strength Potion"},{"floor":49,"key":"champ:CounterPotion"}],"is_trial":false,"path_per_floor":["R","M","M","M","M","E","T","R","E","?","?","E","M","?","M","B",null,"R","M","?","?","?","$","T","?","$","$","M","M","R","?","M","B",null,"R","M","?","?","$","R","T","M","E","M","E","M","M","E","M","B",null],"character_chosen":"THE_AUTOMATON","items_purchased":["Bird Faced Urn","Lee\u0027s Waffle","bronze:InfiniteBeams","bronze:Optimize","Block Potion","bronze:ItsAFeature","champ:Barbells","Kunai"],"campfire_rested":1,"item_purchase_floors":[26,26,26,26,26,27,27,39],"current_hp_per_floor":[70,70,68,68,68,34,34,55,43,43,43,38,38,36,36,25,70,70,62,46,46,46,46,46,46,77,77,72,78,78,78,82,82,82,82,82,82,82,82,82,82,82,82,82,41,37,37,55,60,64],"gold":266,"neow_bonus":"RANDOM_COMMON_RELIC","is_daily":false,"chose_seed":false,"campfire_upgraded":4,"win_rate":0.0,"timestamp":1610996374,"path_taken":["R","M","M","?","M","E","T","R","E","?","?","E","M","?","M","BOSS","R","M","?","?","?","$","T","?","$","$","M","M","R","?","M","BOSS","R","M","?","?","?","R","T","M","E","M","E","M","?","E","M","BOSS"],"items_purchased_type":["Relic","Relic","Card","Card","Potion","Card","Relic","Relic"],"build_version":"2020-12-22","purchased_purges":2,"victory":true,"max_hp_per_floor":[70,70,70,70,70,70,70,70,70,70,70,70,70,70,70,70,70,70,70,70,70,70,70,70,70,77,77,82,82,82,82,82,82,82,82,82,82,82,82,82,82,82,82,82,82,82,82,82,82,82],"relic_stats":{"Lee\u0027s Waffle":31,"counters":[28,123],"StoneCalendar":[52],"Bag of Preparation":[46],"Juzu Bracelet":0,"Letter Opener":[111],"War Paint":["bronze:Defend","bronze:Defend"],"Bird Faced Urn":[126],"MealTicket":0,"Black Star":3,"Art of War":[8],"Kunai":[26],"obtain_stats":[{"champ:Barbells":27,"Lee\u0027s Waffle":26,"bronze:BronzeCore":0,"Nilry\u0027s Codex":20,"Vajra":7,"Oddly Smooth Stone":9,"StoneCalendar":48,"The Courier":12,"Bag of Preparation":6,"Juzu Bracelet":48,"Letter Opener":41,"War Paint":0,"SlaversCollar":17,"bronze:ProtectiveGoggles":43,"Bird Faced Urn":26,"MealTicket":45,"WingedGreaves":24,"Black Star":34,"Art of War":43,"Kunai":39,"InkBottle":45},{"champ:Barbells":14,"Lee\u0027s Waffle":13,"bronze:BronzeCore":0,"Nilry\u0027s Codex":11,"Vajra":5,"Oddly Smooth Stone":6,"StoneCalendar":26,"The Courier":7,"Bag of Preparation":5,"Juzu Bracelet":26,"Letter Opener":19,"War Paint":0,"SlaversCollar":10,"bronze:ProtectiveGoggles":21,"Bird Faced Urn":13,"MealTicket":23,"WingedGreaves":12,"Black Star":18,"Art of War":21,"Kunai":19,"InkBottle":23},{"champ:Barbells":52,"Lee\u0027s Waffle":51,"bronze:BronzeCore":0,"Nilry\u0027s Codex":43,"Vajra":21,"Oddly Smooth Stone":26,"StoneCalendar":109,"The Courier":29,"Bag of Preparation":21,"Juzu Bracelet":109,"Letter Opener":75,"War Paint":0,"SlaversCollar":38,"bronze:ProtectiveGoggles":83,"Bird Faced Urn":51,"MealTicket":92,"WingedGreaves":47,"Black Star":72,"Art of War":83,"Kunai":75,"InkBottle":92}],"InkBottle":[15]},"card_choices":[{"not_picked":["bronze:ChosenStrike","bronze:Return"],"picked":"bronze:BugBarrage","floor":2.0},{"not_picked":["bronze:ForceShield","bronze:BuggyMess"],"picked":"bronze:OilSpill","floor":3.0},{"not_picked":["bronze:InfiniteBeams","bronze:DelayedSlice"],"picked":"bronze:MaxOutput","floor":4.0},{"not_picked":["bronze:OilSpill","bronze:FineTuning"],"picked":"bronze:MaxOutput","floor":5.0},{"not_picked":["bronze:Overload","bronze:ForceShield"],"picked":"bronze:BuggyMess","floor":6.0},{"not_picked":["bronze:Branch","bronze:NullPointer"],"picked":"bronze:WhirlingStrike","floor":9.0},{"not_picked":["bronze:DelayedSlice","bronze:ClassDefault"],"picked":"bronze:FineTuning","floor":12.0},{"not_picked":["bronze:WhirlingStrike","bronze:Overheat","bronze:GetLatest"],"picked":"SKIP","floor":13.0},{"not_picked":["bronze:ChosenStrike","bronze:FollowUp"],"picked":"bronze:Turbo","floor":15.0},{"not_picked":["bronze:ThunderWave","bronze:InfiniteLoop"],"picked":"bronze:Library","floor":16.0},{"not_picked":["bronze:ForceShield+1","bronze:OilSpill"],"picked":"bronze:Frontload+1","floor":19.0},{"not_picked":["bronze:WhirlingStrike+1","bronze:Iterate+1","bronze:WildBeam"],"picked":"SKIP","floor":23},{"not_picked":["bronze:WhirlingStrike+1","bronze:Iterate+1","bronze:WildBeam"],"picked":"SKIP","floor":23},{"not_picked":["bronze:FindAndReplace","bronze:Philosophize"],"picked":"bronze:Frontload+1","floor":26},{"not_picked":["bronze:Terminator","bronze:Separator+1"],"picked":"bronze:BugBarrage","floor":27},{"not_picked":["bronze:Overload","bronze:DelayedSlice"],"picked":"bronze:BugBarrage","floor":28},{"not_picked":["bronze:DelayedSlice+1","bronze:Terminator","bronze:NullPointer"],"picked":"SKIP","floor":29},{"not_picked":["bronze:Shield","bronze:BugBarrage+1","bronze:Repair"],"picked":"SKIP","floor":32},{"not_picked":["bronze:Format","bronze:SpaghettiCode"],"picked":"bronze:CleanCode","floor":33},{"not_picked":["bronze:ChosenStrike","bronze:Branch"],"picked":"bronze:Shield+1","floor":36},{"not_picked":["bronze:Shield+1","bronze:Optimize"],"picked":"bronze:InfiniteBeams+1","floor":42},{"not_picked":["bronze:Shield","bronze:Turbo+1","bronze:OilSpill"],"picked":"SKIP","floor":43},{"not_picked":["bronze:MaxOutput+1","bronze:NullPointer"],"picked":"bronze:Repulsor","floor":44},{"not_picked":["bronze:Branch+1","bronze:DelayedSlice","bronze:Overload+1"],"picked":"SKIP","floor":45},{"not_picked":["bronze:WildBeam","bronze:Overheat+1"],"picked":"bronze:Boost","floor":46},{"not_picked":["bronze:ClassDefault+1","bronze:Deprecate+1"],"picked":"bronze:Verify","floor":47},{"not_picked":["bronze:OilSpill+1","bronze:DelayedSlice+1"],"picked":"bronze:InfiniteBeams","floor":48},{"not_picked":["bronze:WildBeam","bronze:OilSpill+1"],"picked":"bronze:Refactor+1","floor":49}],"player_experience":1603680,"relics_obtained":[{"floor":6.0,"key":"Bag of Preparation"},{"floor":7.0,"key":"Vajra"},{"floor":9.0,"key":"Oddly Smooth Stone"},{"floor":12.0,"key":"The Courier"},{"floor":20.0,"key":"Nilry\u0027s Codex"},{"floor":24,"key":"WingedGreaves"},{"floor":41,"key":"Letter Opener"},{"floor":43,"key":"bronze:ProtectiveGoggles"},{"floor":43,"key":"Art of War"},{"floor":45,"key":"InkBottle"},{"floor":45,"key":"MealTicket"},{"floor":48,"key":"Juzu Bracelet"},{"floor":48,"key":"StoneCalendar"}],"event_choices":[{"damage_healed":0.0,"max_hp_gain":0.0,"max_hp_loss":0.0,"gold_gain":0.0,"event_name":"betterThird:BetterScrap","player_choice":"Card ","floor":14.0,"gold_loss":0.0,"damage_taken":2.0,"cards_obtained":["Evolve"]}],"is_beta":false,"boss_relics":[{"not_picked":["Snecko Eye","Empty Cage"],"picked":"SlaversCollar"},{"not_picked":["Philosopher\u0027s Stone","SacredBark"],"picked":"Black Star"}],"items_purged_floors":[26,27],"is_endless":false,"potions_floor_spawned":[3,4,5,9,13,19,28,36,43,46,49],"ascension_level":3}}