{"host":"l4he167voxkef95j","time":1610990282,"event":{"mods":["BaseMod","Infinite Spire","Minty Spire (QoL Compilation)","Rare Cards Sparkle","StSLib"],"gold_per_floor":[112,112,112,130,205,205,230,246,246,246,256,271,283,320,320,422,422,404,404,424,444,51,51,51],"floor_reached":23,"language":"RUS","playtime":885,"items_purged":[],"score":185,"play_id":"1cdcaf75-6220-4bf9-b589-7c3865336d90","local_time":"20210118211802","is_ascension_mode":false,"campfire_choices":[{"data":"Perfected Strike","floor":6.0,"key":"SMITH"},{"data":"Bash","floor":10.0,"key":"SMITH"},{"floor":15.0,"key":"REST"}],"circlet_count":0,"master_deck":["Strike_R","Strike_R","Strike_R","Strike_R","Strike_R","Defend_R","Defend_R","Defend_R","Defend_R","Bash+1","Bloodletting","Pain","Perfected Strike+1","Pommel Strike","Inflame","Berserk","Carnage","Thunderclap","Corruption","CurseOfTheBell","Anger+1","Havoc","Shrug It Off","Spot Weakness","Clash+1","Warcry+1","Limit Break","Heavy Blade"],"relics":["Burning Blood","Tiny Chest","WarpedTongs","Smiling Mask","infinitespire:CursedDice","Calling Bell","Orichalcum","Sundial","Bird Faced Urn","Nilry\u0027s Codex","Self Forming Clay","Orrery"],"acts_visited":["Exordium","TheCity"],"potions_floor_usage":[20,21],"damage_taken":[{"damage":2.0,"enemies":"Small Slimes","floor":1.0,"turns":5.0},{"damage":9.0,"enemies":"Cultist","floor":4.0,"turns":4.0},{"damage":14.0,"enemies":"Jaw Worm","floor":8.0,"turns":2.0},{"damage":4.0,"enemies":"Red Slaver","floor":11.0,"turns":3.0},{"damage":4.0,"enemies":"Looter","floor":12.0,"turns":2.0},{"damage":26.0,"enemies":"Lots of Slimes","floor":13.0,"turns":4.0},{"damage":8.0,"enemies":"Exordium Thugs","floor":14.0,"turns":2.0},{"damage":52,"enemies":"The Guardian","floor":16,"turns":9},{"damage":44,"enemies":"2 Thieves","floor":18,"turns":4},{"damage":26,"enemies":"Chosen","floor":20,"turns":7},{"damage":19,"enemies":"Centurion and Healer","floor":21,"turns":5},{"damage":45,"enemies":"Nightmare","floor":23,"turns":9}],"seed_played":"-4592795104343102777","potions_obtained":[{"floor":4.0,"key":"infinitespire:BlackPotion"},{"floor":11.0,"key":"LiquidMemories"},{"floor":12.0,"key":"ColorlessPotion"},{"floor":14.0,"key":"SpeedPotion"},{"floor":20,"key":"LiquidMemories"}],"is_trial":false,"path_per_floor":["M","?","$","M","?","R","T","M","T","R","M","M","M","M","R","B",null,"M","?","M","M","$","NM"],"character_chosen":"IRONCLAD","items_purchased":["Self Forming Clay","Orrery"],"campfire_rested":1,"item_purchase_floors":[22,22],"current_hp_per_floor":[80,80,80,77,66,66,66,58,58,58,60,62,42,40,64,18,80,46,30,12,39,39,0,0],"gold":51,"neow_bonus":"RANDOM_COMMON_RELIC","is_daily":false,"chose_seed":false,"campfire_upgraded":2,"win_rate":0.0,"timestamp":1610990282,"path_taken":["M","?","?","M","?","R","?","M","T","R","?","M","M","M","R","BOSS","M","?","M","M","$","NM"],"items_purchased_type":["Relic","Relic"],"build_version":"2020-12-22","purchased_purges":0,"victory":false,"max_hp_per_floor":[80,80,80,80,80,80,80,80,80,80,80,80,80,80,80,80,80,80,80,80,80,80,80,80],"card_choices":[{"not_picked":["Rage","True Grit"],"picked":"Bloodletting","floor":1.0},{"not_picked":["Battle Trance","Dual Wield"],"picked":"Perfected Strike","floor":4.0},{"not_picked":["Warcry","Disarm"],"picked":"Pommel Strike","floor":8.0},{"not_picked":["Iron Wave","Pommel Strike"],"picked":"Inflame","floor":11.0},{"not_picked":["Clash","Pommel Strike"],"picked":"Berserk","floor":12.0},{"not_picked":["Perfected Strike","Reckless Charge"],"picked":"Carnage","floor":13.0},{"not_picked":["Sword Boomerang","Clash"],"picked":"Thunderclap","floor":14.0},{"not_picked":["Barricade","Bludgeon"],"picked":"Corruption","floor":16},{"not_picked":["Body Slam","Thunderclap"],"picked":"Anger+1","floor":18},{"not_picked":["Battle Trance","True Grit"],"picked":"Havoc","floor":20},{"not_picked":["Clothesline","Brutality"],"picked":"Shrug It Off","floor":21},{"not_picked":["Second Wind+1","True Grit"],"picked":"Spot Weakness","floor":22},{"not_picked":["Intimidate","Sentinel+1"],"picked":"Clash+1","floor":22},{"not_picked":["Anger","Twin Strike"],"picked":"Warcry+1","floor":22},{"not_picked":["Ghostly Armor","Entrench+1"],"picked":"Limit Break","floor":22},{"not_picked":["Twin Strike","Wild Strike"],"picked":"Heavy Blade","floor":22}],"player_experience":174538,"relics_obtained":[{"floor":7.0,"key":"Smiling Mask"},{"floor":9.0,"key":"infinitespire:CursedDice"},{"floor":17,"key":"Orichalcum"},{"floor":17,"key":"Sundial"},{"floor":17,"key":"Bird Faced Urn"},{"floor":19,"key":"Nilry\u0027s Codex"}],"event_choices":[{"damage_healed":0.0,"max_hp_gain":0.0,"max_hp_loss":0.0,"gold_gain":0.0,"event_name":"Accursed Blacksmith","player_choice":"Rummage","floor":2.0,"gold_loss":0.0,"damage_taken":0.0,"relics_obtained":["WarpedTongs"],"cards_obtained":["Pain"]},{"damage_healed":0.0,"max_hp_gain":0.0,"max_hp_loss":0.0,"gold_gain":75.0,"event_name":"World of Goop","player_choice":"Gather Gold","floor":5.0,"gold_loss":0.0,"damage_taken":11.0},{"damage_healed":0,"gold_gain":0,"player_choice":"Obtained Book","damage_taken":16,"max_hp_gain":0,"max_hp_loss":0,"event_name":"Cursed Tome","floor":19,"gold_loss":0}],"is_beta":false,"boss_relics":[{"not_picked":["Coffee Dripper","Pandora\u0027s Box"],"picked":"Calling Bell"}],"items_purged_floors":[],"is_endless":false,"potions_floor_spawned":[4,11,12,13,14,20],"killed_by":"Nightmare","ascension_level":0}}