{"host":"af4pzp5tm7cfibaw","time":1610937829,"event":{"mods":["AchievementEnabler","BaseMod","BetterRewards","Highlight Path","Minty Spire (QoL Compilation)","StSLib","SuperFastMode"],"gold_per_floor":[111,122,122,184,204,239,239,265,289,319,282,256,256,272,272,370,370,390,390,211,230,250,250,53,53,53,71,71,71,21,21,21],"floor_reached":31,"language":"ENG","playtime":1950,"items_purged":["Strike_G","Strike_G"],"score":326,"play_id":"05155d60-e3a6-4223-9d91-60cfbc6936e4","local_time":"20210118154349","is_ascension_mode":true,"campfire_choices":[{"floor":7,"key":"REST"},{"floor":15,"key":"REST"},{"floor":23,"key":"REST"},{"data":"Deep Breath","floor":25,"key":"SMITH"},{"floor":29,"key":"REST"}],"circlet_count":0,"master_deck":["Strike_G","Strike_G","Strike_G","Defend_G","Defend_G","Defend_G","Defend_G","Survivor","Neutralize+1","Underhanded Strike","Tactician","Flying Knee+1","Acrobatics","Dodge and Roll","Infinite Blades","Footwork","Backflip","Footwork","Footwork","Footwork","Malaise","Prepared","Footwork","Prepared+1","Acrobatics","Concentrate","Deep Breath+1","Quick Slash+1","Writhe","Blur+1"],"relics":["Ring of the Serpent","Dream Catcher","Whetstone","Vajra","Potion Belt","Incense Burner","GremlinMask","Lantern","Paper Crane","Oddly Smooth Stone"],"acts_visited":["TheCity"],"potions_floor_usage":[10,22],"damage_taken":[{"damage":1.0,"enemies":"Jaw Worm","floor":1.0,"turns":6.0},{"damage":0,"enemies":"Small Slimes","floor":2,"turns":3},{"damage":0,"enemies":"Cultist","floor":5,"turns":3},{"damage":38,"enemies":"Gremlin Nob","floor":6,"turns":5},{"damage":23,"enemies":"3 Sentries","floor":8,"turns":8},{"damage":7,"enemies":"Gremlin Nob","floor":10,"turns":4},{"damage":1,"enemies":"Blue Slaver","floor":14,"turns":4},{"damage":30,"enemies":"Hexaghost","floor":16,"turns":15},{"damage":24,"enemies":"Spheric Guardian","floor":18,"turns":10},{"damage":12,"enemies":"Chosen","floor":21,"turns":8},{"damage":4,"enemies":"Snake Plant","floor":22,"turns":7},{"damage":22,"enemies":"Centurion and Healer","floor":27,"turns":10},{"damage":30,"enemies":"Sentry and Sphere","floor":31,"turns":5}],"seed_played":"1688759931428945563","potions_obtained":[{"floor":1.0,"key":"Strength Potion"},{"floor":2,"key":"Ancient Potion"},{"floor":14,"key":"Dexterity Potion"},{"floor":16,"key":"EssenceOfSteel"},{"floor":18,"key":"Weak Potion"},{"floor":27,"key":"Strength Potion"}],"is_trial":false,"path_per_floor":["M","M","?","?","M","E","R","E","T","E","$","?","?","M","R","B",null,"M","T","$","M","M","R","$","R","T","M","?","R","?","M"],"character_chosen":"THE_SILENT","items_purchased":["Footwork","Prepared","Footwork","Deep Breath"],"campfire_rested":4,"item_purchase_floors":[11,20,20,24],"current_hp_per_floor":[69,69,69,69,69,31,52,29,29,22,22,22,22,21,42,12,70,46,46,46,34,30,51,51,51,51,29,29,50,50,20,20],"gold":21,"neow_bonus":"RANDOM_COMMON_RELIC","is_daily":false,"chose_seed":false,"campfire_upgraded":1,"win_rate":0.0,"timestamp":1610937829,"path_taken":["M","M","?","?","?","E","R","E","T","E","?","?","?","M","R","BOSS","M","?","?","M","M","R","$","R","T","M","?","R","?","M"],"items_purchased_type":["Card","Card","Card","Card"],"build_version":"2020-12-22","purchased_purges":2,"victory":false,"max_hp_per_floor":[70,70,70,70,70,70,70,70,70,70,70,70,70,70,70,70,70,70,70,70,70,70,70,70,70,70,70,70,70,70,70,70],"card_choices":[{"not_picked":["Backstab","Dash"],"picked":"Underhanded Strike","floor":1.0},{"not_picked":["Dagger Throw","Eviscerate"],"picked":"Tactician","floor":2},{"not_picked":["Flying Knee","Deflect"],"picked":"Acrobatics","floor":5},{"not_picked":["Dagger Spray","Expertise"],"picked":"Dodge and Roll","floor":6},{"not_picked":["Masterful Stab","Riddle With Holes"],"picked":"Infinite Blades","floor":7},{"not_picked":["PiercingWail","Flying Knee"],"picked":"Footwork","floor":8},{"not_picked":["Doppelganger","Quick Slash"],"picked":"Backflip","floor":10},{"not_picked":["Flying Knee","Cloak And Dagger"],"picked":"Footwork","floor":14},{"not_picked":["Setup","Deflect"],"picked":"Footwork","floor":15},{"not_picked":["Doppelganger","Venomology"],"picked":"Malaise","floor":16},{"not_picked":["Dagger Spray","Outmaneuver","Dash+1"],"picked":"SKIP","floor":18},{"not_picked":["Deadly Poison","Eviscerate+1"],"picked":"Prepared+1","floor":21},{"not_picked":["Deadly Poison","Quick Slash+1"],"picked":"Acrobatics","floor":22},{"not_picked":["Slice","Predator"],"picked":"Concentrate","floor":23},{"not_picked":["PiercingWail+1","Deflect"],"picked":"Quick Slash+1","floor":27},{"not_picked":["Deadly Poison+1","Quick Slash"],"picked":"Blur+1","floor":29}],"player_experience":293465,"relics_obtained":[{"floor":6,"key":"Whetstone"},{"floor":8,"key":"Vajra"},{"floor":9,"key":"Potion Belt"},{"floor":10,"key":"Incense Burner"},{"floor":19,"key":"Lantern"},{"floor":26,"key":"Paper Crane"}],"event_choices":[{"damage_healed":0,"gold_gain":0,"cards_transformed":["Defend_G"],"player_choice":"Change","damage_taken":0,"max_hp_gain":0,"max_hp_loss":0,"event_name":"Living Wall","floor":3,"gold_loss":0,"cards_obtained":["Flying Knee"]},{"damage_healed":0,"gold_gain":62,"player_choice":"Gained Gold","damage_taken":0,"max_hp_gain":0,"max_hp_loss":0,"event_name":"Golden Wing","floor":4,"gold_loss":0},{"damage_healed":0,"gold_gain":0,"player_choice":"Left Gold","damage_taken":0,"max_hp_gain":0,"max_hp_loss":0,"event_name":"World of Goop","floor":12,"gold_loss":26},{"damage_healed":0,"gold_gain":0,"player_choice":"Trade","damage_taken":0,"relics_obtained":["GremlinMask"],"max_hp_gain":0,"max_hp_loss":0,"event_name":"FaceTrader","floor":13,"gold_loss":0},{"damage_healed":0,"gold_gain":0,"player_choice":"Opened","damage_taken":0,"relics_obtained":["Oddly Smooth Stone"],"max_hp_gain":0,"max_hp_loss":0,"event_name":"The Mausoleum","floor":28,"gold_loss":0,"cards_obtained":["Writhe"]},{"damage_healed":0,"gold_gain":0,"player_choice":"Bet on Owner","damage_taken":0,"max_hp_gain":0,"max_hp_loss":0,"event_name":"The Joust","floor":30,"gold_loss":50}],"is_beta":false,"boss_relics":[{"not_picked":["SacredBark","HoveringKite"],"picked":"Ring of the Serpent"}],"items_purged_floors":[20,24],"is_endless":false,"potions_floor_spawned":[1,2,14,16,18,27],"killed_by":"Sentry and Sphere","ascension_level":4}}