{"host":"bf9sa99gaumonoeu","time":1610990476,"event":{"mods":["AchievementEnabler","Act Like it!","Aspiration","BaseMod","Bestiary","Better Note","Block Reminder","Colored Map","Colored Powertips","Fox Events","Friendly Minions","Gensokyo","GifTheSpireLib","Googly Eyes","Hallownest","Hermit","Highlight Path","Hubris","Jorbs\u0027s Wanderer Trilogy","KinomotoSakuraMod(????)","Koishi","Marisa????????","Minty Spire (QoL Compilation)","Rare Cards Sparkle","Reimu??????","Relic Stats","Remilia??????","Replay The Spire","StS++","StSLib","The Administrix","The Animator","The Blue Laboratory","The Bug Knight","The Construct","The Cursed","The Hierophant","The Mystic","The Necromancer","The Poker Player","The Runesmith","The Senshi","The Servant 0.9.4"],"gold_per_floor":[119,130,140,150,120,120,146,161,161,33,33,65,65,65,65,139,139,150,150,38,28,28,28,28,28],"floor_reached":24,"language":"ENG","playtime":1098,"items_purged":["Strike_G"],"score":408,"play_id":"cdb1ec75-b8af-4b3b-930e-9b9a4da6874c","local_time":"20210118152116","is_ascension_mode":true,"campfire_choices":[{"data":"Bane","floor":6.0,"key":"SMITH"},{"floor":11.0,"key":"REST"},{"data":"Bouncing Flask","floor":13.0,"key":"SMITH"},{"floor":15.0,"key":"REST"},{"data":"Burst","floor":23.0,"key":"SMITH"}],"circlet_count":0,"master_deck":["AscendersBane","Strike_G","Strike_G","Strike_G","Strike_G","Defend_G","Defend_G","Defend_G","Defend_G","Defend_G","Survivor","Neutralize","Cloak And Dagger","Skewer","Bane+1","Deadly Poison","Bane","ReplayTheSpireMod:Scrap Shanks","Bouncing Flask+1","Burst+1","Sucker Punch","Backflip","Calculated Gamble"],"relics":["Ring of the Snake","Quantum Egg","Meat on the Bone","Replay:Bottled Snecko","hubris:Towel","Ring of Chaos"],"acts_visited":["Exordium","TheCity"],"potions_floor_usage":[24],"damage_taken":[{"damage":7.0,"enemies":"Small Slimes","floor":1.0,"turns":4.0},{"damage":1.0,"enemies":"Cultist","floor":2.0,"turns":4.0},{"damage":0.0,"enemies":"2 Louse","floor":3.0,"turns":3.0},{"damage":0.0,"enemies":"2 Fungi Beasts","floor":4.0,"turns":4.0},{"damage":29.0,"enemies":"3 Sentries","floor":7.0,"turns":9.0},{"damage":11.0,"enemies":"Blue Slaver","floor":8.0,"turns":4.0},{"damage":16.0,"enemies":"Lagavulin","floor":12.0,"turns":5.0},{"damage":31.0,"enemies":"The Guardian","floor":16.0,"turns":9.0},{"damage":15.0,"enemies":"Chosen","floor":18.0,"turns":5.0},{"damage":16.0,"enemies":"2 Thieves","floor":21.0,"turns":4.0},{"damage":44,"enemies":"Gremlin Leader","floor":24,"turns":4}],"seed_played":"-5817601474986256073","potions_obtained":[{"floor":3.0,"key":"blueLaboratory:HummingbirdPotion"},{"floor":5.0,"key":"ColorlessPotion"},{"floor":8.0,"key":"blueLaboratory:BottledHope"},{"floor":12.0,"key":"LifebloodPotion"},{"floor":21.0,"key":"blueLaboratory:BottleOfRum"}],"is_trial":false,"path_per_floor":["M","M","M","M","?","R","E","M","T","$","R","E","R","?","R","B",null,"M","?","$","M","?","R","E"],"character_chosen":"THE_SILENT","items_purchased":["SteroidPotion","Backflip","blueLaboratory:BlinkPotion"],"campfire_rested":2,"item_purchase_floors":[10,20,20],"current_hp_per_floor":[58,57,57,57,57,57,28,17,17,17,38,34,34,34,55,36,63,48,48,48,44,44,44,0,0],"gold":28,"neow_bonus":"TEN_PERCENT_HP_BONUS","is_daily":false,"chose_seed":false,"campfire_upgraded":3,"win_rate":0.0,"timestamp":1610990476,"path_taken":["M","M","M","M","?","R","E","M","T","?","R","E","R","?","R","BOSS","M","?","$","M","?","R","E"],"items_purchased_type":["Potion","Card","Potion"],"build_version":"2020-12-22","purchased_purges":1,"victory":false,"max_hp_per_floor":[72,72,72,72,72,72,72,72,72,72,72,72,72,72,72,72,72,72,72,72,72,72,72,72,72],"relic_stats":{"counters":[11,55],"obtain_stats":[{"Quantum Egg":7,"Ring of Chaos":17,"Replay:Bottled Snecko":12,"hubris:Towel":14,"Ring of the Snake":0,"Meat on the Bone":9},{"Quantum Egg":5,"Ring of Chaos":8,"Replay:Bottled Snecko":7,"hubris:Towel":7,"Ring of the Snake":0,"Meat on the Bone":6},{"Quantum Egg":24,"Ring of Chaos":42,"Replay:Bottled Snecko":33,"hubris:Towel":33,"Ring of the Snake":0,"Meat on the Bone":28}],"Ring of the Snake":[22],"Meat on the Bone":36},"card_choices":[{"not_picked":["hubris:SlightOfHand","Dodge and Roll"],"picked":"Cloak And Dagger","floor":1.0},{"not_picked":["Catalyst","Underhanded Strike"],"picked":"Skewer","floor":2.0},{"not_picked":["StSpp:Dive","Acrobatics"],"picked":"Bane","floor":3.0},{"not_picked":["StSpp:Throw","Slice"],"picked":"Deadly Poison","floor":4.0},{"not_picked":["ReplayTheSpireMod:Shiv Toss","ReplayTheSpireMod:The Works"],"picked":"Bane","floor":7.0},{"not_picked":["Dagger Spray","Skewer"],"picked":"ReplayTheSpireMod:Scrap Shanks","floor":8.0},{"not_picked":["Flying Knee","aspiration:Lunge"],"picked":"Bouncing Flask","floor":12.0},{"not_picked":["Tools of the Trade","Venomology"],"picked":"Burst","floor":16.0},{"not_picked":["StSpp:StrikeFirst","Outmaneuver"],"picked":"Sucker Punch","floor":18.0},{"not_picked":["PiercingWail","Bane"],"picked":"Calculated Gamble","floor":21.0}],"player_experience":985088,"relics_obtained":[{"floor":7.0,"key":"Quantum Egg"},{"floor":9.0,"key":"Meat on the Bone"},{"floor":12.0,"key":"Replay:Bottled Snecko"}],"event_choices":[{"damage_healed":0.0,"max_hp_gain":0.0,"max_hp_loss":0.0,"gold_gain":0.0,"event_name":"The Woman in Blue","player_choice":"Bought 2 Potions","floor":5.0,"gold_loss":0.0,"damage_taken":0.0},{"damage_healed":0.0,"max_hp_gain":0.0,"max_hp_loss":0.0,"gold_gain":0.0,"event_name":"betterNote:BetterNote","player_choice":"Ignored","floor":19.0,"gold_loss":0.0,"damage_taken":0.0,"cards_obtained":["ReplayTheSpireMod:Scrap Shanks"]}],"is_beta":false,"boss_relics":[{"not_picked":["aspiration:FutureDiary","aspiration:MobileForge"],"picked":"Ring of Chaos"}],"items_purged_floors":[10],"is_endless":false,"potions_floor_spawned":[3,8,12,21],"killed_by":"Gremlin Leader","ascension_level":20}}