{"host":"e1wc9sdc4kdvhg3d","time":1610932387,"event":{"mods":["AchievementEnabler","BaseMod","BetterRewards","Highlight Path","Minty Spire (QoL Compilation)","Relic Stats","StSLib"],"gold_per_floor":[117,117,82,94,94,127,127,159,159,170,170,189,45,117,117,214,214,232,232,25,43,43,68,68,100,171,171,86,103,129,140,140,244,244,259,259,309,319,269,302,315,341,341,367,367,378,378,411,411,411],"floor_reached":51,"language":"ENG","playtime":2843,"items_purged":["Strike_G","Strike_G"],"score":1586,"play_id":"e3bd28ec-abfa-4266-b8f9-15c7f57f6f6c","local_time":"20210117191307","is_ascension_mode":true,"campfire_choices":[{"data":"Leg Sweep","floor":7,"key":"SMITH"},{"data":"Noxious Fumes","floor":11,"key":"SMITH"},{"floor":15,"key":"REST"},{"data":"Footwork","floor":24,"key":"SMITH"},{"data":"Deflect","floor":27,"key":"SMITH"},{"data":"Noxious Fumes","floor":32,"key":"SMITH"},{"data":"Blade Dance","floor":49,"key":"SMITH"}],"circlet_count":0,"master_deck":["AscendersBane","Strike_G","Strike_G","Strike_G","Defend_G+1","Defend_G+1","Defend_G","Defend_G","Survivor","Neutralize","Noxious Fumes+1","Footwork+1","Noxious Fumes","Noxious Fumes+1","Leg Sweep+1","Dash","Catalyst","Sucker Punch","Venomology","CurseOfTheBell","Caltrops","Deflect+1","Adrenaline","Blade Dance+1","After Image","Blade Dance+1","Madness","Madness"],"relics":["Ring of the Snake","Singing Bowl","Tough Bandages","ClockworkSouvenir","Mango","Smiling Mask","Letter Opener","Tiny Chest","Ornamental Fan","Snake Skull","Calling Bell","Oddly Smooth Stone","Pantograph","Bird Faced Urn","Gambling Chip","Bronze Scales","Ninja Scroll","Bottled Tornado","Blood Vial","Bottled Lightning","Ginger","War Paint","Busted Crown","Turnip","MealTicket","Unceasing Top","InkBottle","Nunchaku","Regal Pillow"],"acts_visited":["Exordium","TheCity","TheBeyond"],"potions_floor_usage":[6,12,23,33,35,37,40,41,42,42,42,46,48,48,50,50,50],"damage_taken":[{"damage":8,"enemies":"Small Slimes","floor":1,"turns":4},{"damage":0,"enemies":"Jaw Worm","floor":4,"turns":5},{"damage":18,"enemies":"Lagavulin","floor":6,"turns":7},{"damage":20,"enemies":"3 Sentries","floor":8,"turns":6},{"damage":6,"enemies":"2 Louse","floor":10,"turns":3},{"damage":10,"enemies":"Exordium Wildlife","floor":12,"turns":5},{"damage":13,"enemies":"The Guardian","floor":16,"turns":9},{"damage":18,"enemies":"3 Byrds","floor":18,"turns":5},{"damage":2,"enemies":"Chosen","floor":21,"turns":5},{"damage":22,"enemies":"Slavers","floor":23,"turns":5},{"damage":4,"enemies":"Gremlin Leader","floor":25,"turns":6},{"damage":1,"enemies":"Snake Plant","floor":29,"turns":3},{"damage":11,"enemies":"Slavers","floor":30,"turns":4},{"damage":9,"enemies":"3 Cultists","floor":31,"turns":4},{"damage":27,"enemies":"Automaton","floor":33,"turns":9},{"damage":12,"enemies":"Orb Walker","floor":35,"turns":4},{"damage":0,"enemies":"Mind Bloom Boss Battle","floor":37,"turns":7},{"damage":20,"enemies":"3 Darklings","floor":38,"turns":4},{"damage":43,"enemies":"Nemesis","floor":40,"turns":7},{"damage":5,"enemies":"Spire Growth","floor":41,"turns":6},{"damage":35,"enemies":"Reptomancer","floor":42,"turns":5},{"damage":0,"enemies":"4 Shapes","floor":46,"turns":3},{"damage":4,"enemies":"Giant Head","floor":48,"turns":8},{"damage":52,"enemies":"Awakened One","floor":50,"turns":11}],"seed_played":"-466386156155035759","potions_obtained":[{"floor":4,"key":"SkillPotion"},{"floor":6,"key":"ColorlessPotion"},{"floor":8,"key":"Weak Potion"},{"floor":16,"key":"Strength Potion"},{"floor":25,"key":"SmokeBomb"},{"floor":29,"key":"Regen Potion"},{"floor":30,"key":"SkillPotion"},{"floor":35,"key":"ColorlessPotion"},{"floor":42,"key":"ColorlessPotion"}],"is_trial":false,"path_per_floor":["M","?","?","M","?","E","R","E","T","M","R","M","$","?","R","B",null,"M","?","$","M","T","E","R","E","T","R","?","M","E","M","R","B",null,"M","?","?","M","$","E","M","E","T","T","$","M","?","E","R","B",null],"character_chosen":"THE_SILENT","items_purchased":["Noxious Fumes","Footwork","Singing Bowl","ClockworkSouvenir","Mango","Noxious Fumes","Snake Skull","Bronze Scales"],"campfire_rested":1,"item_purchase_floors":[0,0,0,0,0,0,13,20],"current_hp_per_floor":[71,76,91,91,84,66,66,46,46,40,40,30,30,30,57,44,79,69,69,69,77,77,65,65,71,71,71,71,84,85,90,90,70,90,87,87,101,89,89,62,86,67,67,67,82,96,82,94,94,61],"gold":411,"neow_bonus":"","is_daily":false,"chose_seed":false,"campfire_upgraded":6,"win_rate":0.0,"timestamp":1610932387,"path_taken":["M","?","?","M","?","E","R","E","T","?","R","M","$","?","R","BOSS","M","?","$","M","?","E","R","E","T","R","?","M","E","M","R","BOSS","M","?","?","M","$","E","M","E","T","?","$","?","?","E","R","BOSS"],"items_purchased_type":["Card","Card","Relic","Relic","Relic","Card","Relic","Relic"],"build_version":"2020-12-22","purchased_purges":2,"victory":true,"max_hp_per_floor":[86,91,91,91,91,91,91,91,91,91,91,91,91,91,91,91,91,91,91,91,91,91,93,93,93,93,93,93,95,95,97,97,97,97,99,99,101,103,103,105,105,107,107,107,107,109,109,111,111,111],"relic_stats":{"Regal Pillow":0,"Singing Bowl":38,"counters":[74,389],"Snake Skull":[196],"Letter Opener":[361],"Ginger":[12],"War Paint":["Deflect","Survivor","Defend_G","Defend_G"],"Smiling Mask":75,"Blood Vial":36,"Tough Bandages":[291],"Nunchaku":[37],"Busted Crown":16,"Ornamental Fan":[676],"Pantograph":30,"Bird Faced Urn":[137],"Gambling Chip":[39],"Bronze Scales":[324],"Tiny Chest":2,"MealTicket":15,"Turnip":[0],"obtain_stats":[{"Ice Cream":36,"Calipers":21,"Gremlin Horn":26,"Whetstone":14,"Ginger":10,"Bottled Tornado":23,"Old Coin":13,"Blood Vial":29,"Strawberry":0,"Philosopher\u0027s Stone":17,"MealTicket":40,"HandDrill":0,"Kunai":0,"Toxic Egg 2":48,"Blue Candle":23,"Oddly Smooth Stone":17,"Eternal Feather":9,"Pen Nib":9,"Letter Opener":40,"War Paint":19,"MutagenicStrength":21,"Bird Faced Urn":17,"Bronze Scales":20,"Ring of the Serpent":34,"Unceasing Top":42,"Regal Pillow":25,"Singing Bowl":0,"Mango":0,"Snake Skull":13,"Incense Burner":10,"Cursed Key":17,"Smiling Mask":9,"Burning Blood":0,"ClockworkSouvenir":0,"Dream Catcher":27,"Tough Bandages":0,"Nunchaku":23,"Matryoshka":8,"Mummified Hand":6,"Ninja Scroll":22,"Pantograph":17,"Gambling Chip":19,"Tiny Chest":2,"Red Mask":20,"InkBottle":43,"PreservedInsect":0,"The Courier":26,"Omamori":10,"MawBank":7,"Calling Bell":17,"Busted Crown":34,"Ornamental Fan":9,"Turnip":37,"Bottled Lightning":26},{"Ice Cream":43,"Calipers":11,"Gremlin Horn":13,"Whetstone":8,"Ginger":32,"Bottled Tornado":60,"Old Coin":7,"Blood Vial":40,"Strawberry":26,"Philosopher\u0027s Stone":35,"MealTicket":69,"HandDrill":26,"Kunai":26,"Toxic Egg 2":49,"Blue Candle":12,"Oddly Smooth Stone":57,"Eternal Feather":21,"Pen Nib":5,"Letter Opener":45,"War Paint":36,"MutagenicStrength":37,"Bird Faced Urn":57,"Bronze Scales":58,"Ring of the Serpent":42,"Unceasing Top":71,"Regal Pillow":13,"Singing Bowl":50,"Mango":50,"Snake Skull":56,"Incense Burner":22,"Cursed Key":9,"Smiling Mask":21,"Burning Blood":0,"ClockworkSouvenir":16,"Dream Catcher":14,"Tough Bandages":26,"Nunchaku":39,"Matryoshka":21,"Mummified Hand":20,"Ninja Scroll":59,"Pantograph":57,"Gambling Chip":58,"Tiny Chest":17,"Red Mask":11,"InkBottle":71,"PreservedInsect":0,"The Courier":39,"Omamori":6,"MawBank":5,"Calling Bell":57,"Busted Crown":65,"Ornamental Fan":31,"Turnip":67,"Bottled Lightning":61},{"Ice Cream":221,"Calipers":52,"Gremlin Horn":63,"Whetstone":30,"Ginger":168,"Bottled Tornado":308,"Old Coin":26,"Blood Vial":207,"Strawberry":138,"Philosopher\u0027s Stone":185,"MealTicket":356,"HandDrill":138,"Kunai":138,"Toxic Egg 2":247,"Blue Candle":58,"Oddly Smooth Stone":293,"Eternal Feather":104,"Pen Nib":19,"Letter Opener":228,"War Paint":189,"MutagenicStrength":192,"Bird Faced Urn":293,"Bronze Scales":298,"Ring of the Serpent":217,"Unceasing Top":367,"Regal Pillow":63,"Singing Bowl":254,"Mango":254,"Snake Skull":284,"Incense Burner":111,"Cursed Key":40,"Smiling Mask":104,"Burning Blood":0,"ClockworkSouvenir":80,"Dream Catcher":71,"Tough Bandages":138,"Nunchaku":201,"Matryoshka":104,"Mummified Hand":99,"Ninja Scroll":303,"Pantograph":293,"Gambling Chip":298,"Tiny Chest":85,"Red Mask":52,"InkBottle":367,"PreservedInsect":0,"The Courier":201,"Omamori":24,"MawBank":19,"Calling Bell":293,"Busted Crown":334,"Ornamental Fan":160,"Turnip":345,"Bottled Lightning":314}],"Unceasing Top":[7],"InkBottle":[17],"Ring of the Snake":[48]},"card_choices":[{"not_picked":["Choke","Backflip","Skewer"],"picked":"Singing Bowl","floor":1},{"not_picked":["Acrobatics","Well Laid Plans"],"picked":"Noxious Fumes","floor":4},{"not_picked":["Terror","Cloak And Dagger"],"picked":"Leg Sweep","floor":6},{"not_picked":["Dodge and Roll","Terror"],"picked":"Dash","floor":8},{"not_picked":["Setup","Reflex"],"picked":"Catalyst","floor":10},{"not_picked":["Noxious Fumes","Cloak And Dagger"],"picked":"Sucker Punch","floor":12},{"not_picked":["Phantasmal Killer","Wraith Form v2"],"picked":"Venomology","floor":16},{"not_picked":["Escape Plan","Sucker Punch"],"picked":"Caltrops","floor":18},{"not_picked":["Deadly Poison","Dagger Spray"],"picked":"Deflect","floor":21},{"not_picked":["Quick Slash","Dodge and Roll","Leg Sweep"],"picked":"Singing Bowl","floor":23},{"not_picked":["Outmaneuver","Corpse Explosion"],"picked":"Adrenaline","floor":25},{"not_picked":["Sucker Punch","Slice","Expertise"],"picked":"Singing Bowl","floor":29},{"not_picked":["Calculated Gamble","Sucker Punch+1"],"picked":"Blade Dance","floor":30},{"not_picked":["Backflip","Blade Dance","Catalyst"],"picked":"Singing Bowl","floor":31},{"not_picked":["Venomology","Bullet Time"],"picked":"After Image","floor":33},{"not_picked":["Reflex+1"],"picked":"Singing Bowl","floor":35},{"not_picked":["PiercingWail+1"],"picked":"Singing Bowl","floor":37},{"not_picked":["Masterful Stab"],"picked":"Singing Bowl","floor":38},{"not_picked":["Expertise+1"],"picked":"Singing Bowl","floor":40},{"not_picked":[],"picked":"Blade Dance+1","floor":41},{"not_picked":["Cloak And Dagger"],"picked":"Singing Bowl","floor":42},{"not_picked":["Calculated Gamble+1"],"picked":"Singing Bowl","floor":46},{"not_picked":["Outmaneuver"],"picked":"Singing Bowl","floor":48}],"player_experience":472461,"relics_obtained":[{"floor":6,"key":"Letter Opener"},{"floor":8,"key":"Tiny Chest"},{"floor":9,"key":"Ornamental Fan"},{"floor":17,"key":"Oddly Smooth Stone"},{"floor":17,"key":"Pantograph"},{"floor":17,"key":"Bird Faced Urn"},{"floor":22,"key":"Ninja Scroll"},{"floor":23,"key":"Bottled Tornado"},{"floor":25,"key":"Blood Vial"},{"floor":26,"key":"Bottled Lightning"},{"floor":30,"key":"War Paint"},{"floor":37,"key":"Turnip"},{"floor":40,"key":"MealTicket"},{"floor":42,"key":"Unceasing Top"},{"floor":43,"key":"InkBottle"},{"floor":44,"key":"Nunchaku"},{"floor":48,"key":"Regal Pillow"}],"event_choices":[{"damage_healed":0,"gold_gain":0,"player_choice":"Donut","damage_taken":0,"max_hp_gain":5,"max_hp_loss":0,"event_name":"Big Fish","floor":2,"gold_loss":0},{"damage_healed":22,"gold_gain":0,"player_choice":"Healed","damage_taken":0,"max_hp_gain":0,"max_hp_loss":0,"event_name":"The Cleric","floor":3,"gold_loss":35},{"damage_healed":0,"gold_gain":0,"player_choice":"Success","damage_taken":7,"relics_obtained":["Smiling Mask"],"max_hp_gain":0,"max_hp_loss":0,"event_name":"Scrap Ooze","floor":5,"gold_loss":0},{"damage_healed":0,"gold_gain":72,"player_choice":"Gained Gold","damage_taken":0,"max_hp_gain":0,"max_hp_loss":0,"event_name":"Golden Wing","floor":14,"gold_loss":0},{"damage_healed":0,"gold_gain":0,"player_choice":"Gave Potion","damage_taken":0,"relics_obtained":["Gambling Chip"],"max_hp_gain":0,"max_hp_loss":0,"event_name":"WeMeetAgain","floor":19,"gold_loss":0},{"damage_healed":0,"gold_gain":0,"player_choice":"Obtained Relic","damage_taken":0,"relics_obtained":["Ginger"],"max_hp_gain":0,"max_hp_loss":0,"event_name":"Addict","floor":28,"gold_loss":85},{"cards_removed":["Defend_G"],"damage_healed":0,"gold_gain":0,"player_choice":"Removed Skill","damage_taken":0,"max_hp_gain":0,"max_hp_loss":0,"event_name":"Falling","floor":36,"gold_loss":0},{"damage_healed":0,"gold_gain":0,"player_choice":"Fight","damage_taken":0,"max_hp_gain":0,"max_hp_loss":0,"event_name":"MindBloom","floor":37,"gold_loss":0},{"damage_healed":0,"gold_gain":0,"player_choice":"Embrace Madness","damage_taken":14,"max_hp_gain":0,"max_hp_loss":0,"event_name":"Winding Halls","floor":47,"gold_loss":0,"cards_obtained":["Madness","Madness"]}],"is_beta":false,"boss_relics":[{"not_picked":["Runic Dome","Coffee Dripper"],"picked":"Calling Bell"},{"not_picked":["Black Star","Ring of the Serpent"],"picked":"Busted Crown"}],"items_purged_floors":[20,39],"is_endless":false,"potions_floor_spawned":[4,6,8,16,25,29,30,31,35,40,42],"ascension_level":10}}