{"host":"0c22z74nxhh6l98a","time":1610946381,"event":{"mods":["BaseMod","BetterRewards","Card Forge","GungeonMod","Hubris","Infinite Spire","Minty Spire (QoL Compilation)","Potionbrewer","Shop Mod","StSLib"],"gold_per_floor":[271,271,438,605,650,835,1025,1216,1228,1392,1571,1746,1937,1949,1961,2219,2281,2462,2488,2500,2512,2694,2890,2902,3090,3126,3314,2659,2659,2659,1990,1990,2242,2242,2349,1610,1515,1620,1787,1872,1335,1491,1514,1514,1698,1698,1698,1698,1698,1818,1818,1818,1315,1436,1556],"floor_reached":56,"language":"ENG","playtime":6534,"items_purged":[],"score":2994,"play_id":"27c8bd41-d844-43b9-b8d9-b3b531898455","local_time":"20210117230621","is_ascension_mode":true,"campfire_choices":[{"floor":15,"key":"RECALL"},{"data":"1","floor":29,"key":"LIFT"},{"data":"infinitespire:Neurotoxin","floor":32,"key":"SMITH"},{"data":"2","floor":46,"key":"LIFT"},{"floor":49,"key":"REST"},{"data":"3","floor":52,"key":"LIFT"}],"circlet_count":0,"master_deck":["AscendersBane","A Thousand Cuts","After Image","Adrenaline+1","Blade Dance","Calculated Gamble+1","Escape Plan","infinitespire:Neurotoxin+1","Prepared","Reflex+1","hubris:Sniper","Tactician","Escape Plan","Calculated Gamble+1","Venomology+1","Prepared","Tactician","Reflex","hubris:Sniper","DemoMod:Deposit+1","DemoMod:Deposit+1","DemoMod:Deposit+1","DemoMod:Deposit+1","potionbrewer:ChainReaction","Adrenaline","Noxious Fumes","Calculated Gamble","Panache","Impatience","Prepared+1","Prepared+1","Prepared"],"relics":["Cracked Core","Hammer of Thor","Seething Fire","Anvil of the Gods","MerchantsRug","Juzu Bracelet","hubris:DisguiseKit","Girya","Gremlin Horn","StoneCalendar","Lee\u0027s Waffle","Pen Nib","WingedGreaves","Tough Bandages","Orichalcum","Medical Kit","OrangePellets","Philosopher\u0027s Stone","potionbrewer:WarMedal","Oddly Smooth Stone","infinitespire:Satchel","Du-Vu Doll","infinitespire:Cubic Diamond","Tiny House","hubris:BundleOfHerbs","DemoMod:ClearGuonStone","infinitespire:Bottled Soul","Regal Pillow","Ornamental Fan","Frozen Eye","DemoMod:OrangeGuonStone","DemoMod:Relodestone","MealTicket","infinitespire:CheckeredPen","TheAbacus","WristBlade","infinitespire:BottledMercury","potionbrewer:BottledElixir","DemoMod:MeatBun","hubris:TenFootPole","CeramicFish","Gambling Chip","Omamori","Cauldron","Ice Cream","Strawberry","Centennial Puzzle","Anchor","hubris:SphereOfDissonance","Toolbox","ClockworkSouvenir","InkBottle","hubris:TinFlute","Happy Flower"],"acts_visited":[],"potions_floor_usage":[1,5,5,6,8,8,10,12,13,13,13,13,16,16,16,16,19,22,23,23,25,25,33,33,33,33,33,39,40,42,50,55,55,55,55],"damage_taken":[{"damage":6,"enemies":"Jaw Worm","floor":1,"turns":3},{"damage":4,"enemies":"Small Slimes","floor":3,"turns":5},{"damage":0,"enemies":"Cultist","floor":4,"turns":5},{"damage":0,"enemies":"2 Fungi Beasts","floor":5,"turns":3},{"damage":0,"enemies":"Gremlin Nob","floor":6,"turns":4},{"damage":14,"enemies":"Lagavulin","floor":7,"turns":4},{"damage":10,"enemies":"Gremlin Nob","floor":8,"turns":4},{"damage":6,"enemies":"Lagavulin","floor":10,"turns":5},{"damage":0,"enemies":"Exordium Thugs","floor":11,"turns":3},{"damage":0,"enemies":"Looter","floor":12,"turns":3},{"damage":0,"enemies":"3 Sentries","floor":13,"turns":5},{"damage":0,"enemies":"Hexaghost","floor":16,"turns":5},{"damage":0,"enemies":"3 Byrds","floor":18,"turns":2},{"damage":0,"enemies":"Chosen","floor":19,"turns":3},{"damage":0,"enemies":"Snecko","floor":22,"turns":4},{"damage":0,"enemies":"Slavers","floor":23,"turns":3},{"damage":0,"enemies":"Gremlin Leader","floor":25,"turns":3},{"damage":0,"enemies":"Slavers","floor":27,"turns":3},{"damage":13,"enemies":"hubris:MusketHawk","floor":33,"turns":3},{"damage":0,"enemies":"3 Shapes","floor":35,"turns":2},{"damage":7,"enemies":"3 Darklings","floor":38,"turns":3},{"damage":0,"enemies":"Transient","floor":39,"turns":3},{"damage":0,"enemies":"Reptomancer","floor":40,"turns":1},{"damage":0,"enemies":"Nemesis","floor":42,"turns":2},{"damage":0,"enemies":"Giant Head","floor":45,"turns":3},{"damage":0,"enemies":"infinitespire:MassOfShapes","floor":50,"turns":3},{"damage":0,"enemies":"Shield and Spear","floor":54,"turns":2},{"damage":11,"enemies":"The Heart","floor":55,"turns":3}],"seed_played":"4399792223645237401","potions_obtained":[{"floor":4,"key":"potionbrewer:AcidPotion"},{"floor":12,"key":"potionbrewer:SplittingPotion"},{"floor":13,"key":"potionbrewer:ToxicPotion"},{"floor":16,"key":"ColorlessPotion"},{"floor":17,"key":"potionbrewer:CleansingPotion"},{"floor":19,"key":"Block Potion"},{"floor":38,"key":"PowerPotion"},{"floor":41,"key":"potionbrewer:HastePotion"},{"floor":41,"key":"Block Potion"},{"floor":41,"key":"FearPotion"}],"is_trial":false,"path_per_floor":["M","AVR","M","M","M","E","E","E","T","E","M","M","E","?","R","B",null,"M","M","?","?","M","E","?","E","T","E","$","R","AVR","$","R","B",null,"M","$","?","M","M","E","$","E","T","?","E","R","?","$","R","B",null,"R","$","E","B",null],"character_chosen":"THE_SILENT","items_purchased":["MerchantsRug","Juzu Bracelet","hubris:DisguiseKit","Gremlin Horn","Lee\u0027s Waffle","Pen Nib","Tough Bandages","Orichalcum","Medical Kit","Frozen Eye","DemoMod:OrangeGuonStone","DemoMod:Relodestone","infinitespire:CheckeredPen","TheAbacus","potionbrewer:SplittingPotion","Panache","infinitespire:BottledMercury","potionbrewer:BottledElixir","DemoMod:MeatBun","Impatience","Gambling Chip","Omamori","Cauldron","Anchor","hubris:SphereOfDissonance","Toolbox","ClockworkSouvenir","InkBottle","hubris:TinFlute"],"campfire_rested":1,"item_purchase_floors":[0,0,0,0,0,0,0,0,0,28,28,28,31,31,31,31,36,36,36,36,41,41,41,48,48,48,48,53,53],"current_hp_per_floor":[71,71,67,67,67,67,53,43,43,37,37,37,37,37,37,37,72,72,72,72,72,72,72,72,77,77,77,77,77,77,82,82,69,79,79,82,82,75,75,75,82,82,89,89,89,89,99,52,96,96,98,98,99,99,88],"gold":1556,"neow_bonus":"","is_daily":false,"chose_seed":false,"campfire_upgraded":1,"win_rate":0.0,"timestamp":1610946381,"path_taken":["M","AVR","M","M","M","E","E","E","T","E","M","M","E","?","R","BOSS","M","M","?","?","M","E","?","E","T","E","?","R","AVR","$","R","BOSS","M","$","?","M","M","E","?","E","T","?","E","R","?","?","R","BOSS","R","$","E","BOSS"],"items_purchased_type":["Relic","Relic","Relic","Relic","Relic","Relic","Relic","Relic","Relic","Relic","Relic","Relic","Relic","Relic","Potion","Card","Relic","Relic","Relic","Card","Relic","Relic","Relic","Relic","Relic","Relic","Relic","Relic","Relic"],"build_version":"2020-12-22","purchased_purges":0,"victory":true,"max_hp_per_floor":[77,77,77,77,77,77,77,77,77,77,77,77,77,77,77,77,82,82,82,82,82,82,82,82,82,82,82,82,82,82,82,82,82,82,82,82,82,82,82,82,82,82,89,89,89,89,99,99,99,99,99,99,99,99,99],"card_choices":[{"not_picked":["Deadly Poison","Sucker Punch","Choke"],"picked":"potionbrewer:PortableLab","floor":1},{"not_picked":["Terror","Slice","Dagger Throw"],"picked":"potionbrewer:ChainReaction","floor":3},{"not_picked":["Dodge and Roll","Terror","Cloak And Dagger","potionbrewer:EmptyBottle"],"picked":"SKIP","floor":4},{"not_picked":["Quick Slash","Underhanded Strike","Sucker Punch","potionbrewer:LeftoverSpecimen"],"picked":"SKIP","floor":5},{"not_picked":["Skewer","Distraction","Quick Slash","potionbrewer:LeftoverSpecimen"],"picked":"SKIP","floor":6},{"not_picked":["Well Laid Plans","Phantasmal Killer","Eviscerate","potionbrewer:FlashPowder"],"picked":"SKIP","floor":7},{"not_picked":["Footwork","Leg Sweep","Setup","potionbrewer:Toxicity"],"picked":"SKIP","floor":8},{"not_picked":["Quick Slash","Predator","Expertise","potionbrewer:Smokescreen"],"picked":"SKIP","floor":10},{"not_picked":["Dash","Bouncing Flask","Blur","potionbrewer:Smokescreen"],"picked":"SKIP","floor":11},{"not_picked":["Blade Dance","Skewer","Bane","potionbrewer:TimeBomb"],"picked":"SKIP","floor":12},{"not_picked":["Dagger Throw","All Out Attack","Dodge and Roll","potionbrewer:FlashPowder"],"picked":"SKIP","floor":13},{"not_picked":["Grand Finale","Envenom","potionbrewer:ResearchResults"],"picked":"Adrenaline","floor":16},{"not_picked":["PiercingWail+1","Masterful Stab","All Out Attack","potionbrewer:TimeBomb"],"picked":"SKIP","floor":18},{"not_picked":["Reflex","Sucker Punch","Poisoned Stab","potionbrewer:FuelCell"],"picked":"SKIP","floor":19},{"not_picked":["Quick Slash","Underhanded Strike","potionbrewer:ChemicalShroud"],"picked":"Noxious Fumes","floor":22},{"not_picked":["hubris:TrickCloak","Heel Hook+1","potionbrewer:Biohazard"],"picked":"Calculated Gamble","floor":23},{"not_picked":["hubris:TrickCloak","Crippling Poison+1","Finisher+1","potionbrewer:MicrobeSpray"],"picked":"SKIP","floor":25},{"not_picked":["Backstab","hubris:TrickCloak","Deadly Poison+1","potionbrewer:PrivateReserves"],"picked":"SKIP","floor":27},{"not_picked":["hubris:Counter","Backflip","Setup","potionbrewer:WizBang"],"picked":"SKIP","floor":35},{"not_picked":["Poisoned Stab","Dodge and Roll","potionbrewer:Brandish"],"picked":"Prepared+1","floor":38},{"not_picked":["Quick Slash+1","Underhanded Strike+1","potionbrewer:Spark"],"picked":"Prepared+1","floor":39},{"not_picked":["Infinite Blades+1","Dagger Throw","Concentrate+1","potionbrewer:TimeBomb"],"picked":"SKIP","floor":40},{"not_picked":["hubris:Counter","Underhanded Strike","potionbrewer:ChemicalShroud"],"picked":"Prepared","floor":42},{"not_picked":["Dodge and Roll+1","Masterful Stab+1","Noxious Fumes","potionbrewer:BlindingMist"],"picked":"SKIP","floor":45},{"not_picked":["Infinite Blades+1","Poisoned Stab","Distraction+1","potionbrewer:Spark"],"picked":"SKIP","floor":54}],"player_experience":886324,"relics_obtained":[{"floor":6,"key":"MawBank"},{"floor":7,"key":"DemoMod:WeirdEgg"},{"floor":8,"key":"Oddly Smooth Stone"},{"floor":10,"key":"infinitespire:Satchel"},{"floor":13,"key":"Du-Vu Doll"},{"floor":23,"key":"hubris:BundleOfHerbs"},{"floor":25,"key":"infinitespire:Bottled Soul"},{"floor":26,"key":"Regal Pillow"},{"floor":27,"key":"Ornamental Fan"},{"floor":40,"key":"CeramicFish"},{"floor":42,"key":"Ice Cream"},{"floor":43,"key":"Strawberry"},{"floor":45,"key":"Centennial Puzzle"},{"floor":54,"key":"Happy Flower"}],"event_choices":[{"damage_healed":0,"gold_gain":0,"player_choice":"Opened","damage_taken":0,"relics_obtained":["DemoMod:ClearGuonStone"],"max_hp_gain":0,"max_hp_loss":0,"event_name":"The Mausoleum","floor":24,"gold_loss":0},{"damage_healed":0,"gold_gain":0,"player_choice":"Paid Gold","damage_taken":0,"relics_obtained":["hubris:TenFootPole"],"max_hp_gain":0,"max_hp_loss":0,"event_name":"WeMeetAgain","floor":37,"gold_loss":95},{"damage_healed":0,"gold_gain":0,"player_choice":"Ignored","damage_taken":0,"max_hp_gain":0,"max_hp_loss":0,"event_name":"Transmorgrifier","floor":44,"gold_loss":0},{"cards_removed":["DemoMod:Deposit"],"damage_healed":0,"gold_gain":0,"player_choice":"Offered Rare","damage_taken":0,"max_hp_gain":10,"max_hp_loss":0,"event_name":"Bonfire Elementals","floor":47,"gold_loss":0}],"is_beta":false,"boss_relics":[{"not_picked":["Ectoplasm","hubris:CrackedHourglass"],"picked":"Tiny House"},{"not_picked":["Runic Pyramid","Cursed Key"],"picked":"WristBlade"}],"items_purged_floors":[],"is_endless":false,"potions_floor_spawned":[4,11,12,13,16,18,19,22,38,39,40],"ascension_level":10}}