{"host":"f5gffvlv6a66yqkd","time":1610989373,"event":{"mods":["2.2 Compatiblity","Alarm Clock","BaseMod","Colored Map","Custom Start","DeckTracker","Keyboard Shortcuts","Minty Spire (QoL Compilation)","Permanent Neow","Quick Restart","Relic Stats","StSLib","SuperFastMode"],"gold_per_floor":[110,125,125,50,50,50,75,92,92,92,109,109,120,138,138,216,216,229,229,229,229,60,60,110,121,121,46,66,66,81,81,81,153,153,170,170,184,5,5,5,5,5],"floor_reached":41,"language":"KOR","playtime":1094,"items_purged":["All Out Attack+1","Unload+1"],"score":803,"play_id":"b56b4de1-5546-45ba-b83d-cf4ada5a91d5","local_time":"20210119020253","is_ascension_mode":true,"campfire_choices":[{"data":"Dagger Throw","floor":6.0,"key":"SMITH"},{"data":"Crippling Poison","floor":10.0,"key":"SMITH"},{"data":"Footwork","floor":12.0,"key":"SMITH"},{"data":"Bane","floor":15.0,"key":"SMITH"},{"data":"Corpse Explosion","floor":23.0,"key":"SMITH"},{"data":"Catalyst","floor":29.0,"key":"SMITH"},{"data":"Blur","floor":32.0,"key":"SMITH"},{"data":"Bouncing Flask","floor":40,"key":"SMITH"}],"circlet_count":0,"master_deck":["AscendersBane","Defend_G","Defend_G","Defend_G","Survivor","Neutralize+1","Dagger Throw+1","Backstab","Crippling Poison+1","Footwork+1","Blur+1","Bane+1","Footwork","Corpse Explosion+1","Blur+1","Catalyst+1","Deflect","Bouncing Flask+1","Tactician"],"relics":["Ring of the Serpent","CaptainsWheel","Mango","Astrolabe","ClockworkSouvenir","PreservedInsect"],"acts_visited":["Exordium","TheCity","TheBeyond"],"potions_floor_usage":[41],"damage_taken":[{"damage":7.0,"enemies":"Jaw Worm","floor":1.0,"turns":5.0},{"damage":0.0,"enemies":"2 Louse","floor":2.0,"turns":3.0},{"damage":31.0,"enemies":"Lagavulin","floor":7.0,"turns":8.0},{"damage":0.0,"enemies":"Small Slimes","floor":8.0,"turns":2.0},{"damage":0.0,"enemies":"Red Slaver","floor":11.0,"turns":4.0},{"damage":0.0,"enemies":"Blue Slaver","floor":13.0,"turns":4.0},{"damage":6.0,"enemies":"Looter","floor":14.0,"turns":3.0},{"damage":2.0,"enemies":"The Guardian","floor":16.0,"turns":11.0},{"damage":0.0,"enemies":"Spheric Guardian","floor":18.0,"turns":10.0},{"damage":0.0,"enemies":"3 Byrds","floor":25.0,"turns":3.0},{"damage":0.0,"enemies":"Cultist and Chosen","floor":28.0,"turns":5.0},{"damage":14.0,"enemies":"Centurion and Healer","floor":30.0,"turns":5.0},{"damage":39.0,"enemies":"Collector","floor":33.0,"turns":17.0},{"damage":14.0,"enemies":"3 Darklings","floor":35.0,"turns":4.0},{"damage":2.0,"enemies":"3 Shapes","floor":37.0,"turns":4.0},{"damage":66,"enemies":"Reptomancer","floor":41,"turns":8}],"seed_played":"5172202489070928082","potions_obtained":[{"floor":1.0,"key":"Poison Potion"},{"floor":2.0,"key":"SmokeBomb"},{"floor":13.0,"key":"Poison Potion"},{"floor":14.0,"key":"EssenceOfSteel"},{"floor":25.0,"key":"Regen Potion"},{"floor":37.0,"key":"Fire Potion"}],"is_trial":false,"path_per_floor":["M","M","?","?","?","R","E","M","T","R","M","R","M","M","R","B",null,"M","?","?","?","$","R","?","M","T","$","M","R","M","?","R","B",null,"M","?","M","$","?","R","E"],"character_chosen":"THE_SILENT","items_purchased":["ClockworkSouvenir","Tactician"],"campfire_rested":0,"item_purchase_floors":[22,38],"current_hp_per_floor":[52,52,45,45,45,45,14,14,28,28,28,28,28,22,22,20,65,65,65,65,65,65,65,65,65,65,65,65,65,51,28,28,4,65,51,51,49,49,49,49,0,0],"gold":5,"neow_bonus":"REMOVE_CARD","is_daily":false,"chose_seed":false,"campfire_upgraded":8,"win_rate":0.0,"timestamp":1610989373,"path_taken":["M","M","?","?","?","R","E","M","T","R","?","R","M","M","R","BOSS","M","?","?","?","$","R","?","M","T","$","M","R","M","?","R","BOSS","M","?","M","$","?","R","E"],"items_purchased_type":["Relic","Card"],"build_version":"2020-12-22","purchased_purges":2,"victory":false,"max_hp_per_floor":[66,66,66,66,66,66,66,66,80,80,80,80,80,80,80,80,80,80,80,80,80,80,80,80,80,80,80,80,80,80,85,85,85,85,85,85,85,85,85,85,85,85],"relic_stats":{"counters":[16,96],"Astrolabe":["Blur","All Out Attack","Unload"],"PreservedInsect":75,"obtain_stats":[{"CaptainsWheel":7,"Astrolabe":17,"Mango":9,"PreservedInsect":26,"Ring of the Serpent":34,"Ring of the Snake":0,"ClockworkSouvenir":22},{"CaptainsWheel":3,"Astrolabe":8,"Mango":4,"PreservedInsect":10,"Ring of the Serpent":13,"Ring of the Snake":0,"ClockworkSouvenir":9},{"CaptainsWheel":16,"Astrolabe":40,"Mango":18,"PreservedInsect":53,"Ring of the Serpent":80,"Ring of the Snake":0,"ClockworkSouvenir":50}]},"card_choices":[{"not_picked":["Acrobatics","Cloak And Dagger"],"picked":"Dagger Throw","floor":1.0},{"not_picked":["Riddle With Holes","Masterful Stab"],"picked":"Backstab","floor":2.0},{"not_picked":["Dash","PiercingWail"],"picked":"Crippling Poison","floor":7.0},{"not_picked":["Dagger Throw","Dagger Spray"],"picked":"Footwork","floor":8.0},{"not_picked":["Distraction","Heel Hook"],"picked":"Blur","floor":11.0},{"not_picked":["Setup","Dodge and Roll"],"picked":"Bane","floor":13.0},{"not_picked":["Acrobatics","Backflip"],"picked":"Footwork","floor":14.0},{"not_picked":["A Thousand Cuts","Malaise"],"picked":"Corpse Explosion","floor":16.0},{"not_picked":["Finisher","Sucker Punch","Underhanded Strike"],"picked":"SKIP","floor":18.0},{"not_picked":["Slice+1","Backflip"],"picked":"Catalyst","floor":25.0},{"not_picked":["Cloak And Dagger","Sucker Punch","Riddle With Holes"],"picked":"SKIP","floor":28.0},{"not_picked":["Sucker Punch","Dagger Throw"],"picked":"Deflect","floor":30.0},{"not_picked":["Bane","Flying Knee","Dagger Throw"],"picked":"SKIP","floor":35.0},{"not_picked":["Leg Sweep","Deflect+1"],"picked":"Bouncing Flask","floor":37.0}],"player_experience":1592194,"relics_obtained":[{"floor":7.0,"key":"CaptainsWheel"},{"floor":9.0,"key":"Mango"},{"floor":26.0,"key":"PreservedInsect"}],"event_choices":[{"cards_removed":["Strike_G"],"damage_healed":0.0,"max_hp_gain":0.0,"max_hp_loss":0.0,"gold_gain":0.0,"event_name":"Golden Wing","player_choice":"Card Removal","floor":3.0,"gold_loss":0.0,"damage_taken":7.0},{"cards_removed":["Defend_G"],"damage_healed":0.0,"max_hp_gain":0.0,"max_hp_loss":0.0,"gold_gain":0.0,"event_name":"The Cleric","player_choice":"Card Removal","floor":4.0,"gold_loss":75.0,"damage_taken":0.0},{"damage_healed":0.0,"max_hp_gain":0.0,"max_hp_loss":0.0,"gold_gain":0.0,"event_name":"Accursed Blacksmith","player_choice":"Forge","floor":5.0,"gold_loss":0.0,"damage_taken":0.0,"cards_upgraded":["Neutralize"]},{"damage_healed":0.0,"max_hp_gain":0.0,"max_hp_loss":0.0,"gold_gain":0.0,"event_name":"Ghosts","player_choice":"Ignored","floor":19.0,"gold_loss":0.0,"damage_taken":0.0},{"cards_removed":["Strike_G"],"damage_healed":0.0,"max_hp_gain":0.0,"max_hp_loss":0.0,"gold_gain":0.0,"event_name":"Back to Basics","player_choice":"Elegance","floor":20.0,"gold_loss":0.0,"damage_taken":0.0},{"damage_healed":0.0,"max_hp_gain":0.0,"max_hp_loss":0.0,"gold_gain":0.0,"event_name":"Vampires","player_choice":"Ignored","floor":21.0,"gold_loss":0.0,"damage_taken":0.0},{"damage_healed":0.0,"max_hp_gain":0.0,"max_hp_loss":0.0,"gold_gain":50.0,"event_name":"Nest","player_choice":"Stole From Cult","floor":24.0,"gold_loss":0.0,"damage_taken":0.0},{"damage_healed":0.0,"max_hp_gain":5.0,"max_hp_loss":0.0,"gold_gain":0.0,"event_name":"Forgotten Altar","player_choice":"Shed Blood","floor":31.0,"gold_loss":0.0,"damage_taken":28.0},{"damage_healed":0.0,"max_hp_gain":0.0,"max_hp_loss":0.0,"gold_gain":0.0,"event_name":"Tomb of Lord Red Mask","player_choice":"Ignored","floor":36.0,"gold_loss":0.0,"damage_taken":0.0},{"damage_healed":0,"gold_gain":0,"player_choice":"Memory 1","damage_taken":0,"max_hp_gain":0,"max_hp_loss":0,"event_name":"SensoryStone","floor":39,"gold_loss":0}],"is_beta":false,"boss_relics":[{"not_picked":["WristBlade","Calling Bell"],"picked":"Astrolabe"},{"not_picked":["Snecko Eye","HoveringKite"],"picked":"Ring of the Serpent"}],"items_purged_floors":[27,38],"is_endless":false,"potions_floor_spawned":[1,2,13,14,25,28,37],"killed_by":"Reptomancer","ascension_level":20}}