{"host":"cw25u8qal1h0d7ia","time":1610932699,"event":{"mods":["BaseMod","Downfall","Minty Spire (QoL Compilation)","StSLib"],"gold_per_floor":[0,19,38,48,148,163,190,190,219,219,56,56,56,56],"floor_reached":12,"language":"ENG","playtime":866,"items_purged":[],"score":94,"play_id":"a81e7ba1-6aeb-4539-8084-5a3d71903f34","local_time":"20210118021819","is_ascension_mode":true,"campfire_choices":[{"data":"Slimebound:Split","floor":1,"key":"SMITH"},{"floor":8,"key":"REST"}],"circlet_count":0,"master_deck":["Slimebound:Strike_Slimebound","Slimebound:Strike_Slimebound","Slimebound:Strike_Slimebound","Slimebound:Tackle","Slimebound:Defend_Slimebound","Slimebound:Defend_Slimebound","Slimebound:Defend_Slimebound","Slimebound:Defend_Slimebound","Slimebound:Split+1","Slimebound:CorrosiveSpit","Slimebound:Overexert","Slimebound:SplitMire","Slimebound:SplitSpecialist"],"relics":["Slimebound:AbsorbEndCombat","downfall:GremlinWheel","Smiling Mask","CeramicFish","Toolbox"],"acts_visited":["Exordium"],"potions_floor_usage":[5,6,12,12],"damage_taken":[{"damage":6,"enemies":"2 Louse","floor":2,"turns":5},{"damage":6,"enemies":"Cultist","floor":3,"turns":3},{"damage":5,"enemies":"Jaw Worm","floor":4,"turns":4},{"damage":18,"enemies":"Jaw Worm","floor":5,"turns":4},{"damage":22,"enemies":"Lots of Slimes","floor":6,"turns":2},{"damage":23,"enemies":"Gremlin Nob","floor":9,"turns":4},{"damage":0,"enemies":"downfall:FleeingMerchant","floor":11,"turns":4},{"damage":18,"enemies":"3 Sentries","floor":12,"turns":2}],"seed_played":"-3211897365915354653","potions_obtained":[{"floor":2,"key":"AttackPotion"},{"floor":3,"key":"PowerPotion"},{"floor":10,"key":"champ:CounterPotion"},{"floor":10,"key":"Strength Potion"},{"floor":10,"key":"AttackPotion"}],"is_trial":false,"path_per_floor":["R","M","M","M","?","M","T","R","E","?","$","E"],"character_chosen":"SLIMEBOUND","items_purchased":["Toolbox"],"campfire_rested":1,"item_purchase_floors":[11],"current_hp_per_floor":[65,61,57,53,38,16,16,35,15,15,17,0,0,0],"gold":56,"neow_bonus":"THREE_RARE_CARDS","is_daily":false,"chose_seed":false,"campfire_upgraded":1,"win_rate":0.0,"timestamp":1610932699,"path_taken":["R","M","M","M","?","?","T","R","E","?","?","E"],"items_purchased_type":["Relic"],"build_version":"2020-12-22","purchased_purges":0,"victory":false,"max_hp_per_floor":[65,65,65,65,65,65,65,65,65,65,65,65,65,65],"card_choices":[{"not_picked":["Slimebound:DouseInSlime","Slimebound:OozeBath"],"picked":"Slimebound:Overexert","floor":0},{"not_picked":["Slimebound:SlimeSpikes","Slimebound:Repurpose"],"picked":"Slimebound:SplitMire","floor":2},{"not_picked":["Slimebound:SplitLeeching","Slimebound:ItLooksTasty"],"picked":"Slimebound:SplitSpecialist","floor":3},{"not_picked":["Slimebound:TongueLash","Slimebound:ForwardTackle","Slimebound:GoopSpray"],"picked":"SKIP","floor":4},{"not_picked":["Slimebound:MegaLick","Slimebound:LevelUp","Slimebound:FormOfPuddle"],"picked":"SKIP","floor":6},{"not_picked":["Slimebound:FlameTackle","Slimebound:GrowthPunch","Slimebound:TongueLash"],"picked":"SKIP","floor":9},{"not_picked":["Slimebound:SplitBruiser","Slimebound:SlimeSlap","Slimebound:Repurpose"],"picked":"SKIP","floor":11}],"player_experience":573688,"relics_obtained":[{"floor":5,"key":"downfall:GremlinWheel"},{"floor":7,"key":"Smiling Mask"},{"floor":9,"key":"CeramicFish"}],"event_choices":[{"damage_healed":0,"gold_gain":0,"player_choice":"Got Potions","damage_taken":0,"max_hp_gain":0,"max_hp_loss":0,"event_name":"Lab","floor":10,"gold_loss":0}],"is_beta":false,"boss_relics":[],"items_purged_floors":[],"is_endless":false,"potions_floor_spawned":[2,3],"killed_by":"3 Sentries","ascension_level":4}}