{"host":"t7mx8yfj1no5p62f","time":1610975504,"event":{"mods":["BaseMod","Bestiary","Colored Map","Colored Powertips","Minty Spire (QoL Compilation)","Relic Stats","StSLib","ojb\u0027s Info Mod"],"gold_per_floor":[113,113,113,126,126,126,155,155,155,186,186,201,201,213,213,285,285,300,300,13,23,36,36,36,48,48,48,48],"floor_reached":27,"language":"ENG","playtime":815,"items_purged":["Strike_G"],"score":492,"play_id":"f0c8e784-69d5-4e6b-93f4-48e8407c76b0","local_time":"20210118081144","is_ascension_mode":true,"campfire_choices":[{"data":"Neutralize","floor":6,"key":"SMITH"},{"data":"Glass Knife","floor":11,"key":"SMITH"},{"data":"Blur","floor":13,"key":"SMITH"},{"data":"Bouncing Flask","floor":15,"key":"SMITH"},{"floor":23,"key":"REST"}],"circlet_count":0,"master_deck":["AscendersBane","Strike_G","Strike_G","Strike_G+1","Strike_G","Defend_G","Defend_G+1","Defend_G","Defend_G","Survivor","Neutralize+1","Dagger Throw+1","Backflip","Flying Knee","Glass Knife+1","Blur+1","Bouncing Flask+1","Die Die Die+1","Blur","Blur","Footwork"],"relics":["Ring of the Snake","NeowsBlessing","The Specimen","Pear","Singing Bowl","Darkstone Periapt","Black Star","Molten Egg 2"],"acts_visited":["Exordium","TheCity"],"potions_floor_usage":[16,18,21,22],"damage_taken":[{"damage":0,"enemies":"2 Louse","floor":1,"turns":1},{"damage":0,"enemies":"Small Slimes","floor":4,"turns":1},{"damage":0,"enemies":"Lagavulin","floor":7,"turns":1},{"damage":37,"enemies":"3 Sentries","floor":10,"turns":10},{"damage":0,"enemies":"Cultist","floor":12,"turns":2},{"damage":0,"enemies":"Large Slime","floor":14,"turns":6},{"damage":3,"enemies":"The Guardian","floor":16,"turns":9},{"damage":13,"enemies":"Shell Parasite","floor":18,"turns":7},{"damage":7,"enemies":"3 Byrds","floor":21,"turns":3},{"damage":18,"enemies":"3 Cultists","floor":22,"turns":6},{"damage":4,"enemies":"Cultist and Chosen","floor":25,"turns":8},{"damage":63,"enemies":"Slavers","floor":27,"turns":6}],"seed_played":"-1111945354830524933","potions_obtained":[{"floor":1,"key":"ColorlessPotion"},{"floor":12,"key":"EssenceOfSteel"},{"floor":14,"key":"Swift Potion"},{"floor":18,"key":"LiquidBronze"}],"is_trial":false,"path_per_floor":["M","?","?","M","?","R","E","?","T","E","R","M","R","M","R","B",null,"M","?","$","M","M","R","?","M","T","E"],"character_chosen":"THE_SILENT","items_purchased":["Blur","Footwork","Block Potion"],"campfire_rested":1,"item_purchase_floors":[20,20,20],"current_hp_per_floor":[59,59,39,39,61,61,61,71,71,34,34,34,34,34,34,31,65,52,52,52,47,31,55,55,53,53,0,0],"gold":48,"neow_bonus":"THREE_ENEMY_KILL","is_daily":false,"chose_seed":false,"campfire_upgraded":4,"win_rate":0.0,"timestamp":1610975504,"path_taken":["M","?","?","M","?","R","E","?","T","E","R","M","R","?","R","BOSS","M","?","$","M","?","R","?","?","T","E"],"items_purchased_type":["Card","Card","Potion"],"build_version":"2020-12-22","purchased_purges":1,"victory":false,"max_hp_per_floor":[66,66,66,66,66,66,66,76,76,76,76,76,76,76,76,76,76,76,76,76,78,80,80,80,82,82,82,82],"relic_stats":{"Darkstone Periapt":0,"Singing Bowl":6,"counters":[12,60],"Black Star":0,"obtain_stats":[{"Darkstone Periapt":10,"Pear":8,"NeowsBlessing":0,"The Specimen":7,"Singing Bowl":9,"Molten Egg 2":26,"Black Star":17,"Ring of the Snake":0},{"Darkstone Periapt":4,"Pear":3,"NeowsBlessing":0,"The Specimen":3,"Singing Bowl":3,"Molten Egg 2":11,"Black Star":7,"Ring of the Snake":0},{"Darkstone Periapt":13,"Pear":3,"NeowsBlessing":0,"The Specimen":3,"Singing Bowl":3,"Molten Egg 2":54,"Black Star":30,"Ring of the Snake":0}],"Ring of the Snake":[24]},"card_choices":[{"not_picked":["Concentrate","Prepared"],"picked":"Dagger Throw","floor":1},{"not_picked":["Bane","Choke"],"picked":"Backflip","floor":4},{"not_picked":["Expertise","Accuracy"],"picked":"Flying Knee","floor":7},{"not_picked":["Cloak And Dagger","Outmaneuver"],"picked":"Glass Knife","floor":10},{"not_picked":["Poisoned Stab","Blade Dance"],"picked":"Blur","floor":12},{"not_picked":["Accuracy","Flying Knee"],"picked":"Bouncing Flask","floor":14},{"not_picked":["Unload","Doppelganger"],"picked":"Die Die Die","floor":16},{"not_picked":["Quick Slash","Dagger Spray"],"picked":"Blur","floor":18},{"not_picked":["Deflect","Underhanded Strike","Blade Dance"],"picked":"Singing Bowl","floor":21},{"not_picked":["Quick Slash","Prepared","Sucker Punch"],"picked":"Singing Bowl","floor":22},{"not_picked":["Riddle With Holes+1","Heel Hook","Blur"],"picked":"Singing Bowl","floor":25}],"player_experience":1783844,"relics_obtained":[{"floor":7,"key":"The Specimen"},{"floor":9,"key":"Singing Bowl"},{"floor":10,"key":"Darkstone Periapt"},{"floor":26,"key":"Molten Egg 2"}],"event_choices":[{"damage_healed":0,"gold_gain":0,"player_choice":"Grow","damage_taken":0,"max_hp_gain":0,"max_hp_loss":0,"event_name":"Living Wall","floor":2,"gold_loss":0,"cards_upgraded":["Dagger Throw"]},{"damage_healed":0,"gold_gain":0,"player_choice":"Entered Light","damage_taken":20,"max_hp_gain":0,"max_hp_loss":0,"event_name":"Shining Light","floor":3,"gold_loss":0,"cards_upgraded":["Defend_G","Strike_G"]},{"damage_healed":22,"gold_gain":0,"player_choice":"Banana","damage_taken":0,"max_hp_gain":0,"max_hp_loss":0,"event_name":"Big Fish","floor":5,"gold_loss":0},{"damage_healed":0,"gold_gain":0,"player_choice":"Gave Potion","damage_taken":0,"relics_obtained":["Pear"],"max_hp_gain":0,"max_hp_loss":0,"event_name":"WeMeetAgain","floor":8,"gold_loss":0},{"damage_healed":0,"gold_gain":0,"player_choice":"Upgraded","damage_taken":0,"max_hp_gain":0,"max_hp_loss":0,"event_name":"Upgrade Shrine","floor":19,"gold_loss":0,"cards_upgraded":["Die Die Die"]},{"cards_removed":["Defend_G"],"damage_healed":0,"gold_gain":0,"player_choice":"Offered Basic","damage_taken":0,"max_hp_gain":0,"max_hp_loss":0,"event_name":"Bonfire Elementals","floor":24,"gold_loss":0}],"is_beta":false,"boss_relics":[{"not_picked":["Philosopher\u0027s Stone","Ring of the Serpent"],"picked":"Black Star"}],"items_purged_floors":[20],"is_endless":false,"potions_floor_spawned":[1,12,14,18],"killed_by":"Slavers","ascension_level":20}}