{"host":"684z1xpuwaoqmmh1","time":1610965350,"event":{"mods":["Bard","BaseMod","Downfall","Hermit","Jorbs\u0027s Wanderer Trilogy","Marisa????????","Minty Spire (QoL Compilation)","Robot Space Explorer","Shade Mod","StSLib","The Bug Knight","The Cursed","The Hayseed","The Hierophant","The Marked","The Mystic","The Runesmith","The Senshi","The Spell Scribe"],"gold_per_floor":[114,130,140,25,25,25,59,75,75,104,118,118,146,29,29,29,29],"floor_reached":16,"language":"ENG","playtime":655,"items_purged":["hermit:Strike_Hermit","hermit:Strike_Hermit"],"score":198,"play_id":"d5885519-d49b-48e0-949c-e57c122c4a70","local_time":"20210118122230","is_ascension_mode":true,"campfire_choices":[{"data":"hermit:Shortfuse","floor":6,"key":"SMITH"},{"floor":15,"key":"REST"}],"circlet_count":0,"master_deck":["AscendersBane","hermit:Strike_Hermit","hermit:Strike_Hermit+1","hermit:Defend_Hermit","hermit:Defend_Hermit","hermit:Defend_Hermit","hermit:Snapshot","hermit:Covet","hermit:ItchyTrigger+1","hermit:BigShot","hermit:FlashPowder","hermit:Shortfuse+1","hermit:Determination","hermit:Dive","hermit:Desperado","hermit:Vantage","hermit:Grudge","Finesse","hermit:EyeOfTheStorm","hermit:ShadowCloak"],"relics":["hermit:Momento","Smiling Mask","Blood Vial","Shuriken","Whetstone"],"acts_visited":["Exordium"],"potions_floor_usage":[10,13],"damage_taken":[{"damage":6,"enemies":"Cultist","floor":1,"turns":3},{"damage":0,"enemies":"Small Slimes","floor":2,"turns":3},{"damage":1,"enemies":"Jaw Worm","floor":3,"turns":4},{"damage":20,"enemies":"3 Sentries","floor":7,"turns":8},{"damage":5,"enemies":"Lots of Slimes","floor":8,"turns":4},{"damage":21,"enemies":"Lagavulin","floor":10,"turns":7},{"damage":3,"enemies":"Blue Slaver","floor":11,"turns":2},{"damage":10,"enemies":"Gremlin Nob","floor":13,"turns":3},{"damage":9,"enemies":"Hexaghost","floor":16,"turns":8}],"seed_played":"-8666211956803496278","potions_obtained":[{"floor":2,"key":"hexamod:SoulburnPotion"},{"floor":7,"key":"Fire Potion"}],"is_trial":false,"path_per_floor":["M","M","M","$","?","R","E","M","T","E","M","?","E","$","R","B"],"character_chosen":"HERMIT","items_purchased":["hermit:Shortfuse","hermit:ShadowCloak"],"campfire_rested":1,"item_purchase_floors":[4,14],"current_hp_per_floor":[69,69,68,68,61,61,41,36,36,17,16,16,8,8,32,25,25],"gold":29,"neow_bonus":"TEN_PERCENT_HP_BONUS","is_daily":false,"chose_seed":false,"campfire_upgraded":1,"win_rate":0.0,"timestamp":1610965350,"path_taken":["M","M","M","?","?","R","E","M","T","E","M","?","E","$","R","BOSS"],"items_purchased_type":["Card","Card"],"build_version":"2020-12-22","purchased_purges":2,"victory":false,"max_hp_per_floor":[82,82,82,82,82,82,82,82,82,82,82,82,82,82,82,82,82],"card_choices":[{"not_picked":["hermit:Dive","hermit:Coalescence"],"picked":"hermit:ItchyTrigger","floor":1},{"not_picked":["hermit:HighCaliber","hermit:Manifest"],"picked":"hermit:BigShot","floor":2},{"not_picked":["hermit:HighCaliber","hermit:Manifest"],"picked":"hermit:FlashPowder","floor":3},{"not_picked":["hermit:Roulette","hermit:Misfire"],"picked":"hermit:Determination","floor":7},{"not_picked":["hermit:Headshot","hermit:Manifest"],"picked":"hermit:Dive","floor":8},{"not_picked":["hermit:Midnight","hermit:ItchyTrigger"],"picked":"hermit:Desperado","floor":10},{"not_picked":["hermit:Ricochet","hermit:Glare"],"picked":"hermit:Vantage","floor":11},{"not_picked":["hermit:Desperado","hermit:LoneWolf"],"picked":"hermit:EyeOfTheStorm","floor":13}],"player_experience":2872478,"relics_obtained":[{"floor":7,"key":"Smiling Mask"},{"floor":9,"key":"Blood Vial"},{"floor":10,"key":"Shuriken"},{"floor":13,"key":"Whetstone"}],"event_choices":[{"cards_removed":["hermit:Defend_Hermit"],"damage_healed":0,"gold_gain":0,"player_choice":"Card Removal","damage_taken":7,"max_hp_gain":0,"max_hp_loss":0,"event_name":"Golden Wing","floor":5,"gold_loss":0},{"damage_healed":0,"gold_gain":0,"player_choice":"2 cards matched","damage_taken":0,"max_hp_gain":0,"max_hp_loss":0,"event_name":"Match and Keep!","floor":12,"gold_loss":0,"cards_obtained":["hermit:Grudge","Finesse"]},{"damage_healed":0,"gold_gain":0,"player_choice":"2 cards matched","damage_taken":0,"max_hp_gain":0,"max_hp_loss":0,"event_name":"Match and Keep!","floor":12,"gold_loss":0,"cards_obtained":["hermit:Grudge","Finesse"]}],"is_beta":false,"boss_relics":[],"items_purged_floors":[4,14],"is_endless":false,"potions_floor_spawned":[2,7,8],"killed_by":"Hexaghost","ascension_level":13}}