{"host":"8rqsnaeml9gxb0kp","time":1610952667,"event":{"mods":["AchievementEnabler","BaseMod","Dark Map","Minty Spire (QoL Compilation)","StSLib"],"gold_per_floor":[116,129,144,164,184,184,217,217,217,217,217,23,23,38,38,142,142,160,176,176,176,193,193,224,224,224,224,250,250,261,271,271,373,373,385,401,1400,1400,1400,1400,1430,852,878,878,878,891,60,73,73,73],"floor_reached":51,"language":"ENG","playtime":2545,"items_purged":["Normality","Normality"],"score":923,"play_id":"e2d8fb82-d447-437a-b08a-aa73890af60a","local_time":"20210117225107","is_ascension_mode":true,"campfire_choices":[{"data":"Whirlwind","floor":6,"key":"SMITH"},{"data":"Feed","floor":8,"key":"SMITH"},{"data":"Wild Strike","floor":11,"key":"SMITH"},{"data":"Flex","floor":13,"key":"SMITH"},{"floor":15,"key":"REST"},{"data":"Shrug It Off","floor":23,"key":"SMITH"},{"floor":25,"key":"REST"},{"data":"Flame Barrier","floor":27,"key":"SMITH"},{"floor":29,"key":"REST"},{"floor":32,"key":"REST"},{"data":"Spot Weakness","floor":40,"key":"SMITH"},{"floor":44,"key":"REST"},{"floor":49,"key":"REST"}],"circlet_count":0,"master_deck":["Strike_R","Strike_R","Strike_R","Defend_R+1","Defend_R","Defend_R","Bash","Ghostly Armor+1","Dark Embrace","Cleave","Wild Strike+1","Fire Breathing","Whirlwind+1","Anger","Feed+1","Flex+1","Clothesline","Reaper","Shrug It Off+1","Twin Strike","Flame Barrier+1","Clothesline+1","Shrug It Off","Battle Trance+1","Pommel Strike","Seeing Red+1","Immolate","Burning Pact+1","Spot Weakness+1","Whirlwind","Feed","Parasite","Pommel Strike+1","Deep Breath","Power Through+1","Seeing Red","Shrug It Off+1","Wild Strike+1"],"relics":["Burning Blood","Bag of Preparation","Art of War","War Paint","Mark of Pain","Bronze Scales","Toy Ornithopter","Ornamental Fan","Cursed Key","PreservedInsect","Sling","Du-Vu Doll","Dream Catcher","Oddly Smooth Stone","Meat on the Bone","Frozen Eye"],"acts_visited":["Exordium","TheCity","TheBeyond"],"potions_floor_usage":[4,7,18,19,28,33,41,41,50],"damage_taken":[{"damage":7,"enemies":"Small Slimes","floor":1,"turns":4},{"damage":0,"enemies":"Cultist","floor":2,"turns":4},{"damage":0,"enemies":"2 Louse","floor":3,"turns":3},{"damage":25,"enemies":"Large Slime","floor":4,"turns":6},{"damage":0,"enemies":"3 Louse","floor":5,"turns":1},{"damage":37,"enemies":"Lagavulin","floor":7,"turns":6},{"damage":0,"enemies":"2 Fungi Beasts","floor":14,"turns":3},{"damage":38,"enemies":"The Guardian","floor":16,"turns":13},{"damage":17,"enemies":"2 Thieves","floor":18,"turns":3},{"damage":4,"enemies":"Shell Parasite","floor":19,"turns":3},{"damage":19,"enemies":"Centurion and Healer","floor":22,"turns":5},{"damage":77,"enemies":"Slavers","floor":24,"turns":6},{"damage":47,"enemies":"Book of Stabbing","floor":28,"turns":4},{"damage":12,"enemies":"Shelled Parasite and Fungi","floor":30,"turns":5},{"damage":9,"enemies":"Snake Plant","floor":31,"turns":3},{"damage":69,"enemies":"Collector","floor":33,"turns":11},{"damage":11,"enemies":"3 Shapes","floor":35,"turns":4},{"damage":0,"enemies":"Orb Walker","floor":36,"turns":2},{"damage":71,"enemies":"Nemesis","floor":41,"turns":7},{"damage":27,"enemies":"Maw","floor":46,"turns":7},{"damage":15,"enemies":"Jaw Worm Horde","floor":48,"turns":3},{"damage":82,"enemies":"Donu and Deca","floor":50,"turns":9}],"seed_played":"-2455160988373224422","potions_obtained":[{"floor":3,"key":"Fire Potion"},{"floor":4,"key":"Fire Potion"},{"floor":7,"key":"AttackPotion"},{"floor":16,"key":"Swift Potion"},{"floor":19,"key":"Ancient Potion"},{"floor":22,"key":"LiquidBronze"},{"floor":30,"key":"DuplicationPotion"},{"floor":33,"key":"Regen Potion"},{"floor":35,"key":"Swift Potion"},{"floor":46,"key":"SpeedPotion"}],"is_trial":false,"path_per_floor":["M","M","M","M","M","R","E","R","T","?","R","$","R","M","R","B",null,"M","M","?","?","M","R","E","R","T","R","E","R","M","M","R","B",null,"M","M","?","?","?","R","E","$","T","R","?","M","$","M","R","B",null],"character_chosen":"IRONCLAD","items_purchased":["Flex","War Paint","Sling","Du-Vu Doll","Feed","Oddly Smooth Stone","Meat on the Bone","Frozen Eye","Seeing Red","CultistPotion"],"campfire_rested":6,"item_purchase_floors":[12,12,42,42,42,47,47,47,47,47],"current_hp_per_floor":[55,61,67,48,54,54,23,23,23,23,23,23,23,33,58,26,84,84,88,88,88,82,82,20,46,46,46,16,42,52,49,75,21,88,83,92,92,87,87,87,36,36,36,62,62,49,49,61,88,46],"gold":73,"neow_bonus":"TRANSFORM_TWO_CARDS","is_daily":false,"chose_seed":false,"campfire_upgraded":7,"win_rate":0.0,"timestamp":1610952667,"path_taken":["M","M","M","M","M","R","E","R","T","?","R","$","R","?","R","BOSS","M","M","?","?","M","R","E","R","T","R","E","R","M","M","R","BOSS","M","M","?","?","?","R","E","$","T","R","?","M","$","M","R","BOSS"],"items_purchased_type":["Card","Relic","Relic","Relic","Card","Relic","Relic","Relic","Card","Potion"],"build_version":"2020-12-22","purchased_purges":2,"victory":true,"max_hp_per_floor":[80,80,80,80,80,80,80,80,80,80,80,80,80,84,84,84,84,84,88,88,88,88,88,88,88,88,88,88,88,88,88,88,88,88,88,92,92,87,87,87,87,87,87,87,87,91,91,91,91,95],"card_choices":[{"not_picked":["Dual Wield","True Grit"],"picked":"Cleave","floor":1},{"not_picked":["Warcry","Entrench"],"picked":"Wild Strike","floor":2},{"not_picked":["Thunderclap","Heavy Blade"],"picked":"Fire Breathing","floor":3},{"not_picked":["Flex","Dark Embrace"],"picked":"Whirlwind","floor":4},{"not_picked":["True Grit","Second Wind"],"picked":"Anger","floor":5},{"not_picked":["Twin Strike","Carnage"],"picked":"Feed","floor":7},{"not_picked":["Evolve","Bloodletting"],"picked":"Clothesline","floor":14},{"not_picked":["Juggernaut","Offering"],"picked":"Reaper","floor":16},{"not_picked":["Armaments","Fire Breathing"],"picked":"Shrug It Off","floor":18},{"not_picked":["Warcry","Iron Wave"],"picked":"Twin Strike","floor":19},{"not_picked":["Intimidate","Carnage"],"picked":"Clothesline+1","floor":22},{"not_picked":["Anger","Feel No Pain"],"picked":"Shrug It Off","floor":24},{"not_picked":["Clothesline+1","Evolve"],"picked":"Battle Trance+1","floor":28},{"not_picked":["Iron Wave","Heavy Blade"],"picked":"Pommel Strike","floor":30},{"not_picked":["Armaments","Havoc"],"picked":"Seeing Red+1","floor":31},{"not_picked":["Berserk","Fiend Fire"],"picked":"Immolate","floor":33},{"not_picked":["Wild Strike+1","Intimidate"],"picked":"Burning Pact+1","floor":35},{"not_picked":["Perfected Strike","Shrug It Off+1"],"picked":"Spot Weakness","floor":36},{"not_picked":["Heavy Blade+1","Warcry+1"],"picked":"Whirlwind","floor":41},{"not_picked":["Warcry+1","Bloodletting+1"],"picked":"Pommel Strike+1","floor":44},{"not_picked":["Flash of Steel","Mayhem"],"picked":"Deep Breath","floor":45},{"not_picked":["Perfected Strike+1","Pommel Strike+1"],"picked":"Power Through+1","floor":46},{"not_picked":["Twin Strike","Clothesline+1"],"picked":"Shrug It Off+1","floor":48},{"not_picked":["Rupture+1","Twin Strike"],"picked":"Wild Strike+1","floor":49}],"player_experience":95559,"relics_obtained":[{"floor":7,"key":"Bag of Preparation"},{"floor":9,"key":"Art of War"},{"floor":24,"key":"Bronze Scales"},{"floor":26,"key":"Toy Ornithopter"},{"floor":28,"key":"Ornamental Fan"},{"floor":41,"key":"PreservedInsect"},{"floor":43,"key":"Dream Catcher"}],"event_choices":[{"cards_removed":["Strike_R"],"damage_healed":0,"gold_gain":0,"player_choice":"Purged","damage_taken":0,"max_hp_gain":0,"max_hp_loss":0,"event_name":"Purifier","floor":10,"gold_loss":0},{"damage_healed":0,"gold_gain":0,"player_choice":"Ignored","damage_taken":0,"max_hp_gain":0,"max_hp_loss":0,"event_name":"Ghosts","floor":20,"gold_loss":0},{"damage_healed":0,"gold_gain":0,"player_choice":"Read","damage_taken":0,"max_hp_gain":0,"max_hp_loss":0,"event_name":"The Library","floor":21,"gold_loss":0,"cards_obtained":["Flame Barrier"]},{"damage_healed":0,"gold_gain":999,"player_choice":"Gold","damage_taken":0,"max_hp_gain":0,"max_hp_loss":0,"event_name":"MindBloom","floor":37,"gold_loss":0,"cards_obtained":["Normality","Normality"]},{"damage_healed":0,"gold_gain":0,"player_choice":"Max HP","damage_taken":0,"max_hp_gain":0,"max_hp_loss":5,"event_name":"Winding Halls","floor":38,"gold_loss":0},{"damage_healed":0,"gold_gain":0,"player_choice":"Ignored","damage_taken":0,"max_hp_gain":0,"max_hp_loss":0,"event_name":"Tomb of Lord Red Mask","floor":39,"gold_loss":0},{"damage_healed":0,"gold_gain":0,"player_choice":"Memory 1","damage_taken":0,"max_hp_gain":0,"max_hp_loss":0,"event_name":"SensoryStone","floor":45,"gold_loss":0}],"is_beta":false,"boss_relics":[{"not_picked":["Sozu","Runic Dome"],"picked":"Mark of Pain"},{"not_picked":["Philosopher\u0027s Stone","Busted Crown"],"picked":"Cursed Key"}],"items_purged_floors":[42,47],"is_endless":false,"potions_floor_spawned":[3,4,7,16,19,22,30,33,35,46,48],"ascension_level":4}}