{"host":"t6r1isv2bex5ovch","time":1610966072,"event":{"mods":["AchievementEnabler","Act Like it!","Aspiration","BaseMod","Better Altar","Better Match","Better Note","Better Sensory Stone","Better Skull","Better Third Choice","Better Vampires","Colored Powertips","Displayed Cursed Tome","Evolution","Fox Events","Hubris","Minty Spire (QoL Compilation)","StSLib","The Jungle"],"gold_per_floor":[117,128,144,124,139,165,165,197,197,224,236,256,256,275,275,275,275],"floor_reached":16,"language":"ENG","playtime":1037,"items_purged":[],"score":143,"play_id":"a4e58167-62e0-4162-b7ad-e1bd3753b749","local_time":"20210118203432","is_ascension_mode":true,"campfire_choices":[{"floor":7.0,"key":"RECALL"},{"data":"TalkToTheHand","floor":13.0,"key":"SMITH"},{"data":"Strike_P","floor":15.0,"key":"PURGE"}],"circlet_count":0,"master_deck":["BowlingBash","BowlingBash","BowlingBash","Defend_P","Defend_P","Defend_P","Defend_P","Eruption","Vigilance","Adaptation","TalkToTheHand+1","Prostrate"],"relics":["PureWater","EVO:Axolotl","Ice Cream","Peace Pipe","Pen Nib"],"acts_visited":["Exordium"],"potions_floor_usage":[],"damage_taken":[{"damage":0.0,"enemies":"Cultist","floor":1.0,"turns":2.0},{"damage":4.0,"enemies":"Jaw Worm","floor":2.0,"turns":3.0},{"damage":0.0,"enemies":"2 Louse","floor":3.0,"turns":1.0},{"damage":0.0,"enemies":"2 Fungi Beasts","floor":5.0,"turns":2.0},{"damage":15.0,"enemies":"Lagavulin","floor":6.0,"turns":7.0},{"damage":17.0,"enemies":"Gremlin Nob","floor":8.0,"turns":4.0},{"damage":5.0,"enemies":"3 Sentries","floor":10.0,"turns":8.0},{"damage":3.0,"enemies":"Blue Slaver","floor":11.0,"turns":6.0},{"damage":6.0,"enemies":"Gremlin Gang","floor":12.0,"turns":4.0},{"damage":0.0,"enemies":"Looter","floor":14.0,"turns":1.0},{"damage":17,"enemies":"The Guardian","floor":16,"turns":4}],"seed_played":"5916852663270938770","potions_obtained":[{"floor":2.0,"key":"ColorlessPotion"},{"floor":4.0,"key":"EssenceOfSteel"},{"floor":6.0,"key":"EntropicBrew"},{"floor":11.0,"key":"SmokeBomb"},{"floor":12.0,"key":"Energy Potion"}],"is_trial":false,"path_per_floor":["M","M","M","?","M","E","R","E","T","E","M","M","R","M","R","B"],"character_chosen":"WATCHER","items_purchased":[],"campfire_rested":0,"item_purchase_floors":[],"current_hp_per_floor":[65,61,61,61,61,46,46,29,29,24,21,15,15,15,15,0,0],"gold":275,"neow_bonus":"TWENTY_PERCENT_HP_BONUS","is_daily":false,"chose_seed":false,"campfire_upgraded":1,"win_rate":0.0,"timestamp":1610966072,"path_taken":["M","M","M","?","M","E","R","E","T","E","M","?","R","M","R","BOSS"],"items_purchased_type":[],"build_version":"2020-12-22","purchased_purges":0,"victory":false,"max_hp_per_floor":[86,86,86,86,86,86,86,86,86,86,86,86,86,86,86,86,86],"card_choices":[{"not_picked":["Evaluate","Nirvana","Indignation"],"picked":"SKIP","floor":1.0},{"not_picked":["Nirvana","Sanctity"],"picked":"Adaptation","floor":2.0},{"not_picked":["JustLucky","ThirdEye","BowlingBash"],"picked":"SKIP","floor":3.0},{"not_picked":["EmptyBody","JustLucky","SashWhip"],"picked":"SKIP","floor":5.0},{"not_picked":["WaveOfTheHand","ConjureBlade","BowlingBash"],"picked":"SKIP","floor":6.0},{"not_picked":["CrushJoints","Protect","Halt"],"picked":"SKIP","floor":8.0},{"not_picked":["BowlingBash","EmptyFist"],"picked":"TalkToTheHand","floor":10.0},{"not_picked":["Tantrum","Collect","Crescendo"],"picked":"SKIP","floor":11.0},{"not_picked":["Collect","Protect"],"picked":"Prostrate","floor":12.0},{"not_picked":["Scrawl","Wireheading","CutThroughFate"],"picked":"SKIP","floor":14.0}],"player_experience":343254,"relics_obtained":[{"floor":6.0,"key":"Ice Cream"},{"floor":8.0,"key":"Peace Pipe"},{"floor":10.0,"key":"Pen Nib"}],"event_choices":[{"damage_healed":0.0,"max_hp_gain":0.0,"max_hp_loss":0.0,"gold_gain":0.0,"event_name":"The Woman in Blue","player_choice":"Bought 1 Potion","floor":4.0,"gold_loss":0.0,"damage_taken":0.0}],"is_beta":false,"boss_relics":[],"items_purged_floors":[],"is_endless":false,"potions_floor_spawned":[2,6,11,12],"killed_by":"The Guardian","ascension_level":3}}