{"host":"rzpi613efy9j52u4","time":1610944711,"event":{"mods":["BaseMod","Colored Powertips","Downfall","Minty Spire (QoL Compilation)","Rare Cards Sparkle","StSLib","The Necromancer"],"gold_per_floor":[99,115,134,126,38,66,66,66,66,88,121,145,64,90,112,112,112,112],"floor_reached":16,"language":"ENG","playtime":2082,"items_purged":[],"score":137,"play_id":"3898233b-005c-47c6-9c93-725a95a509f6","local_time":"20210117233831","is_ascension_mode":false,"campfire_choices":[{"data":"hexamod:Sear","floor":1,"key":"SMITH"},{"data":"hexamod:EtherealExpedition","floor":8,"key":"SMITH"}],"circlet_count":0,"master_deck":["hexamod:Strike","hexamod:Strike","hexamod:Strike","hexamod:Strike","hexamod:Defend","hexamod:Defend","hexamod:Defend","hexamod:Defend","hexamod:Sear+1","hexamod:Float","hexamod:EtherealExpedition+1","hexamod:ThirdSeal","hexamod:FirstSeal","hexamod:SecondSeal","hexamod:ThermalTransfer","hexamod:RadiantFlame","hexamod:FourthSeal","hexamod:GhostOfSpirePresent","hexamod:Incineration","hexamod:HeatShield","hexamod:RecurringNightmare","hexamod:ForkedFlame","hexamod:RetreatToShadows","hexamod:ThermalTransfer","hexamod:EmpoweredFlame","hexamod:HauntingEcho","hexamod:Incineration","hexamod:HeatCrush","hexamod:PhantomFireball","hexamod:SpectralAdrenaline"],"relics":["hexamod:SpiritBrand","Du-Vu Doll","Incense Burner","Vajra","Strawberry"],"acts_visited":["Exordium"],"potions_floor_usage":[11,13,14,14,14,14,14,16,16],"damage_taken":[{"damage":1,"enemies":"Jaw Worm","floor":2,"turns":3},{"damage":0,"enemies":"2 Louse","floor":3,"turns":3},{"damage":0,"enemies":"downfall:FleeingMerchant","floor":5,"turns":4},{"damage":8,"enemies":"Small Slimes","floor":6,"turns":4},{"damage":26,"enemies":"Blue Slaver","floor":10,"turns":5},{"damage":18,"enemies":"Lagavulin","floor":11,"turns":6},{"damage":3,"enemies":"Large Slime","floor":12,"turns":3},{"damage":6,"enemies":"downfall:FleeingMerchant","floor":13,"turns":4},{"damage":17,"enemies":"3 Sentries","floor":14,"turns":7},{"damage":8,"enemies":"3 Louse","floor":15,"turns":2},{"damage":38,"enemies":"WA_ARCHETYPE_RETAIN","floor":16,"turns":4}],"seed_played":"-3673251682123102420","potions_obtained":[{"floor":6,"key":"SmokeBomb"},{"floor":6,"key":"SmokeBomb"},{"floor":10,"key":"Swift Potion"},{"floor":11,"key":"DistilledChaos"},{"floor":13,"key":"EntropicBrew"},{"floor":14,"key":"Swift Potion"},{"floor":14,"key":"Fruit Juice"},{"floor":15,"key":"Fire Potion"}],"is_trial":false,"path_per_floor":["R","M","M","?","$","M","T","R","?","M","E","M","$","E","M","B"],"character_chosen":"THE_SPIRIT","items_purchased":["hexamod:FourthSeal","hexamod:Incineration"],"campfire_rested":0,"item_purchase_floors":[5,13],"current_hp_per_floor":[77,76,76,69,76,75,75,75,50,31,20,17,18,20,12,0,0,0],"gold":112,"neow_bonus":"TEN_PERCENT_HP_BONUS","is_daily":false,"chose_seed":false,"campfire_upgraded":2,"win_rate":0.0,"timestamp":1610944711,"path_taken":["R","M","M","?","$","M","T","R","?","M","E","M","$","E","M","BOSS"],"items_purchased_type":["Card","Card"],"build_version":"2020-12-13","purchased_purges":0,"victory":false,"max_hp_per_floor":[77,77,77,77,77,77,77,77,77,77,77,77,77,89,89,89,89,89],"card_choices":[{"not_picked":["hexamod:GhostLash","hexamod:Firestarter"],"picked":"hexamod:ThermalTransfer","floor":2},{"not_picked":["hexamod:FastForward","hexamod:AdvancingGuard"],"picked":"hexamod:EtherealExpedition","floor":3},{"not_picked":["hexamod:StepThrough","hexamod:Firestarter"],"picked":"hexamod:ThermalTransfer","floor":5},{"not_picked":["hexamod:Incineration","hexamod:DynamicBlow"],"picked":"hexamod:RadiantFlame","floor":5},{"not_picked":["hexamod:ShieldOfDarkness","hexamod:InspiringFlames"],"picked":"hexamod:GhostOfSpirePresent","floor":6},{"not_picked":["hexamod:SpectersWail","hexamod:FourthSeal"],"picked":"hexamod:Incineration","floor":6},{"not_picked":["hexamod:SwordOfDarkness","hexamod:NightmareGuise"],"picked":"hexamod:HeatShield","floor":10},{"not_picked":["hexamod:SpectersWail","hexamod:GhostLash"],"picked":"hexamod:RecurringNightmare","floor":10},{"not_picked":["hexamod:CatchUp","hexamod:SwordOfDarkness"],"picked":"hexamod:ForkedFlame","floor":11},{"not_picked":["hexamod:NightmareGuise","hexamod:SwordOfDarkness"],"picked":"hexamod:RetreatToShadows","floor":11},{"not_picked":["hexamod:GhostShield","hexamod:HeatShield"],"picked":"hexamod:ThermalTransfer","floor":12},{"not_picked":["hexamod:SpectersWail","hexamod:ThermalTransfer"],"picked":"hexamod:EmpoweredFlame","floor":13},{"not_picked":["hexamod:FastForward","hexamod:NightmareStrike"],"picked":"hexamod:HauntingEcho","floor":13},{"not_picked":["hexamod:TimeOfNeed","hexamod:GhostShield"],"picked":"hexamod:HeatCrush","floor":14},{"not_picked":["hexamod:Firestarter","hexamod:RecurringNightmare"],"picked":"hexamod:PhantomFireball","floor":14},{"not_picked":["hexamod:RetreatToShadows","hexamod:RecurringNightmare"],"picked":"hexamod:SpectralAdrenaline","floor":15}],"player_experience":24813,"relics_obtained":[{"floor":7,"key":"Du-Vu Doll"},{"floor":11,"key":"Vajra"},{"floor":14,"key":"Strawberry"}],"event_choices":[{"damage_healed":0,"gold_gain":0,"player_choice":"Success","damage_taken":25,"relics_obtained":["Incense Burner"],"max_hp_gain":0,"max_hp_loss":0,"event_name":"Scrap Ooze","floor":9,"gold_loss":0}],"is_beta":false,"boss_relics":[],"items_purged_floors":[],"is_endless":false,"potions_floor_spawned":[6,14,15],"killed_by":"WA_ARCHETYPE_RETAIN","ascension_level":0}}