{"host":"8oeebsytg2tzguhe","time":1610956413,"event":{"mods":["BaseMod","GungeonMod","Minty Spire (QoL Compilation)","Replay The Spire","StSLib","The Animator","The Bug Knight"],"gold_per_floor":[117,117,117,117,42,76,104,138,165,165,165,199,234,263,351,446,446,457,457,472,472,472,501,501,531,554,583,583,583,26,26,26,130,130,144,144,144,144,144,174,174,201,201,229,229,229,229,258,258,258],"floor_reached":51,"language":"ZHS","playtime":1211,"items_purged":["HollowMod:NewJinnsSoul","HollowMod:WraithStrike"],"score":1249,"play_id":"0a9655b7-1ab4-4f7f-82bf-1befc9bc3009","local_time":"20210118155333","daily_mods":["Draft","Heirloom","Time Dilation","Flight","DeadlyEvents","Cursed Run","Elite Swarm","Lethality"],"is_ascension_mode":true,"campfire_choices":[{"data":"HollowMod:GrimmsGift","floor":10,"key":"SMITH"},{"data":"HollowMod:LordofShades","floor":24,"key":"SMITH"},{"data":"HollowMod:HuntersJournal","floor":28,"key":"SMITH"},{"data":"HollowMod:VoidDash","floor":32,"key":"SMITH"},{"floor":45,"key":"REST"}],"circlet_count":0,"master_deck":["HollowMod:DoubleDash+1","HollowMod:VengefulVoid+1","HollowMod:DescendingDark+1","HollowMod:CloakDash+1","HollowMod:VengefulVoid+1","HollowMod:VengefulVoid+1","HollowMod:GrimmsGift+1","HollowMod:DescendingDark+1","HollowMod:DoubleDash+1","HollowMod:HuntersJournal+1","HollowMod:VoidDash+1","Regret","HollowMod:SoulMaster+1","HollowMod:DashSlash+1","HollowMod:LordofShades+1","Decay","Regret","Doubt","Shame","Spreading Infection","HollowMod:AbyssShriek+1","HollowMod:DescendingDark+1","ReplayTheSpireMod:Splinters","animator:Curse_Greed","HollowMod:DescendingDark+1","Replay:Hysterical Blindness"],"relics":["Cursed Key","Darkstone Periapt","Du-Vu Doll","replay:Trail_Library","DemoMod:SevenLeafClover","NeowsBlessing","Onion Ring","Molten Egg 2","Strawberry","DemoMod:RingOfEthereal","DemoMod:WeirdEgg","NeowsBlessing","DemoMod:LamentConfigurum","DemoMod:Orange","ReplayTheSpireMod:Ninjato","Kintsugi","NeowsBlessing","Akabeko","Bottled Tornado","Ginger","Replay:Wax Seal","Thread and Needle","Whetstone","Ancient Tea Set","NeowsBlessing","Pen Nib","Bottled Flame","Philosopher\u0027s Stone","TungstenRod","Bronze Scales","Shovel","The Courier","Bag of Preparation","NeowsBlessing","DemoMod:GlassGuonStoneRelic","Nunchaku","Mark of the Bloom"],"acts_visited":["Exordium","TheCity","TheBeyond"],"potions_floor_usage":[16],"damage_taken":[{"damage":0,"enemies":"Small Slimes","floor":1,"turns":1},{"damage":0,"enemies":"Gremlin Nob","floor":6,"turns":1},{"damage":0,"enemies":"3 Sentries","floor":7,"turns":1},{"damage":0,"enemies":"Gremlin Nob","floor":8,"turns":1},{"damage":0,"enemies":"3 Sentries","floor":12,"turns":1},{"damage":0,"enemies":"Gremlin Nob","floor":13,"turns":2},{"damage":0,"enemies":"Lagavulin","floor":14,"turns":1},{"damage":48,"enemies":"The Guardian","floor":16,"turns":6},{"damage":3,"enemies":"Spheric Guardian","floor":18,"turns":2},{"damage":0,"enemies":"2 Thieves","floor":20,"turns":1},{"damage":8,"enemies":"HollowMod:Nosk","floor":23,"turns":3},{"damage":0,"enemies":"Gremlin Leader","floor":25,"turns":1},{"damage":14,"enemies":"HollowMod:Nosk","floor":27,"turns":2},{"damage":0,"enemies":"Automaton","floor":33,"turns":1},{"damage":0,"enemies":"3 Darklings","floor":35,"turns":1},{"damage":0,"enemies":"R_Hoarder","floor":40,"turns":1},{"damage":21,"enemies":"Giant Head","floor":42,"turns":5},{"damage":66,"enemies":"Nemesis","floor":44,"turns":3},{"damage":0,"enemies":"Reptomancer","floor":48,"turns":1},{"damage":0,"enemies":"HollowMod:Radiance","floor":50,"turns":1}],"seed_played":"8873802660871101384","potions_obtained":[{"floor":7,"key":"BlessingOfTheForge"},{"floor":8,"key":"SpeedPotion"},{"floor":13,"key":"Dexterity Potion"},{"floor":23,"key":"Strength Potion"}],"is_trial":true,"path_per_floor":["M","WH","WH","WH","$","E","E","E","T","R","WH","E","E","E","R","B",null,"M","WH","M","WH","?","E","R","E","T","E","R","WH","$","WH","R","B",null,"M","WH","WH","WH","WH","E","WH","E","T","E","R","WH","WH","E","R","B",null],"character_chosen":"THE_BUGKNIGHT","items_purchased":["HollowMod:DescendingDark+1","Pen Nib","Bottled Flame"],"campfire_rested":1,"item_purchase_floors":[30,30,30],"current_hp_per_floor":[75,75,82,90,90,90,90,97,103,103,103,103,115,115,115,73,133,130,143,143,143,149,141,141,141,147,133,133,133,133,148,148,154,179,179,196,215,236,259,259,284,263,269,203,290,290,319,319,319,319],"gold":258,"neow_bonus":"TEN_PERCENT_HP_BONUS","is_daily":false,"chose_seed":false,"campfire_upgraded":4,"win_rate":0.0,"timestamp":1610956413,"path_taken":["M","WH","WH","WH","$","E","E","E","T","R","WH","E","E","E","R","BOSS","M","WH","M","WH","?","E","R","E","T","E","R","WH","$","WH","R","BOSS","M","WH","WH","WH","WH","E","WH","E","T","E","R","WH","WH","E","R","BOSS"],"items_purchased_type":["Card","Relic","Relic"],"build_version":"2020-12-22","purchased_purges":2,"victory":true,"max_hp_per_floor":[75,75,82,90,90,90,90,97,103,103,103,103,115,115,115,121,133,133,146,146,146,152,152,152,152,158,158,158,158,158,173,173,179,179,179,196,215,236,259,259,284,284,290,290,290,290,319,319,319,325],"card_choices":[{"not_picked":["HollowMod:NewJinnsSoul","HollowMod:NewLittleFool"],"picked":"HollowMod:DoubleDash","floor":0},{"not_picked":["HollowMod:ChannelNail","HollowMod:QuirrelsAssistance"],"picked":"HollowMod:VengefulVoid","floor":0},{"not_picked":["HollowMod:NewLittleFool","HollowMod:HuntersJournal"],"picked":"HollowMod:DescendingDark","floor":0},{"not_picked":["HollowMod:Grubsong","HollowMod:LifebloodCocoon"],"picked":"HollowMod:CloakDash","floor":0},{"not_picked":["HollowMod:GreatSlash","HollowMod:ChannelNail"],"picked":"HollowMod:VengefulVoid","floor":0},{"not_picked":["HollowMod:ShapeofUnn","HollowMod:HowlingWraiths"],"picked":"HollowMod:VengefulVoid","floor":0},{"not_picked":["HollowMod:ChannelNail","HollowMod:CornifersMapStart"],"picked":"HollowMod:GrimmsGift","floor":0},{"not_picked":["HollowMod:PureNailStrike","HollowMod:TaintedHusks"],"picked":"HollowMod:DescendingDark","floor":0},{"not_picked":["HollowMod:CornifersMapStart","HollowMod:SoulSplash"],"picked":"HollowMod:FastStrike","floor":0},{"not_picked":["HollowMod:DesolateDive","HollowMod:SoulShaman"],"picked":"HollowMod:GoodIntentions","floor":0},{"not_picked":["HollowMod:DescendingDark","HollowMod:CloakDash"],"picked":"HollowMod:DoubleDash","floor":0},{"not_picked":["HollowMod:NewJinnsSoul","HollowMod:MothsMistake"],"picked":"HollowMod:RecoilStrike","floor":0},{"not_picked":["HollowMod:NewJinnsSoul","HollowMod:FastStrike"],"picked":"HollowMod:WraithStrike","floor":0},{"not_picked":["HollowMod:SoulStrike","HollowMod:DashSlash"],"picked":"HollowMod:HuntersJournal","floor":0},{"not_picked":["HollowMod:InfectedCysts","HollowMod:SoulEater"],"picked":"HollowMod:NewJinnsSoul","floor":0},{"not_picked":["HollowMod:LifebloodCocoon","HollowMod:TaintedHusks"],"picked":"HollowMod:WraithStrike","floor":1},{"not_picked":["HollowMod:HornetsHelp","HollowMod:PureVessel","HollowMod:AwokenDreamNail"],"picked":"SKIP","floor":6},{"not_picked":["HollowMod:theNailsmith","HollowMod:ZotesMagnificence+1"],"picked":"HollowMod:VoidDash","floor":7},{"not_picked":["HollowMod:AwokenDreamNail+1","HollowMod:HornetsHelp+1","HollowMod:PureVessel"],"picked":"SKIP","floor":8},{"not_picked":["HollowMod:PureVessel","HollowMod:ElderbugsWisdom"],"picked":"HollowMod:SoulMaster","floor":9},{"not_picked":["HollowMod:Hiveblood","HollowMod:HornetsHelp+1"],"picked":"HollowMod:SlysStrikes","floor":12},{"not_picked":["HollowMod:SoulMaster","HollowMod:Weaversong"],"picked":"HollowMod:LordofShades","floor":13},{"not_picked":["HollowMod:NewInfectedGuardian","HollowMod:MidwifesHunger+1","HollowMod:SoulMaster"],"picked":"SKIP","floor":14},{"not_picked":["HollowMod:ChannelNail","HollowMod:CornifersMapStart+1","HollowMod:NewLittleFool+1"],"picked":"SKIP","floor":18},{"not_picked":["HollowMod:InfectedCysts+1","HollowMod:QuirrelsAssistance+1","HollowMod:HuntersJournal"],"picked":"SKIP","floor":20},{"not_picked":["HollowMod:ZotesMagnificence+1","HollowMod:LifebloodCore","HollowMod:SoulMaster"],"picked":"SKIP","floor":23},{"not_picked":["HollowMod:Weaversong","HollowMod:SlysStrikes","HollowMod:PureVessel"],"picked":"SKIP","floor":25},{"not_picked":["HollowMod:MidwifesHunger","HollowMod:theNailsmith","HollowMod:HornetsHelp"],"picked":"SKIP","floor":26},{"not_picked":["HollowMod:MidwifesHunger+1","HollowMod:theNailsmith","HollowMod:VoidDash"],"picked":"SKIP","floor":27},{"not_picked":["HollowMod:DoubleDash","HollowMod:LifebloodCocoon","HollowMod:FastStrike+1"],"picked":"SKIP","floor":35},{"not_picked":["HollowMod:LifebloodCore","HollowMod:ZotesMagnificence+1","HollowMod:Hiveblood"],"picked":"SKIP","floor":40},{"not_picked":["HollowMod:ZotesMagnificence+1","HollowMod:SoulMaster","HollowMod:LifebloodCore"],"picked":"SKIP","floor":42},{"not_picked":["HollowMod:ElderbugsWisdom","HollowMod:SlysStrikes","HollowMod:Weaversong"],"picked":"SKIP","floor":43},{"not_picked":["HollowMod:MidwifesHunger+1","HollowMod:AwokenDreamNail+1","HollowMod:LordofShades"],"picked":"SKIP","floor":44},{"not_picked":["HollowMod:SoulMaster","HollowMod:Weaversong","HollowMod:PureVessel"],"picked":"SKIP","floor":48}],"player_experience":65255,"relics_obtained":[{"floor":6,"key":"Onion Ring"},{"floor":7,"key":"Molten Egg 2"},{"floor":8,"key":"Strawberry"},{"floor":9,"key":"DemoMod:RingOfEthereal"},{"floor":9,"key":"DemoMod:WeirdEgg"},{"floor":12,"key":"DemoMod:LamentConfigurum"},{"floor":13,"key":"DemoMod:Orange"},{"floor":14,"key":"ReplayTheSpireMod:Ninjato"},{"floor":23,"key":"Bottled Tornado"},{"floor":25,"key":"Replay:Wax Seal"},{"floor":26,"key":"Thread and Needle"},{"floor":26,"key":"Whetstone"},{"floor":27,"key":"Ancient Tea Set"},{"floor":40,"key":"TungstenRod"},{"floor":42,"key":"Bronze Scales"},{"floor":43,"key":"Shovel"},{"floor":43,"key":"The Courier"},{"floor":44,"key":"Bag of Preparation"},{"floor":48,"key":"Nunchaku"}],"event_choices":[{"damage_healed":0,"gold_gain":0,"player_choice":"Stole Relic","damage_taken":0,"relics_obtained":["Akabeko"],"max_hp_gain":0,"max_hp_loss":0,"event_name":"Addict","floor":22,"gold_loss":0,"cards_obtained":["Shame"]},{"damage_healed":0,"gold_gain":0,"player_choice":"Upgrade","damage_taken":0,"relics_obtained":["Mark of the Bloom"],"max_hp_gain":0,"max_hp_loss":0,"event_name":"MindBloom","floor":49,"gold_loss":0,"cards_upgraded":["HollowMod:DoubleDash","HollowMod:VengefulVoid","HollowMod:CloakDash","HollowMod:VengefulVoid","HollowMod:DescendingDark","HollowMod:DoubleDash","HollowMod:SoulMaster"]}],"is_beta":false,"boss_relics":[{"not_picked":["Replay:Grab Bag","Replay:Wanted Poster"],"picked":"Kintsugi"},{"not_picked":["Empty Cage","Painkiller Herb"],"picked":"Philosopher\u0027s Stone"}],"items_purged_floors":[5,30],"is_endless":false,"potions_floor_spawned":[7,8,13,23,25,33,35,40],"ascension_level":1}}