{"host":"g5ztulhog0otympt","time":1610958855,"event":{"mods":["AchievementEnabler","BaseMod","Downfall","Hermit","Minty Spire (QoL Compilation)","StSLib","The Cursed"],"gold_per_floor":[17,17,37,37,37,50,50,68,68,87,162,162,9,37,37,137,137,148,148,63,12,27,56,56,74,74,74,74,89,89,89],"floor_reached":30,"language":"ENG","playtime":1592,"items_purged":[],"score":248,"play_id":"f8148e9e-e519-4ead-86e5-c8947e213cf8","local_time":"20210118103415","is_ascension_mode":false,"campfire_choices":[{"floor":7.0,"key":"REST"},{"floor":12.0,"key":"REST"},{"data":"Caltrops","floor":15.0,"key":"SMITH"},{"floor":24,"key":"REST"},{"floor":27,"key":"REST"}],"circlet_count":0,"master_deck":["Defend_G","Defend_G","Defend_G","Defend_G","Defend_G","Survivor","Neutralize","Caltrops+1","Endless Agony","Poisoned Stab","Die Die Die","Blur","Slimebound:Tackle+1","Slimebound:Tackle+1","Slimebound:Tackle+1","Slice+1","All Out Attack","Quick Slash+1","Dagger Spray"],"relics":["Ring of the Snake","Turnip","FaceOfCleric","Frozen Egg 2","PreservedInsect","The Specimen","Black Star","Bag of Preparation","Happy Flower","Oddly Smooth Stone","Blood Vial","InkBottle"],"acts_visited":["Exordium","TheCity"],"potions_floor_usage":[22,22,29,30],"damage_taken":[{"damage":3.0,"enemies":"Small Slimes","floor":1.0,"turns":4.0},{"damage":0.0,"enemies":"Jaw Worm","floor":3.0,"turns":2.0},{"damage":1.0,"enemies":"Cultist","floor":6.0,"turns":4.0},{"damage":3.0,"enemies":"Exordium Wildlife","floor":8.0,"turns":4.0},{"damage":5.0,"enemies":"Looter","floor":10.0,"turns":3.0},{"damage":14.0,"enemies":"Gremlin Nob","floor":14.0,"turns":3.0},{"damage":51.0,"enemies":"Hexaghost","floor":16.0,"turns":12.0},{"damage":10.0,"enemies":"3 Byrds","floor":18.0,"turns":4.0},{"damage":27,"enemies":"Shell Parasite","floor":22,"turns":3},{"damage":20,"enemies":"Gremlin Leader","floor":23,"turns":4},{"damage":20,"enemies":"Centurion and Healer","floor":25,"turns":5},{"damage":42,"enemies":"Cultist and Chosen","floor":29,"turns":7},{"damage":13,"enemies":"Snake Plant","floor":30,"turns":4}],"seed_played":"-4647251439713758652","potions_obtained":[{"floor":1.0,"key":"CunningPotion"},{"floor":3.0,"key":"champ:CounterPotion"},{"floor":16.0,"key":"SteroidPotion"},{"floor":25,"key":"SpeedPotion"},{"floor":29,"key":"AttackPotion"}],"is_trial":false,"path_per_floor":["M","?","M","?","$","M","R","M","T","M","?","R","$","E","R","B",null,"M","?","?","$","M","E","R","M","T","R","T","M","M"],"character_chosen":"THE_SILENT","items_purchased":["PreservedInsect","hexamod:SoulburnPotion"],"campfire_rested":4,"item_purchase_floors":[13,21],"current_hp_per_floor":[67,53,53,53,53,53,71,69,69,65,54,73,73,60,60,10,75,66,66,66,66,40,21,44,25,25,48,48,9,0,0],"gold":89,"neow_bonus":"ONE_RARE_RELIC","is_daily":false,"chose_seed":false,"campfire_upgraded":1,"win_rate":0.0,"timestamp":1610958855,"path_taken":["M","?","M","?","$","?","R","M","T","M","?","R","$","E","R","BOSS","M","?","?","$","M","E","R","M","T","R","?","?","M"],"items_purchased_type":["Relic","Potion"],"build_version":"2020-12-22","purchased_purges":0,"victory":false,"max_hp_per_floor":[70,70,70,70,70,71,71,72,72,73,73,73,73,74,74,75,75,76,76,76,76,77,78,78,79,79,79,79,80,80,80],"card_choices":[{"not_picked":["Reflex","PiercingWail","Acrobatics"],"picked":"SKIP","floor":1.0},{"not_picked":["Dash","Sucker Punch"],"picked":"Caltrops","floor":3.0},{"not_picked":["Choke","Blur"],"picked":"Endless Agony","floor":6.0},{"not_picked":["Dagger Throw","Underhanded Strike","Dodge and Roll"],"picked":"SKIP","floor":8.0},{"not_picked":["Acrobatics","Expertise"],"picked":"Poisoned Stab","floor":10.0},{"not_picked":["Dagger Throw","Choke","Wraith Form v2+1"],"picked":"SKIP","floor":14.0},{"not_picked":["Burst","Adrenaline"],"picked":"Die Die Die","floor":16.0},{"not_picked":["Prepared","Blade Dance"],"picked":"Blur","floor":18.0},{"not_picked":["Cloak And Dagger","Catalyst"],"picked":"Slice+1","floor":22},{"not_picked":["Deflect","Corpse Explosion"],"picked":"All Out Attack","floor":23},{"not_picked":["Masterful Stab","Acrobatics"],"picked":"Quick Slash+1","floor":25},{"not_picked":["Deadly Poison+1","Dagger Throw+1"],"picked":"Dagger Spray","floor":29}],"player_experience":86303,"relics_obtained":[{"floor":9.0,"key":"Frozen Egg 2"},{"floor":14.0,"key":"The Specimen"},{"floor":23,"key":"Happy Flower"},{"floor":23,"key":"Oddly Smooth Stone"},{"floor":26,"key":"Blood Vial"},{"floor":28,"key":"InkBottle"}],"event_choices":[{"damage_healed":0.0,"max_hp_gain":0.0,"max_hp_loss":0.0,"gold_gain":0.0,"event_name":"Shining Light","player_choice":"Entered Light","floor":2.0,"gold_loss":0.0,"damage_taken":14.0,"cards_upgraded":["Strike_G","Strike_G"]},{"damage_healed":0.0,"max_hp_gain":0.0,"max_hp_loss":0.0,"gold_gain":0.0,"event_name":"FaceTrader","player_choice":"Trade","floor":4.0,"gold_loss":0.0,"damage_taken":0.0,"relics_obtained":["FaceOfCleric"]},{"damage_healed":0.0,"max_hp_gain":0.0,"max_hp_loss":0.0,"gold_gain":75.0,"event_name":"World of Goop","player_choice":"Gather Gold","floor":11.0,"gold_loss":0.0,"damage_taken":11.0},{"damage_healed":0.0,"max_hp_gain":0.0,"max_hp_loss":0.0,"gold_gain":0.0,"event_name":"Addict","player_choice":"Obtained Relic","floor":20.0,"gold_loss":85.0,"damage_taken":0.0,"relics_obtained":["Bag of Preparation"]}],"is_beta":false,"boss_relics":[{"not_picked":["Velvet Choker","HoveringKite"],"picked":"Black Star"}],"items_purged_floors":[],"is_endless":false,"potions_floor_spawned":[1,3,8,16,25,29],"killed_by":"Snake Plant","ascension_level":0}}