{"host":"tq99ucv8ezzqzioe","time":1610933115,"event":{"mods":["BaseMod","Colored Map","Downfall","Highlight Path","Minty Spire (QoL Compilation)","StSLib"],"gold_per_floor":[99,24,76,76,76,102,126,154,154,79,108,33,46,62,72,170,170,170,185,195,280,280,205,281,302,43,72,179,195,36,36,52,156,156,156,169,189,208,364,393,393,393,393],"floor_reached":42,"language":"ENG","playtime":5351,"items_purged":["hexamod:Strike","hexamod:Defend"],"score":562,"play_id":"0f35a35f-32bc-4013-b5e8-268490cb587a","local_time":"20210117202515","is_ascension_mode":false,"campfire_choices":[{"data":"hexamod:Float","floor":1.0,"key":"SMITH"},{"floor":10.0,"key":"REST"},{"floor":12.0,"key":"REST"},{"floor":18.0,"key":"RECALL"},{"floor":23.0,"key":"REST"},{"floor":35,"key":"REST"}],"circlet_count":0,"master_deck":["hexamod:Defend","hexamod:Defend","hexamod:Defend+1","hexamod:Sear","hexamod:Float+1","hexamod:NightmareGuise","hexamod:SoulSteal","hexamod:SoulSteal+1","hexamod:FastForward+1","hexamod:BurningTouch+1","hexamod:HeatMetal","hexamod:Firestarter","hexamod:BurningTouch+1","hexamod:BurningTouch+1","hexamod:GhostflameInferno+1","hexamod:Hexaguard+1","hexamod:FastForward+1","hexamod:StepThrough+1","hexamod:RadiantFlame+1","hexamod:Firestarter","hexamod:BurningTouch+1","hexamod:ExtraCrispy","hexamod:NightmareGuise+1","hexamod:WildfireWeapon","hexamod:HeatMetal+1","hexamod:GhostflameInferno+1","hexamod:RecurringNightmare+1","hexamod:SpectralAdrenaline+1","hexamod:HeatShield+1","hexamod:NightmareGuise+1","hexamod:BurningTouch+1","hexamod:NecessarySacrifice+1"],"relics":["hexamod:SpiritBrand","downfall:HeartsMalice","Ancient Tea Set","Boot","Toxic Egg 2","downfall:HeartBlessingBlue","Gremlin Horn","downfall:HeartBlessingGreen","Fusion Hammer","downfall:HeartBlessingRed","Sundial","hexamod:InflammatoryLetter","StrikeDummy","hexamod:TheBrokenSeal","MutagenicStrength","ClockworkSouvenir","Astrolabe","Bird Faced Urn","Peace Pipe"],"acts_visited":["Exordium","TheCity","TheBeyond"],"potions_floor_usage":[30,40],"damage_taken":[{"damage":0.0,"enemies":"downfall:FleeingMerchant","floor":2.0,"turns":1.0},{"damage":0.0,"enemies":"Cultist","floor":4.0,"turns":1.0},{"damage":0.0,"enemies":"2 Louse","floor":5.0,"turns":1.0},{"damage":55.0,"enemies":"Gremlin Nob","floor":6.0,"turns":6.0},{"damage":11.0,"enemies":"3 Sentries","floor":8.0,"turns":6.0},{"damage":38.0,"enemies":"Gremlin Nob","floor":11.0,"turns":5.0},{"damage":0.0,"enemies":"Small Slimes","floor":13.0,"turns":3.0},{"damage":0.0,"enemies":"Exordium Thugs","floor":14.0,"turns":3.0},{"damage":0.0,"enemies":"Blue Slaver","floor":15.0,"turns":3.0},{"damage":42.0,"enemies":"downfall:Ironclad","floor":16.0,"turns":7.0},{"damage":4.0,"enemies":"Chosen","floor":19.0,"turns":3.0},{"damage":0.0,"enemies":"Spheric Guardian","floor":20.0,"turns":3.0},{"damage":4.0,"enemies":"Cultist and Chosen","floor":25.0,"turns":4.0},{"damage":10.0,"enemies":"downfall:FleeingMerchant","floor":26.0,"turns":4.0},{"damage":28.0,"enemies":"Book of Stabbing","floor":27.0,"turns":6.0},{"damage":41.0,"enemies":"downfall:Augmenter","floor":28.0,"turns":6.0},{"damage":6,"enemies":"Shelled Parasite and Fungi","floor":29,"turns":3},{"damage":0,"enemies":"downfall:FleeingMerchant","floor":30,"turns":4},{"damage":7,"enemies":"Centurion and Healer","floor":32,"turns":4},{"damage":17,"enemies":"WA_ARCHETYPE_CALM","floor":33,"turns":7},{"damage":9,"enemies":"3 Shapes","floor":36,"turns":3},{"damage":0,"enemies":"Orb Walker","floor":37,"turns":3},{"damage":0,"enemies":"Maw","floor":38,"turns":6},{"damage":0,"enemies":"downfall:FleeingMerchant","floor":39,"turns":3},{"damage":81,"enemies":"Giant Head","floor":40,"turns":9},{"damage":40,"enemies":"Writhing Mass","floor":42,"turns":2}],"seed_played":"4653579317223818077","potions_obtained":[{"floor":6.0,"key":"Slimebound:ThreeZeroPotion"},{"floor":6.0,"key":"FearPotion"},{"floor":8.0,"key":"EntropicBrew"},{"floor":8.0,"key":"Strength Potion"},{"floor":9.0,"key":"hexamod:EctoCoolerPotion"},{"floor":9.0,"key":"Explosive Potion"},{"floor":11.0,"key":"Explosive Potion"},{"floor":13.0,"key":"Weak Potion"},{"floor":13.0,"key":"Swift Potion"},{"floor":15.0,"key":"Swift Potion"},{"floor":15.0,"key":"Guardian:BlockOnCardUsePotion"},{"floor":20.0,"key":"hexamod:DoubleChargePotion"},{"floor":20.0,"key":"Fire Potion"},{"floor":25.0,"key":"FairyPotion"},{"floor":28,"key":"BlessingOfTheForge"},{"floor":29,"key":"GamblersBrew"},{"floor":33,"key":"Weak Potion"},{"floor":36,"key":"Ancient Potion"}],"is_trial":false,"path_per_floor":["R","$","T","M","M","E","T","E","?","R","E","R","M","M","M","B",null,"R","M","M","?","?","R","T","M","$","E","?","M","$","?","M","B",null,"R","M","M","M","$","E","T","M"],"character_chosen":"THE_SPIRIT","items_purchased":["hexamod:InflammatoryLetter","ClockworkSouvenir","DuplicationPotion"],"campfire_rested":4,"item_purchase_floors":[26,30,39],"current_hp_per_floor":[70,70,70,70,70,15,15,4,4,38,24,48,48,48,48,6,80,80,76,76,62,62,80,80,76,66,45,90,84,84,84,77,60,90,90,81,81,81,81,27,27,0,0],"gold":393,"neow_bonus":"THREE_ENEMY_KILL","is_daily":false,"chose_seed":false,"campfire_upgraded":1,"win_rate":0.0,"timestamp":1610933115,"path_taken":["R","?","?","M","M","E","T","E","?","R","E","R","?","M","M","BOSS","R","M","M","?","?","R","T","?","$","E","?","M","$","?","M","BOSS","R","M","M","M","$","E","T","M"],"items_purchased_type":["Relic","Relic","Potion"],"build_version":"2020-12-22","purchased_purges":2,"victory":false,"max_hp_per_floor":[70,70,70,70,70,70,70,70,70,80,80,80,80,80,80,80,80,80,80,80,80,80,80,80,80,80,80,90,90,90,90,90,90,90,90,90,90,90,90,90,90,90,90],"card_choices":[{"not_picked":["hexamod:ThermalTransfer","hexamod:Firestarter"],"picked":"hexamod:NightmareGuise","floor":2.0},{"not_picked":["hexamod:InspiringFlames","hexamod:SwordOfDarkness"],"picked":"hexamod:FourthSeal","floor":4.0},{"not_picked":["hexamod:ShieldOfDarkness","hexamod:ThermalTransfer"],"picked":"hexamod:SoulSteal","floor":5.0},{"not_picked":["hexamod:Firestarter","hexamod:BacktrackSmack"],"picked":"hexamod:SoulSteal","floor":6.0},{"not_picked":["hexamod:Haunt+1","hexamod:EmpoweringStance"],"picked":"hexamod:FastForward+1","floor":8.0},{"not_picked":["hexamod:PhantomCloak","hexamod:FirstSeal"],"picked":"hexamod:ThirdSeal","floor":11.0},{"not_picked":["hexamod:HeatMetal","hexamod:ThermalTransfer"],"picked":"hexamod:BurningTouch+1","floor":13.0},{"not_picked":["hexamod:NightmareGuise+1","hexamod:FastForward+1"],"picked":"hexamod:HeatMetal","floor":13.0},{"not_picked":["hexamod:RainOfEmbers","hexamod:NightmareStrike"],"picked":"hexamod:Firestarter","floor":14.0},{"not_picked":["hexamod:FifthSeal","hexamod:HauntingEcho"],"picked":"hexamod:BurningTouch+1","floor":15.0},{"not_picked":["hexamod:NightmareStrike","hexamod:GhostLash"],"picked":"hexamod:BurningTouch+1","floor":15.0},{"not_picked":["hexamod:TimeWarp","hexamod:HexaLevel"],"picked":"hexamod:GhostflameInferno+1","floor":16.0},{"not_picked":["hexamod:CrushingStance","hexamod:TimeOfNeed+1"],"picked":"hexamod:FifthSeal","floor":16.0},{"not_picked":["hexamod:ThirdSeal","hexamod:FourthSeal"],"picked":"hexamod:SecondSeal","floor":19.0},{"not_picked":["hexamod:GhostShield+1","hexamod:ShieldOfDarkness+1"],"picked":"hexamod:Hexaguard+1","floor":19.0},{"not_picked":["hexamod:SpectralAdrenaline+1","hexamod:Haunt+1"],"picked":"hexamod:FastForward+1","floor":20.0},{"not_picked":["hexamod:GhostShield+1","hexamod:ChargedBarrage+1"],"picked":"hexamod:StepThrough+1","floor":20.0},{"not_picked":["hexamod:Hexaguard+1","hexamod:RainOfEmbers"],"picked":"hexamod:RadiantFlame+1","floor":25.0},{"not_picked":["hexamod:FourthSeal","hexamod:ThirdSeal"],"picked":"hexamod:SixthSeal","floor":25.0},{"not_picked":["hexamod:NightmareGuise+1","hexamod:SpectralAdrenaline+1"],"picked":"hexamod:Firestarter","floor":25.0},{"not_picked":["hexamod:FourthSeal","hexamod:ThirdSeal"],"picked":"hexamod:FirstSeal","floor":26.0},{"not_picked":["hexamod:NightmareGuise+1","hexamod:GhostOfSpireFuture+1"],"picked":"hexamod:BurningTouch+1","floor":26.0},{"not_picked":["hexamod:GhostLash","hexamod:TimeWarp"],"picked":"hexamod:ExtraCrispy","floor":27.0},{"not_picked":["hexamod:Incineration","hexamod:CatchUp+1"],"picked":"hexamod:NightmareGuise+1","floor":27.0},{"not_picked":["hexamod:HauntingEcho+1","hexamod:DynamicBlow","hexamod:ShieldOfDarkness+1"],"picked":"SKIP","floor":29},{"not_picked":["hexamod:GhostOfSpirePast","hexamod:EmpoweredFlame"],"picked":"hexamod:WildfireWeapon","floor":30},{"not_picked":["hexamod:NightmareGuise+1","hexamod:ThirdSeal"],"picked":"hexamod:HeatMetal+1","floor":32},{"not_picked":["hexamod:GhostOfSpirePresent","hexamod:FifthSeal"],"picked":"hexamod:GhostflameInferno+1","floor":33},{"not_picked":["hexamod:SecondSeal","hexamod:GhostShield+1","hexamod:FourthSeal"],"picked":"SKIP","floor":36},{"not_picked":["hexamod:GhostShield+1","hexamod:Rewind+1","hexamod:BacktrackSmack+1"],"picked":"SKIP","floor":37},{"not_picked":["hexamod:ThermalTransfer+1","hexamod:SecondSeal"],"picked":"hexamod:NightmareGuise+1","floor":38},{"not_picked":["hexamod:ShieldOfDarkness+1","hexamod:GhostOfSpirePresent"],"picked":"hexamod:BurningTouch+1","floor":39},{"not_picked":["hexamod:NightmareStrike","hexamod:DynamicBlow"],"picked":"hexamod:NecessarySacrifice+1","floor":40}],"player_experience":677205,"relics_obtained":[{"floor":6.0,"key":"Ancient Tea Set"},{"floor":7.0,"key":"Boot"},{"floor":8.0,"key":"Toxic Egg 2"},{"floor":11.0,"key":"Gremlin Horn"},{"floor":24.0,"key":"Sundial"},{"floor":27.0,"key":"StrikeDummy"},{"floor":28,"key":"MutagenicStrength"},{"floor":40,"key":"Bird Faced Urn"},{"floor":41,"key":"Peace Pipe"}],"event_choices":[{"damage_healed":0.0,"max_hp_gain":0.0,"max_hp_loss":0.0,"gold_gain":0.0,"event_name":"Lab","player_choice":"Got Potions","floor":9.0,"gold_loss":0.0,"damage_taken":0.0}],"is_beta":false,"boss_relics":[{"not_picked":["Runic Dome","Snecko Eye"],"picked":"Fusion Hammer"},{"not_picked":["Pandora\u0027s Box","SacredBark"],"picked":"Astrolabe"}],"items_purged_floors":[2,39],"is_endless":false,"potions_floor_spawned":[6,8,13,15,20,25,29,33,36,37],"killed_by":"Writhing Mass","ascension_level":0}}