{"host":"leop","time":1610988733,"event":{"mods":["ATMod(°¢èªMod)","Act Like it!","BaseMod","GifTheSpireLib","Minty Spire (QoL Compilation)","MostiFishMod","Shop Mod","Spicy Shops","StSLib","TestMod","The Alterego","[IsaacMod]ÒÔÈö¼âËþ","¡¾ÒÅÎï¿¨ÅÆ¡¿REMEMod"],"gold_per_floor":[115,135,135,155,155,189,189,220,220,220,243,263,291,307,307,436,436,502,309,359,390,415,461,570,635,674,686,1787,1893,1893,2030,2030,2316,2333,2513,2513,2647,2671,2745,2934,3234,3438,3517,4825,5021,5420,5420,5429,5429,5826,5826,5826,5905,6256,6440],"floor_reached":56,"language":"ZHS","playtime":3659,"items_purged":["alterego_mod:Defend","alterego_mod:Defend","alterego_mod:Defend","Normality","alterego_mod:Strike","alterego_mod:Defend","alterego_mod:Strike","alterego_mod:Strike+1","alterego_mod:BigMeatyClaws","alterego_mod:1TonWallop","alterego_mod:BrynhildrsRune+1"],"score":1739,"play_id":"3a447d80-7c0d-4d9f-a92f-d6adc1c1f93b","local_time":"20210119005213","is_ascension_mode":false,"campfire_choices":[{"data":"alterego_mod:PerceptionDisorder","floor":10.0,"key":"SMITH"},{"data":"BettingIsNotGood","floor":15.0,"key":"SMITH"},{"floor":27.0,"key":"RECALL"},{"data":"alterego_mod:Strike","floor":32.0,"key":"PURGE"},{"data":"BettingIsNotGood+1","floor":49.0,"key":"PURGE"},{"data":"alterego_mod:Complex+1","floor":52.0,"key":"PURGE"}],"circlet_count":26,"master_deck":["alterego_mod:Impale+1","alterego_mod:Cushion+1","alterego_mod:PerceptionDisorder+1","alterego_mod:SakuraFive+1","alterego_mod:Clones","alterego_mod:TrashNCrash+1","alterego_mod:Mirror+1","alterego_mod:Antipathy+1","alterego_mod:Lingerie","alterego_mod:1TonWallop+1","alterego_mod:BrynhildrRomantia+1","alterego_mod:Birthday+1","alterego_mod:Exercise+1","alterego_mod:Birthday+1","alterego_mod:Palingenesis+19","alterego_mod:AlterEgo+1","alterego_mod:TrashNCrash+1","alterego_mod:Venus+1","alterego_mod:Rake+1","alterego_mod:Birthday+1","alterego_mod:Palingenesis+15","Cleave+1","PathToVictory+1","alterego_mod:Rake+1","alterego_mod:Cycle+1","Melter+1"],"relics":["alterego_mod:MasochisticConstitution","testmod-TestBox","DaveBox","REME_ComplimentaryCards","AT_ATBox","HushsDoor","NeowsBlessing","testmod-CyclicPeriapt","Transparent","DeadEye","SynthV:TestCard","AT_ForceNature","Mummified Hand","Odd Mushroom","testmod-RainbowHikingShoes","testmod-BloodSacrificeSpiritualization","SteamSale","alterego_mod:SistersRibbon","MerchantsRug","The Courier","Akabeko","Oddly Smooth Stone","Membership Card","Gremlin Horn","AT_MibuBalloonWealth","Ornamental Fan","Bottled Flame","BlankCard","testmod-TurbochargingSystem","BookOfRevelations","testmod-ArcanaOfDestiny","TheBible","Nunchaku","Du-Vu Doll","Sundial","HowToJump","Prayer Wheel","Diplopia","testmod-Antiphasic","testmod-Hope","MealTicket","Thread and Needle","Toy Ornithopter","AT_TimeSand","testmod-AssaultLearning","Mercury Hourglass","Ancient Tea Set","AT_BladeRuinedKing","Dream Catcher","Orichalcum","BelialBook","CeramicFish","Singing Bowl","AT_EbonyIvory","Blood Vial","AT_ImmortalShieldbow","OriginationStaff","Centennial Puzzle","Happy Flower","Torii","TheBean","Bottled Lightning","testmod-ConstraintPeriapt","Ice Cream","testmod-BlackFramedGlasses","AT_SpeedBoots","REME_LimitBreaker","testmod-IndustrialRevolution","SharpPlug","testmod-Fortitude","testmod-Justice","testmod-LifeArmor","Vajra","testmod-Acrobat","Art of War","SalivaCoin","DeathBook","Molten Egg 2","AT_DeathDance","Letter Opener","testmod-OneHitWonder","Bag of Marbles","AT_RedTearstoneRing","Anchor","AT_ChloranthyRing","Boot","BookofShadows","AT_ArchangelStaff","REME_IWantAll","Regal Pillow","D6","PillsDrop","Bag of Preparation","Juzu Bracelet","REME_ArchaeologicalTools","Kunai","Shuriken","Lantern","Lizard Tail","Frozen Egg 2","Bird Faced Urn","Eternal Feather","AT_Manta","Strawberry","PreservedInsect","Habit","AT_SunfireAegis","ImprovedEquipment","HornCleat","testmod-InjuryResistance","GnawedLeaf","Pantograph","StrikeDummy","AT_BellDemon","Tiny Chest","Darkstone Periapt","Turnip","Blue Candle","testmod-D¨¦j¨¤vu","Meat on the Bone","White Beast Statue","AT_SilvercatRing","UnicornStump","DaCapo","DoctorsRemote","TuHaoJin","Toxic Egg 2","AT_BellowingDragoncrestRing","Peace Pipe","Shovel","testmod-Muramasa","testmod-Nyarlathotep","AT_RabadonDeathcap","EdensBlessing","Incense Burner","Unceasing Top","CaptainsWheel","D4","YumHeart","Ginger","TungstenRod","Dead Branch","DianDianMeat","Calipers","BionicSphere","AT_Kusabimaru","testmod-CrystalShield","Void","PokeGo","AT_LudenTempest","GuppysTail","AT_GoldPhoenixTree","testmod-CasingShield","GuppysPaw","MostiFishMod:Haymaker","testmod-HeartOfStrike","testmod-Laevatain","testmod-Alchemist","testmod-Maize","testmod-IntensifyImprint","Gambling Chip","FossilizedHelix","AT_TheCollector","ForgetMeNow","Circlet","SacredBark","PrismaticShard","HandDrill","BloodBag","BFFS","BirthdayGift-Tetrahedron","Toolbox","Frozen Eye","OrangePellets","Chemical X"],"acts_visited":["Exordium","TheCity","TheBeyond","TheEnding"],"potions_floor_usage":[],"damage_taken":[{"damage":7.0,"enemies":"2 Louse","floor":1.0,"turns":1.0},{"damage":10.0,"enemies":"Jaw Worm","floor":2.0,"turns":1.0},{"damage":8.0,"enemies":"Cultist","floor":4.0,"turns":1.0},{"damage":10.0,"enemies":"Lagavulin","floor":6.0,"turns":2.0},{"damage":14.0,"enemies":"3 Sentries","floor":8.0,"turns":2.0},{"damage":3.0,"enemies":"The Mushroom Lair","floor":11.0,"turns":1.0},{"damage":3.0,"enemies":"Looter","floor":12.0,"turns":1.0},{"damage":6.0,"enemies":"Lagavulin","floor":13.0,"turns":2.0},{"damage":10.0,"enemies":"Exordium Thugs","floor":14.0,"turns":2.0},{"damage":13.0,"enemies":"Slime Boss","floor":16.0,"turns":3.0},{"damage":30.0,"enemies":"Chosen","floor":18.0,"turns":3.0},{"damage":39.0,"enemies":"Hiden Room Battle","floor":20.0,"turns":3.0},{"damage":8.0,"enemies":"Spheric Guardian","floor":21.0,"turns":1.0},{"damage":30.0,"enemies":"Shelled Parasite and Fungi","floor":22.0,"turns":3.0},{"damage":19.0,"enemies":"REME_1_Revenger","floor":23.0,"turns":2.0},{"damage":25.0,"enemies":"Cultist and Chosen","floor":24.0,"turns":4.0},{"damage":57.0,"enemies":"Slavers","floor":25.0,"turns":4.0},{"damage":9.0,"enemies":"Centurion and Healer","floor":29.0,"turns":1.0},{"damage":10.0,"enemies":"3 Cultists","floor":31.0,"turns":1.0},{"damage":9.0,"enemies":"Collector","floor":33.0,"turns":1.0},{"damage":9.0,"enemies":"3 Darklings","floor":35.0,"turns":1.0},{"damage":9.0,"enemies":"2 Orb Walkers","floor":37.0,"turns":1.0},{"damage":8.0,"enemies":"Nemesis","floor":40.0,"turns":1.0},{"damage":8.0,"enemies":"Giant Head","floor":42.0,"turns":1.0},{"damage":9.0,"enemies":"Nemesis","floor":45.0,"turns":1.0},{"damage":9.0,"enemies":"Awakened One","floor":50.0,"turns":2.0},{"damage":13.0,"enemies":"Shield and Spear","floor":54.0,"turns":1.0},{"damage":12,"enemies":"Delirium","floor":55,"turns":1}],"seed_played":"3129422557989590067","potions_obtained":[{"floor":2.0,"key":"Swift Potion"},{"floor":8.0,"key":"DistilledChaos"},{"floor":11.0,"key":"DistilledChaos"},{"floor":21.0,"key":"Energy Potion"},{"floor":33.0,"key":"Block Potion"},{"floor":40.0,"key":"testmod-SpacePotion"}],"is_trial":false,"path_per_floor":["M","M","?","M","T","E","?","E","T","R","?","M","E","M","R","B",null,"M","$","?","M","M","E","M","E","T","R","$","M","?","M","R","B",null,"M","?","?","$","T","E","?","E","T","$","E","$","?","?","R","B",null,"R","$","E","B",null],"character_chosen":"The_Alterego","items_purchased":["SteamSale","alterego_mod:SistersRibbon","MerchantsRug","Membership Card","Gremlin Horn","AT_MibuBalloonWealth","Ornamental Fan","PunchingBag","Bottled Flame","BlankCard","testmod-TurbochargingSystem","BookOfRevelations","testmod-ArcanaOfDestiny","TheBible","Nunchaku","Du-Vu Doll","Sundial","HowToJump","DianPoetry","Prayer Wheel","Diplopia","testmod-Antiphasic","testmod-Hope","MealTicket","Matryoshka","Thread and Needle","Toy Ornithopter","AT_TimeSand","testmod-AssaultLearning","Mercury Hourglass","Ancient Tea Set","Whetstone","AT_BladeRuinedKing","Dream Catcher","Orichalcum","BelialBook","CeramicFish","Singing Bowl","AT_EbonyIvory","Blood Vial","AT_ImmortalShieldbow","OriginationStaff","Centennial Puzzle","Happy Flower","Torii","TheBean","Bottled Lightning","testmod-ConstraintPeriapt","Ice Cream","testmod-BlackFramedGlasses","testmod-BouquetWithThorns","AT_SpeedBoots","REME_LimitBreaker","testmod-IndustrialRevolution","SharpPlug","REME_HourglassOfDeath","testmod-Fortitude","testmod-Justice","Omamori","testmod-LifeArmor","Vajra","testmod-Acrobat","Art of War","SalivaCoin","DeathBook","Molten Egg 2","AT_DeathDance","Letter Opener","testmod-OneHitWonder","Bag of Marbles","Leech","AT_RedTearstoneRing","Anchor","testmod-ThousandKnives","AT_ChloranthyRing","Boot","BookofShadows","AT_ArchangelStaff","REME_IWantAll","Regal Pillow","D6","PillsDrop","Bag of Preparation","Potion Belt","GamblersBrew","Ancient Potion","DuplicationPotion","Juzu Bracelet","REME_ArchaeologicalTools","Kunai","Shuriken","Lantern","Lizard Tail","Frozen Egg 2","Bird Faced Urn","Eternal Feather","AT_Manta","Strawberry","PreservedInsect","Habit","AT_SunfireAegis","ImprovedEquipment","HornCleat","testmod-InjuryResistance","GnawedLeaf","Pantograph","StrikeDummy","AT_BellDemon","Tiny Chest","Darkstone Periapt","Turnip","Blue Candle","EntropicBrew","testmod-D¨¦j¨¤vu","Meat on the Bone","White Beast Statue","AT_SilvercatRing","UnicornStump","DaCapo","Question Card","DoctorsRemote","TuHaoJin","Toxic Egg 2","AT_BellowingDragoncrestRing","Peace Pipe","Shovel","MoneyPower","testmod-Muramasa","testmod-Nyarlathotep","BloodDonationMachine","AT_RabadonDeathcap","EdensBlessing","Incense Burner","Unceasing Top","Damocles","CaptainsWheel","testmod-FatalChain","D4","YumHeart","Ginger","GuppysHead","TungstenRod","Dead Branch","DianDianMeat","testmod-EqualTreatment","Calipers","testmod-Brilliant","WingedGreaves","CombinedTypeHook","BionicSphere","AT_Kusabimaru","testmod-CrystalShield","Void","PokeGo","AT_LudenTempest","StoneCalendar","GuppysTail","AT_GoldPhoenixTree","testmod-CasingShield","ArrowTower","testmod-RealStoneCalender","GuppysPaw","MostiFishMod:Haymaker","testmod-HeartOfStrike","testmod-Laevatain","Mango","testmod-Alchemist","testmod-Maize","testmod-IntensifyImprint","SentryEyes","Gambling Chip","FossilizedHelix","AT_TheCollector","ForgetMeNow","testmod-TheFather","Circlet","Circlet","Circlet","Circlet","Circlet","Circlet","Circlet","Circlet","Circlet","AttackPotion","BlessingOfTheForge","SteroidPotion","SkillPotion","Weak Potion","LiquidMemories","SkillPotion","testmod-TimePotion","SkillPotion","Fruit Juice","BlessingOfTheForge","Dexterity Potion","testmod-SpacePotion","Weak Potion","Dexterity Potion","Energy Potion","AttackPotion","SmokeBomb","Strength Potion","AttackPotion","AttackPotion","FearPotion","ColorlessPotion","PowerPotion","FairyPotion","FearPotion","SkillPotion","Explosive Potion","REME_GoldPotion","Ancient Potion","BlessingOfTheForge","Block Potion","Ancient Potion","Strength Potion","SkillPotion","SneckoOil","SneckoOil","BlessingOfTheForge","Swift Potion","BlessingOfTheForge","FearPotion","Swift Potion","PowerPotion","PowerPotion","AttackPotion","Energy Potion","Block Potion","Swift Potion","Block Potion","REME_GoldPotion","EssenceOfSteel","Weak Potion","Weak Potion","SmokeBomb","SpeedPotion","AttackPotion","Strength Potion","alterego_mod:Complex+1","alterego_mod:Exercise+1","testmod-TestPotion","PowerPotion","Regen Potion","FearPotion","Fruit Juice","GamblersBrew","FairyPotion","testmod-SpacePotion","SteroidPotion","DistilledChaos","PrismaticShard","HandDrill","Strength Potion","Swift Potion","LiquidMemories","Energy Potion","BFFS","BirthdayGift-Tetrahedron","DuplicationPotion","Toolbox","Frozen Eye","alterego_mod:Birthday+1","OrangePellets","Chemical X","Circlet","Circlet","Circlet","Circlet","Circlet","Circlet"],"campfire_rested":0,"item_purchase_floors":[19,19,19,28,28,28,28,28,28,28,28,28,28,28,28,28,28,28,28,28,28,28,28,28,28,28,28,28,28,28,28,28,28,28,28,28,28,28,28,28,28,28,28,28,28,28,28,28,28,28,28,28,28,28,28,28,28,28,28,28,28,28,28,28,28,28,28,28,28,28,28,28,28,28,28,28,28,28,28,28,28,28,28,28,28,28,28,28,28,28,28,28,28,28,28,28,28,28,28,28,28,28,28,28,28,28,28,28,28,28,28,28,28,28,28,28,28,28,28,28,28,28,28,28,28,28,28,28,28,28,28,28,28,28,28,28,28,28,28,28,28,28,28,28,28,28,28,28,28,28,28,28,28,28,28,28,28,28,28,28,28,28,28,28,28,28,28,28,28,28,28,28,28,28,28,28,28,28,28,28,28,28,28,28,28,28,28,28,28,28,28,28,28,28,28,28,28,28,28,28,28,28,28,28,28,28,28,28,28,28,28,28,28,28,28,28,28,28,28,28,28,28,28,28,28,28,28,28,28,28,28,28,28,28,28,28,28,28,28,28,28,28,28,28,28,28,28,28,28,34,38,38,38,44,44,44,44,44,44,44,44,44,46,46,46,53,53,53,53,53,53,53,53],"current_hp_per_floor":[71,72,60,73,73,74,67,75,75,75,76,77,78,79,79,80,80,85,85,98,103,112,117,122,135,135,135,178,198,208,214,214,235,226,241,241,244,244,254,267,267,286,296,289,313,323,323,334,334,345,345,345,345,423,434],"gold":6440,"neow_bonus":"THREE_ENEMY_KILL","is_daily":false,"chose_seed":false,"campfire_upgraded":2,"win_rate":0.0,"timestamp":1610988733,"path_taken":["M","M","?","M","?","E","?","E","T","R","?","M","E","M","R","BOSS","M","$","?","M","M","E","M","E","T","R","$","M","?","M","R","BOSS","M","?","?","$","?","E","?","E","T","$","E","$","?","?","R","BOSS","R","$","E","BOSS"],"items_purchased_type":["Relic","Relic","Relic","Relic","Relic","Relic","Relic","Relic","Relic","Relic","Relic","Relic","Relic","Relic","Relic","Relic","Relic","Relic","Relic","Relic","Relic","Relic","Relic","Relic","Relic","Relic","Relic","Relic","Relic","Relic","Relic","Relic","Relic","Relic","Relic","Relic","Relic","Relic","Relic","Relic","Relic","Relic","Relic","Relic","Relic","Relic","Relic","Relic","Relic","Relic","Relic","Relic","Relic","Relic","Relic","Relic","Relic","Relic","Relic","Relic","Relic","Relic","Relic","Relic","Relic","Relic","Relic","Relic","Relic","Relic","Relic","Relic","Relic","Relic","Relic","Relic","Relic","Relic","Relic","Relic","Relic","Relic","Relic","Relic","Potion","Potion","Potion","Relic","Relic","Relic","Relic","Relic","Relic","Relic","Relic","Relic","Relic","Relic","Relic","Relic","Relic","Relic","Relic","Relic","Relic","Relic","Relic","Relic","Relic","Relic","Relic","Relic","Potion","Relic","Relic","Relic","Relic","Relic","Relic","Relic","Relic","Relic","Relic","Relic","Relic","Relic","Relic","Relic","Relic","Relic","Relic","Relic","Relic","Relic","Relic","Relic","Relic","Relic","Relic","Relic","Relic","Relic","Relic","Relic","Relic","Relic","Relic","Relic","Relic","Relic","Relic","Relic","Card","Relic","Relic","Relic","Relic","Relic","Relic","Relic","Relic","Relic","Relic","Relic","Relic","Relic","Relic","Relic","Relic","Relic","Relic","Relic","Relic","Relic","Relic","Undefined","Undefined","Undefined","Undefined","Undefined","Undefined","Undefined","Undefined","Undefined","Potion","Potion","Potion","Potion","Potion","Potion","Potion","Potion","Potion","Potion","Potion","Potion","Potion","Potion","Potion","Potion","Potion","Potion","Potion","Potion","Potion","Potion","Potion","Potion","Potion","Potion","Potion","Potion","Potion","Potion","Potion","Potion","Potion","Potion","Potion","Potion","Potion","Potion","Potion","Potion","Potion","Potion","Potion","Potion","Potion","Potion","Potion","Potion","Potion","Potion","Potion","Potion","Potion","Potion","Potion","Potion","Potion","Card","Card","Potion","Potion","Potion","Potion","Potion","Potion","Potion","Potion","Potion","Potion","Relic","Relic","Potion","Potion","Potion","Potion","Relic","Relic","Potion","Relic","Relic","Card","Relic","Relic","Undefined","Undefined","Undefined","Undefined","Undefined","Undefined"],"build_version":"2020-12-18","purchased_purges":11,"victory":true,"max_hp_per_floor":[71,72,72,73,73,74,74,75,75,75,76,77,78,79,79,80,80,85,85,98,103,112,117,122,135,135,135,178,198,208,214,214,235,226,241,241,244,244,254,267,267,286,296,303,313,323,323,334,334,345,345,345,345,423,434],"card_choices":[{"not_picked":[],"picked":"BettingIsNotGood","floor":0.0},{"not_picked":["alterego_mod:Jiggle","alterego_mod:Swimsuit"],"picked":"alterego_mod:1TonWallop","floor":1.0},{"not_picked":["alterego_mod:Cooking","alterego_mod:GoddessCore","alterego_mod:1TonWallop","alterego_mod:VirginLaserPalladion"],"picked":"alterego_mod:Cushion","floor":2.0},{"not_picked":["alterego_mod:RocketPunch","alterego_mod:Cushion","alterego_mod:MagicResistance","alterego_mod:PresenceConcealment"],"picked":"alterego_mod:PerceptionDisorder","floor":4.0},{"not_picked":["alterego_mod:Birthday","alterego_mod:Maid","alterego_mod:Complex","alterego_mod:SideboobHour"],"picked":"alterego_mod:SakuraFive","floor":6.0},{"not_picked":["alterego_mod:BustOut","alterego_mod:Valentines","alterego_mod:BusterCard","alterego_mod:Skirt"],"picked":"alterego_mod:Clones","floor":8.0},{"not_picked":["alterego_mod:Stockings","alterego_mod:MagicResistance","alterego_mod:Bunnysuit","alterego_mod:HighServant"],"picked":"alterego_mod:TrashNCrash","floor":11.0},{"not_picked":["alterego_mod:1TonWallop","alterego_mod:Rip","alterego_mod:Bounce","alterego_mod:MagicResistance"],"picked":"alterego_mod:Mirror","floor":12.0},{"not_picked":["alterego_mod:Bounce","alterego_mod:TrashNCrash","alterego_mod:Collar","alterego_mod:Table"],"picked":"alterego_mod:Antipathy","floor":13.0},{"not_picked":["alterego_mod:Rip","alterego_mod:Valentines","alterego_mod:PerceptionDisorder","alterego_mod:Birthday"],"picked":"alterego_mod:Lingerie","floor":14.0},{"not_picked":["alterego_mod:Vow","alterego_mod:Lift","alterego_mod:TrickOrTreatment","alterego_mod:Rake"],"picked":"alterego_mod:BrynhildrRomantia","floor":16.0},{"not_picked":["alterego_mod:Cycle","alterego_mod:Skirt","alterego_mod:1TonWallop+1","alterego_mod:Bounce","alterego_mod:Complex"],"picked":"SKIP","floor":18.0},{"not_picked":["alterego_mod:HighServant+1","alterego_mod:Santa","alterego_mod:ChallengeComplete","alterego_mod:Valentines","alterego_mod:Mirror"],"picked":"SKIP","floor":21.0},{"not_picked":["alterego_mod:DustData+1","alterego_mod:DeftHands","alterego_mod:MaintainEyeContact+1","alterego_mod:RidiculouslyBig"],"picked":"alterego_mod:Belle+1","floor":22.0},{"not_picked":["alterego_mod:Belts","alterego_mod:Crossover+1","alterego_mod:Undulate","alterego_mod:Bounce","alterego_mod:Exercise"],"picked":"SKIP","floor":23.0},{"not_picked":["alterego_mod:DeftHands+1","alterego_mod:SakuraFive","alterego_mod:Cooking","alterego_mod:GoddessCore","alterego_mod:Stockings"],"picked":"SKIP","floor":24.0},{"not_picked":["alterego_mod:Valkyrie","alterego_mod:GoddessCore","alterego_mod:Belts","alterego_mod:DeftHands"],"picked":"alterego_mod:Birthday","floor":25.0},{"not_picked":["alterego_mod:Bounce+1","alterego_mod:Antipathy+1","alterego_mod:Bunnysuit+1","alterego_mod:Cooking+1","alterego_mod:DeftHands+1"],"picked":"alterego_mod:Birthday+1","floor":29.0},{"not_picked":["alterego_mod:SakuraFive+1","alterego_mod:Exercise+1","alterego_mod:Mirror+1","alterego_mod:PerceptionDisorder+1","alterego_mod:Pet+1","alterego_mod:DeftHands+1"],"picked":"SKIP","floor":29.0},{"not_picked":["alterego_mod:DeftHands+1","alterego_mod:Bounce+1","alterego_mod:Table+1","alterego_mod:HighServant+1","alterego_mod:TrashNCrash+1"],"picked":"alterego_mod:Palingenesis+1","floor":31.0},{"not_picked":["alterego_mod:Pet+1","alterego_mod:PurpleHair+1","alterego_mod:Lingerie+1","alterego_mod:Mirror+1","alterego_mod:HighServant+1","alterego_mod:BiFurious+1"],"picked":"SKIP","floor":31.0},{"not_picked":["alterego_mod:Antipathy+1","alterego_mod:BrynhildrRomantia+1","alterego_mod:STier+1","alterego_mod:RingBreak+1","alterego_mod:Weigh+1"],"picked":"alterego_mod:AlterEgo+1","floor":33.0},{"not_picked":["alterego_mod:Skirt+1","alterego_mod:Pet+1","alterego_mod:DiscoLights+1","alterego_mod:Santa+1","alterego_mod:Undulate+1","alterego_mod:Punishment+1"],"picked":"Singing Bowl","floor":35.0},{"not_picked":["alterego_mod:DiscoLights+1","alterego_mod:BiFurious+1","alterego_mod:Smother+1","alterego_mod:Bounce+1","alterego_mod:Jiggle+1"],"picked":"alterego_mod:TrashNCrash+1","floor":35.0},{"not_picked":["alterego_mod:DeftHands+1","alterego_mod:Jiggle+1","alterego_mod:Smother+1","alterego_mod:DustData+1","alterego_mod:PerceptionDisorder+1","alterego_mod:DiscoLights+1"],"picked":"Singing Bowl","floor":37.0},{"not_picked":["alterego_mod:Skirt+1","alterego_mod:Bounce+1","alterego_mod:Cooking+1","alterego_mod:Lingerie+1","alterego_mod:HighServant+1","alterego_mod:BiFurious+1"],"picked":"Singing Bowl","floor":40.0},{"not_picked":["alterego_mod:PurpleHair+1","alterego_mod:SakuraLabyrinth+1","alterego_mod:Smother+1","alterego_mod:Birthday+1","alterego_mod:Belle+1"],"picked":"alterego_mod:Venus+1","floor":42.0},{"not_picked":["Cleave+1","PathToVictory+1","alterego_mod:Cycle+1","Melter+1"],"picked":"alterego_mod:Rake+1","floor":45.0},{"not_picked":["BloodyBrimstone","testmod-Illusory","testmod-Automaton"],"picked":"Singing Bowl","floor":54.0},{"not_picked":["Good Instincts+1","ForeignInfluence+1","Leap+1","Bane+1","Poisoned Stab+1"],"picked":"Singing Bowl","floor":54}],"player_experience":1113491,"relics_obtained":[{"floor":1.0,"key":"SynthV:TestCard"},{"floor":5.0,"key":"Mummified Hand"},{"floor":6.0,"key":"ThornShield"},{"floor":11.0,"key":"Odd Mushroom"},{"floor":13.0,"key":"testmod-RainbowHikingShoes"},{"floor":20.0,"key":"The Courier"},{"floor":20.0,"key":"MawBank"},{"floor":23.0,"key":"AnarchistCookbook"},{"floor":25.0,"key":"Akabeko"},{"floor":26.0,"key":"Oddly Smooth Stone"},{"floor":29.0,"key":"Circlet"},{"floor":29.0,"key":"Circlet"},{"floor":33.0,"key":"Circlet"},{"floor":39.0,"key":"Circlet"},{"floor":39.0,"key":"Circlet"},{"floor":40.0,"key":"Circlet"},{"floor":40.0,"key":"Circlet"},{"floor":42.0,"key":"Circlet"},{"floor":42.0,"key":"Circlet"},{"floor":43.0,"key":"Circlet"},{"floor":43.0,"key":"Circlet"}],"event_choices":[{"damage_healed":0.0,"max_hp_gain":0.0,"max_hp_loss":0.0,"gold_gain":0.0,"event_name":"Scrap Ooze","player_choice":"Success","floor":3.0,"gold_loss":0.0,"damage_taken":12.0,"relics_obtained":["AT_ForceNature"]},{"damage_healed":0.0,"max_hp_gain":0.0,"max_hp_loss":0.0,"gold_gain":0.0,"event_name":"Mushrooms","player_choice":"Fought Mushrooms","floor":11.0,"gold_loss":0.0,"damage_taken":0.0},{"damage_healed":0.0,"max_hp_gain":0.0,"max_hp_loss":0.0,"gold_gain":0.0,"event_name":"HidenRoomEvent","player_choice":"Fight","floor":20.0,"gold_loss":0.0,"damage_taken":0.0},{"cards_removed":["AT_FamilyPortrait"],"damage_healed":0.0,"max_hp_gain":10.0,"max_hp_loss":0.0,"gold_gain":0.0,"event_name":"Bonfire Elementals","player_choice":"Offered Rare","floor":30.0,"gold_loss":0.0,"damage_taken":0.0},{"damage_healed":0.0,"max_hp_gain":0.0,"max_hp_loss":0.0,"gold_gain":0.0,"event_name":"Tomb of Lord Red Mask","player_choice":"Ignored","floor":36.0,"gold_loss":0.0,"damage_taken":0.0},{"damage_healed":0.0,"max_hp_gain":0.0,"max_hp_loss":0.0,"gold_gain":0.0,"event_name":"Mysterious Sphere","player_choice":"Fight","floor":37.0,"gold_loss":0.0,"damage_taken":0.0},{"damage_healed":0.0,"max_hp_gain":0.0,"max_hp_loss":0.0,"gold_gain":300.0,"event_name":"¶÷ÂåË¹µÄÅÌ×Ó","player_choice":"Sell","floor":41.0,"relics_lost":["MoneyPower"],"gold_loss":0.0,"damage_taken":0.0},{"damage_healed":0.0,"max_hp_gain":0.0,"max_hp_loss":0.0,"gold_gain":0.0,"event_name":"Match and Keep!","player_choice":"0 cards matched","floor":47.0,"gold_loss":0.0,"damage_taken":0.0,"cards_obtained":[]},{"damage_healed":0.0,"max_hp_gain":0.0,"max_hp_loss":0.0,"gold_gain":0.0,"event_name":"Duplicator","player_choice":"Copied","floor":48.0,"gold_loss":0.0,"damage_taken":0.0,"cards_obtained":["alterego_mod:Palingenesis"]}],"is_beta":true,"boss_relics":[{"not_picked":["JellyFishMachine","testmod-PortableAltar"],"picked":"testmod-BloodSacrificeSpiritualization"},{"not_picked":[]},{"not_picked":["testmod-EnergyCheck","testmod-SaigiyounoYou"],"picked":"SacredBark"},{"not_picked":[]}],"items_purged_floors":[19,28,28,28,34,38,38,44,44,46,53],"is_endless":false,"potions_floor_spawned":[2,8,11,14,21,23,24,29,31,33,35,37,40,42,45,54],"ascension_level":0}}