{"host":"vrsxkkch9ccrec7k","time":1610952088,"event":{"mods":["Act Like it!","BaseMod","Bestiary","Better Sensory Stone","Better Third Choice","Better Vampires","Downfall","Minty Spire (QoL Compilation)","Permanent Neow","Relic Stats","Spicy Shops","StSLib"],"gold_per_floor":[0,13,23,35,55,55,55,55,74,74,74,74,74,85,95,196,196,196,214,233,233,245,256,256,287,18,51,36,56,56,56,76,181,181,181,199,210,229,229,229,254,272,272,283,283,315,315,345,363,363],"floor_reached":51,"language":"ENG","playtime":6298,"items_purged":[],"score":624,"play_id":"363f4f7c-6972-443e-bc3b-44e8186b0241","local_time":"20210118014128","is_ascension_mode":true,"campfire_choices":[{"data":"sneckomod:Unknown","floor":1,"key":"SMITH"},{"data":"sneckomod:SnekBite","floor":8,"key":"SMITH"},{"data":"sneckomod:MasterEye","floor":10,"key":"SMITH"},{"data":"sneckomod:Unknown","floor":13,"key":"SMITH"},{"data":"sneckomod:UnknownRarePower","floor":18,"key":"SMITH"},{"data":"sneckomod:UnknownRareAttack","floor":30,"key":"SMITH"},{"data":"sneckomod:DangerNoodle","floor":35,"key":"SMITH"},{"data":"expansioncontent:YouAreMine","floor":40,"key":"SMITH"},{"floor":45,"key":"REST"}],"circlet_count":0,"master_deck":["sneckomod:Strike+1","sneckomod:Strike+1","sneckomod:Defend+1","sneckomod:Defend+1","sneckomod:Defend+1","sneckomod:TailWhip","sneckomod:SnekBite+1","sneckomod:Unknown+1","sneckomod:TrashToTreasure+1","sneckomod:MasterEye+1","sneckomod:Unknown0Cost+1","sneckomod:Nope+1","sneckomod:SoulRoll+1","downfall:Malfunctioning","sneckomod:UnknownRarePower+1","sneckomod:Nope+1","sneckomod:UnknownCommonSkill+1","sneckomod:Transmogrify","sneckomod:UnlimitedRolls+1","sneckomod:DangerNoodle+1","All For One+1","sneckomod:Nope+1","sneckomod:MasterEye+1","sneckomod:SoulCleanse","expansioncontent:YouAreMine+1","champ:CheapShot+1","sneckomod:CheapStock+1","Parasite","Slimebound:SamplingLick+1","CurseOfTheBell","sneckomod:UnlimitedRolls+1","CurseOfTheBell","sneckomod:UnknownUncommonSkill+1"],"relics":["hexamod:CandleOfCauterizing","Frozen Egg 2","Pantograph","Black Star","Bird Faced Urn","Ice Cream","Mummified Hand","InkBottle","Turnip","White Beast Statue","Centennial Puzzle","Kunai","Guardian:GemstoneGun","Question Card","Meat on the Bone","Calling Bell","Toy Ornithopter","Eternal Feather","Du-Vu Doll"],"acts_visited":["Exordium","TheCity","TheBeyond"],"potions_floor_usage":[5,5,5,9,16,23,23,25,36,36,42,44,48],"damage_taken":[{"damage":1,"enemies":"2 Louse","floor":2,"turns":4},{"damage":5,"enemies":"Cultist","floor":3,"turns":4},{"damage":0,"enemies":"Jaw Worm","floor":4,"turns":1},{"damage":16,"enemies":"Exordium Thugs","floor":5,"turns":3},{"damage":2,"enemies":"3 Louse","floor":9,"turns":5},{"damage":12,"enemies":"Blue Slaver","floor":14,"turns":3},{"damage":16,"enemies":"Large Slime","floor":15,"turns":5},{"damage":50,"enemies":"IC_STATUS_ARCHETYPE","floor":16,"turns":9},{"damage":6,"enemies":"Chosen","floor":19,"turns":6},{"damage":33,"enemies":"Snecko","floor":20,"turns":5},{"damage":30,"enemies":"Snake Plant","floor":22,"turns":6},{"damage":3,"enemies":"3 Cultists","floor":23,"turns":5},{"damage":12,"enemies":"Gremlin Leader","floor":25,"turns":6},{"damage":1,"enemies":"downfall:FleeingMerchant","floor":26,"turns":4},{"damage":31,"enemies":"Book of Stabbing","floor":27,"turns":4},{"damage":0,"enemies":"downfall:FleeingMerchant","floor":28,"turns":4},{"damage":7,"enemies":"Centurion and Healer","floor":29,"turns":6},{"damage":18,"enemies":"Snake Plant","floor":32,"turns":4},{"damage":21,"enemies":"SI_MIRROR_ARCHETYPE","floor":33,"turns":14},{"damage":27,"enemies":"3 Darklings","floor":36,"turns":6},{"damage":13,"enemies":"Orb Walker","floor":37,"turns":4},{"damage":42,"enemies":"Spire Growth","floor":38,"turns":5},{"damage":22,"enemies":"Maw","floor":42,"turns":5},{"damage":12,"enemies":"Writhing Mass","floor":44,"turns":5},{"damage":10,"enemies":"Giant Head","floor":46,"turns":6},{"damage":46,"enemies":"Reptomancer","floor":48,"turns":7},{"damage":16,"enemies":"Transient","floor":49,"turns":5}],"seed_played":"4170726353983196272","potions_obtained":[{"floor":3,"key":"EssenceOfSteel"},{"floor":4,"key":"EntropicBrew"},{"floor":9,"key":"sneckomod:OffclassReductionPotion"},{"floor":14,"key":"Guardian:BlockOnCardUsePotion"},{"floor":16,"key":"CultistPotion"},{"floor":23,"key":"DistilledChaos"},{"floor":29,"key":"Energy Potion"},{"floor":33,"key":"DuplicationPotion"},{"floor":37,"key":"GamblersBrew"},{"floor":42,"key":"ColorlessPotion"},{"floor":48,"key":"SpeedPotion"},{"floor":49,"key":"Explosive Potion"}],"is_trial":false,"path_per_floor":["R","M","M","M","M","?","T","R","M","R","?","?","R","M","M","B",null,"R","M","M","?","M","M","T","E","$","E","$","M","R","?","M","B",null,"R","M","M","M","?","R","T","M","?","M","R","E","$","E","M","B",null],"character_chosen":"THE_SNECKO","items_purchased":["Frozen Egg 2"],"campfire_rested":1,"item_purchase_floors":[26],"current_hp_per_floor":[90,89,84,84,68,68,68,68,84,84,84,84,84,76,62,14,90,90,84,70,70,44,45,45,35,40,13,17,21,21,21,11,27,90,90,67,58,44,44,44,44,30,30,30,57,57,57,21,29,29],"gold":363,"neow_bonus":"ONE_RARE_RELIC","is_daily":false,"chose_seed":false,"campfire_upgraded":8,"win_rate":0.0,"timestamp":1610952088,"path_taken":["R","M","M","M","M","?","T","R","?","R","?","?","R","?","M","BOSS","R","M","M","?","M","M","T","E","$","E","?","M","R","?","M","BOSS","R","M","M","M","?","R","T","M","?","M","R","E","$","E","M","BOSS"],"items_purchased_type":["Relic"],"build_version":"2020-12-22","purchased_purges":0,"victory":true,"max_hp_per_floor":[90,90,90,90,90,90,90,90,90,90,90,90,90,90,90,90,90,90,90,90,90,90,90,90,90,90,90,90,90,90,90,90,90,90,90,90,90,90,90,90,90,90,90,90,90,90,90,90,90,90],"relic_stats":{"counters":[27,141],"Eternal Feather":0,"Question Card":3,"Centennial Puzzle":[6],"Mummified Hand":[71],"Pantograph":25,"Bird Faced Urn":[134],"Turnip":[0],"Black Star":2,"Kunai":[7],"obtain_stats":[{"Ice Cream":38,"hexamod:CandleOfCauterizing":24,"Blue Candle":25,"Guardian:GemstoneGun":47,"Velvet Choker":17,"Eternal Feather":50,"Ginger":0,"Frozen Egg 2":26,"sneckomod:SneckoSoul":0,"Question Card":48,"White Beast Statue":46,"Calling Bell":46,"Du-Vu Doll":50,"sneckomod:SuperSneckoSoul":34,"Centennial Puzzle":47,"Mummified Hand":26,"Bird Faced Urn":6,"Pantograph":27,"Turnip":46,"Black Star":29,"Kunai":47,"InkBottle":7,"Toy Ornithopter":50,"Meat on the Bone":48},{"Ice Cream":22,"hexamod:CandleOfCauterizing":12,"Blue Candle":13,"Guardian:GemstoneGun":25,"Velvet Choker":8,"Eternal Feather":27,"Ginger":0,"Frozen Egg 2":14,"sneckomod:SneckoSoul":0,"Question Card":26,"White Beast Statue":25,"Calling Bell":25,"Du-Vu Doll":27,"sneckomod:SuperSneckoSoul":19,"Centennial Puzzle":25,"Mummified Hand":14,"Bird Faced Urn":4,"Pantograph":15,"Turnip":25,"Black Star":17,"Kunai":25,"InkBottle":4,"Toy Ornithopter":27,"Meat on the Bone":26},{"Ice Cream":113,"hexamod:CandleOfCauterizing":56,"Blue Candle":62,"Guardian:GemstoneGun":129,"Velvet Choker":34,"Eternal Feather":141,"Ginger":0,"Frozen Egg 2":66,"sneckomod:SneckoSoul":0,"Question Card":136,"White Beast Statue":129,"Calling Bell":129,"Du-Vu Doll":141,"sneckomod:SuperSneckoSoul":98,"Centennial Puzzle":129,"Mummified Hand":66,"Bird Faced Urn":12,"Pantograph":70,"Turnip":129,"Black Star":80,"Kunai":129,"InkBottle":12,"Toy Ornithopter":141,"Meat on the Bone":136}],"InkBottle":[73],"Toy Ornithopter":0,"Meat on the Bone":12},"card_choices":[{"not_picked":["sneckomod:UnknownClassGREEN","sneckomod:UnknownCommonSkill"],"picked":"sneckomod:TrashToTreasure","floor":2},{"not_picked":["sneckomod:QuickMove","sneckomod:SerpentIdol"],"picked":"sneckomod:MasterEye","floor":3},{"not_picked":["sneckomod:DiceBlock","sneckomod:UnknownDraw"],"picked":"sneckomod:Unknown0Cost","floor":4},{"not_picked":["sneckomod:UnknownStrength","sneckomod:UnknownStrike"],"picked":"sneckomod:Nope","floor":5},{"not_picked":["sneckomod:DiceCrush","sneckomod:MasterEye"],"picked":"sneckomod:SoulRoll","floor":9},{"not_picked":["sneckomod:UnendingSupply","sneckomod:UnknownCommonAttack","sneckomod:UnknownStrike"],"picked":"SKIP","floor":14},{"not_picked":["sneckomod:ImprovisedAttack","sneckomod:UnknownUncommonAttack","sneckomod:UnknownClassRED"],"picked":"SKIP","floor":15},{"not_picked":["sneckomod:MorePower","sneckomod:Restock"],"picked":"sneckomod:UnknownRarePower","floor":16},{"not_picked":["sneckomod:WideSting+1","sneckomod:UnknownClassHEXA_GHOST_PURPLE"],"picked":"sneckomod:Nope+1","floor":19},{"not_picked":["sneckomod:ImprovisedGuard","sneckomod:UnknownClassTHE_CHAMP_GRAY"],"picked":"sneckomod:UnknownCommonSkill+1","floor":20},{"not_picked":["sneckomod:WideSting","sneckomod:DiceCrush","sneckomod:UnknownClassSLIMEBOUND"],"picked":"SKIP","floor":22},{"not_picked":["sneckomod:UnknownClassSLIMEBOUND","sneckomod:RainOfDice","sneckomod:ImprovisedGuard+1"],"picked":"SKIP","floor":23},{"not_picked":["sneckomod:UnknownClassTHE_CHAMP_GRAY","sneckomod:UnknownVulnerable"],"picked":"sneckomod:Transmogrify","floor":25},{"not_picked":["sneckomod:SoulDraw","sneckomod:UnknownWeak"],"picked":"sneckomod:UnknownRareAttack","floor":26},{"not_picked":["sneckomod:ImprovisedGuard","sneckomod:UnknownCommonAttack+1"],"picked":"sneckomod:UnknownCommonSkill+1","floor":27},{"not_picked":["sneckomod:UnknownWeak","sneckomod:UnknownClassBLUE"],"picked":"sneckomod:UnlimitedRolls+1","floor":28},{"not_picked":["sneckomod:QuickBite","sneckomod:DiceBlock+1","sneckomod:UnknownClassPURPLE"],"picked":"SKIP","floor":29},{"not_picked":["sneckomod:UnknownClassGREEN","sneckomod:UnknownDraw","sneckomod:UnknownClassHEXA_GHOST_PURPLE"],"picked":"SKIP","floor":32},{"not_picked":["sneckomod:Transmogrify","sneckomod:UnknownBoss"],"picked":"sneckomod:DangerNoodle","floor":33},{"not_picked":["sneckomod:UnknownVulnerable+1","sneckomod:IronFang"],"picked":"sneckomod:Nope+1","floor":36},{"not_picked":["sneckomod:DefensiveFlair+1","sneckomod:UnknownCommonSkill+1"],"picked":"sneckomod:MasterEye+1","floor":37},{"not_picked":["sneckomod:DiceBlock","sneckomod:UnknownUncommonSkill"],"picked":"sneckomod:SoulCleanse","floor":38},{"not_picked":["expansioncontent:Hexaburn+1","expansioncontent:PrepareCrush"],"picked":"expansioncontent:YouAreMine","floor":39},{"not_picked":["sneckomod:SoulCleanse","sneckomod:UnknownUncommonSkill+1"],"picked":"sneckomod:CheapStock+1","floor":42},{"not_picked":["sneckomod:QuickBite","sneckomod:DiceBoulder","sneckomod:RainOfDice"],"picked":"SKIP","floor":44},{"not_picked":["sneckomod:UnknownClassHEXA_GHOST_PURPLE","sneckomod:DiceBoulder","sneckomod:DefensiveFlair"],"picked":"SKIP","floor":46},{"not_picked":["sneckomod:DiceCrush","sneckomod:SnekBeam"],"picked":"sneckomod:UnlimitedRolls+1","floor":48},{"not_picked":["sneckomod:UnknownCommonAttack+1","sneckomod:UnknownClassGREEN","sneckomod:DiceBoulder+1"],"picked":"sneckomod:UnknownUncommonSkill+1","floor":49}],"player_experience":1590144,"relics_obtained":[{"floor":6,"key":"Bird Faced Urn"},{"floor":7,"key":"InkBottle"},{"floor":24,"key":"hexamod:CandleOfCauterizing"},{"floor":25,"key":"Blue Candle"},{"floor":26,"key":"Mummified Hand"},{"floor":27,"key":"Frozen Egg 2"},{"floor":27,"key":"Pantograph"},{"floor":28,"key":"Mummified Hand"},{"floor":29,"key":"Black Star"},{"floor":32,"key":"Mummified Hand"},{"floor":32,"key":"Ginger"},{"floor":36,"key":"Black Star"},{"floor":37,"key":"Bird Faced Urn"},{"floor":38,"key":"Ice Cream"},{"floor":42,"key":"Mummified Hand"},{"floor":44,"key":"InkBottle"},{"floor":46,"key":"Calling Bell"},{"floor":46,"key":"Turnip"},{"floor":46,"key":"White Beast Statue"},{"floor":47,"key":"Centennial Puzzle"},{"floor":47,"key":"Kunai"},{"floor":47,"key":"Guardian:GemstoneGun"},{"floor":48,"key":"Question Card"},{"floor":48,"key":"Meat on the Bone"},{"floor":49,"key":"Calling Bell"},{"floor":50,"key":"Toy Ornithopter"},{"floor":50,"key":"Eternal Feather"},{"floor":50,"key":"Du-Vu Doll"}],"event_choices":[{"damage_healed":0,"gold_gain":0,"player_choice":"Relic","damage_taken":0,"max_hp_gain":0,"max_hp_loss":0,"event_name":"Wheel of Change","floor":6,"gold_loss":0},{"cards_removed":["sneckomod:Strike"],"damage_healed":0,"gold_gain":0,"player_choice":"Card Removal","damage_taken":0,"max_hp_gain":0,"max_hp_loss":0,"event_name":"The Cleric","floor":11,"gold_loss":0},{"damage_healed":0,"gold_gain":0,"player_choice":"Ignored","damage_taken":0,"max_hp_gain":0,"max_hp_loss":0,"event_name":"Mysterious Sphere","floor":43,"gold_loss":0}],"is_beta":false,"boss_relics":[{"not_picked":["Fusion Hammer","SacredBark"],"picked":"Velvet Choker"},{"not_picked":["sneckomod:SneckoBoss","Runic Dome"],"picked":"sneckomod:SuperSneckoSoul"}],"items_purged_floors":[],"is_endless":false,"potions_floor_spawned":[3,4,9,14,16,20,22,23,29,33,37,42,48,49],"ascension_level":3}}