{"host":"qkatynmkfngy9sig","time":1610947739,"event":{"mods":["2.2 Compatiblity","AchievementEnabler","Act Like it!","BaseMod","Better Altar","Better Match","Better Note","Better Sensory Stone","Better Skull","Better Third Choice","Better Vampires","Block Reminder","Colored Map","Colored Powertips","Defuse TimeMaze Blight","Energized Spire","Gensokyo","Gold Saver","Hallownest","HololiveMod","Infinite Spire","Minty Spire (QoL Compilation)","Permanent Neow","RNG Fix","Rare Cards Sparkle","Remove Card Discount Mod","Replay The Spire","Reworked Bosses","SacredBarkPlus","StSLib","Swap Starting Deck Mod"],"gold_per_floor":[185,110,129,149,168,194,194,212,212,34,34,66,380,392,392,494,594,611,627,627,643,660,688,688,699,699,699,717,368,68,84,84,198,198,213,431,431,447,508,508,508,558,558,568,356,374,374,374,374,119,119,119],"floor_reached":53,"language":"ENG","playtime":3071,"items_purged":[],"score":1068,"play_id":"0b426c40-7476-472b-a433-c3365764091c","local_time":"20210118062859","is_ascension_mode":false,"campfire_choices":[{"data":"Hololive_CallArtia","floor":7.0,"key":"SMITH"},{"data":"Hololive_CallRoboco","floor":7.0,"key":"SMITH"},{"data":"Hololive_CallYukihanaLamy","floor":15.0,"key":"SMITH"},{"data":"Hololive_CallAmaneKanata","floor":15.0,"key":"SMITH"},{"data":"Hololive_CallUsadaPekora","floor":24.0,"key":"SMITH"},{"data":"Hololive_CallShiranuiFlare","floor":24.0,"key":"SMITH"},{"data":"Hololive_CallOmaruPolka","floor":32.0,"key":"SMITH"},{"data":"Gensokyo:TurboGranny","floor":32.0,"key":"SMITH"},{"data":"Hololive_CandyCastle","floor":40,"key":"SMITH"},{"data":"Hololive_CallHoushouMarine","floor":40,"key":"SMITH"},{"data":"Gensokyo:PrivateSquare","floor":47,"key":"SMITH"},{"data":"Hololive_CallSpadeEcho","floor":47,"key":"SMITH"},{"data":"infinitespire:Gouge","floor":51,"key":"SMITH"},{"data":"Hololive_CallOzoraSubaru","floor":51,"key":"SMITH"}],"circlet_count":0,"master_deck":["Hololive_Strike","Hololive_Strike","Hololive_Defend","Hololive_Defend","Hololive_OvertimeWork","Hololive_CallFriendA+1","Hololive_CallInugamiKorone","Hololive_CallCivia","Hololive_CallRoboco+1","Hololive_CallTokoyamiTowa","Hololive_CallShirakamiFubuki","Hololive_CallShishiroBotan","Hololive_StrengthChampion","Finesse","Hololive_CallShiranuiFlare+1","Hololive_CocoNews","Hololive_CallNakiriAyame","Hololive_CallArtia+1","Hololive_HuntDinosaur","Gensokyo:LockedMedkit","Hololive_CallUsadaPekora+1","Hololive_CallOkamiMio","Hololive_CallOzoraSubaru+1","Hololive_CallAmaneKanata+1","Hololive_CallYukihanaLamy+1","Hololive_Nanodesu+1","Hololive_CallTsunomakiWatame+1","Hololive_LuckPotion+1","Hololive_CandyCastle+1","Hololive_CandyCastle","Hololive_CallOmaruPolka+1","Hololive_CandyCastle","Hololive_CallUruhaRushia","Gensokyo:TurboGranny+1","Hololive_Breathe+1","Hololive_AWSL","Hololive_CallHoushouMarine+1","Hololive_CandyCastle+1","Hololive_BringToTrial","Hololive_Trident+1","Gensokyo:PrivateSquare+1","Pride","Hololive_CallSpadeEcho+1","infinitespire:Gouge+1","Gensokyo:Shovel","Hololive_CallShiroganeNoel+1"],"relics":["Hololive_TheStar","Replay:Arrowhead","Pear","HornCleat","Replay:Wanted Poster","Bird Faced Urn","Gambling Chip","ReplayTheSpireMod:Ninjato","Gensokyo:ConquerorOfFear","infinitespire:Golems Mask","SacredBark","Pen Nib","infinitespire:Bottled Soul","Tiny House","Incense Burner","Replay:Rubber Ducky","Guide Book","Torii","Bottled Lightning"],"acts_visited":["Gensokyo:Gensokyo","Gensokyo:Gensokyoer","Gensokyo:Gensokyoest"],"potions_floor_usage":[39,46,46,52],"damage_taken":[{"damage":0.0,"enemies":"Gensokyo:Python","floor":1.0,"turns":3.0},{"damage":0.0,"enemies":"Gensokyo:3_Fairies","floor":3.0,"turns":5.0},{"damage":0.0,"enemies":"Gensokyo:2_Kodama","floor":4.0,"turns":3.0},{"damage":0.0,"enemies":"Gensokyo:LivingMonolith","floor":5.0,"turns":3.0},{"damage":0.0,"enemies":"Gensokyo:Cirno","floor":6.0,"turns":5.0},{"damage":0.0,"enemies":"Gensokyo:2_Rabbits","floor":8.0,"turns":3.0},{"damage":0.0,"enemies":"Gensokyo:Mamizou","floor":12.0,"turns":5.0},{"damage":0.0,"enemies":"Gensokyo:VengefulSpirit","floor":13.0,"turns":4.0},{"damage":0.0,"enemies":"Gensokyo:Kitsune","floor":14.0,"turns":3.0},{"damage":0.0,"enemies":"Gensokyo:Kokoro","floor":16.0,"turns":6.0},{"damage":0.0,"enemies":"Gensokyo:Chomper","floor":18.0,"turns":3.0},{"damage":0.0,"enemies":"Gensokyo:CosmicMonolith","floor":19.0,"turns":4.0},{"damage":0.0,"enemies":"Gensokyo:Wraith","floor":21.0,"turns":5.0},{"damage":0.0,"enemies":"Gensokyo:3_Gloops","floor":22.0,"turns":4.0},{"damage":0.0,"enemies":"Gensokyo:Koishi","floor":23.0,"turns":6.0},{"damage":0.0,"enemies":"Gensokyo:Swordslinger","floor":25.0,"turns":4.0},{"damage":0.0,"enemies":"Gensokyo:Slime_Group","floor":28.0,"turns":4.0},{"damage":0.0,"enemies":"Gensokyo:Monolith_and_Dog","floor":31.0,"turns":5.0},{"damage":0.0,"enemies":"Gensokyo:Eiki","floor":33.0,"turns":7.0},{"damage":0.0,"enemies":"Gensokyo:3_Boulders","floor":35.0,"turns":6.0},{"damage":0,"enemies":"Gensokyo:3_Bats","floor":36,"turns":5},{"damage":0,"enemies":"Gensokyo:Dusk_and_Dawn","floor":38,"turns":6},{"damage":0,"enemies":"Gensokyo:Sharpion","floor":44,"turns":4},{"damage":0,"enemies":"Gensokyo:AtlasGolem","floor":46,"turns":4},{"damage":0,"enemies":"Gensokyo:Yuyuko","floor":52,"turns":11}],"seed_played":"-6417661852574493676","potions_obtained":[{"floor":1.0,"key":"BlessingOfTheForge"},{"floor":4.0,"key":"SteroidPotion"},{"floor":5.0,"key":"Elixir"},{"floor":6.0,"key":"Weak Potion"},{"floor":8.0,"key":"Fire Potion"},{"floor":21.0,"key":"Weak Potion"},{"floor":22.0,"key":"FearPotion"},{"floor":35.0,"key":"Reflective Coating"},{"floor":39,"key":"Fruit Juice"},{"floor":42,"key":"FearPotion"},{"floor":44,"key":"Weak Potion"}],"is_trial":false,"path_per_floor":["M","?","M","M","M","E","R","M","T","COS","?","E","M","M","R","B",null,"M","M","$","M","M","E","R","M","T","?","M","COS","$","M","R","B",null,"M","M","?","M","?","R","?","AVR","T","M","COS","M","R","PTL","PTL","$","R","B",null],"character_chosen":"Hololive_HololiveCharacter","items_purchased":["infinitespire:Golems Mask","Bottled Lightning"],"campfire_rested":0,"item_purchase_floors":[30,50],"current_hp_per_floor":[35,35,35,35,35,35,35,35,45,45,45,45,45,45,45,45,45,45,45,45,45,45,45,45,45,45,45,45,45,45,45,45,45,45,46,46,40,47,39,39,39,44,44,57,57,64,64,64,64,64,64,64],"gold":119,"neow_bonus":"HUNDRED_GOLD","is_daily":false,"chose_seed":false,"campfire_upgraded":14,"win_rate":0.0,"timestamp":1610947739,"path_taken":["M","?","M","M","M","E","R","M","T","COS","?","E","M","M","R","BOSS","M","M","?","M","?","E","R","M","T","?","?","COS","?","M","R","BOSS","M","?","?","M","?","R","?","AVR","T","M","COS","?","R","PTL","PTL","?","R","BOSS"],"items_purchased_type":["Relic","Relic"],"build_version":"2020-12-22","purchased_purges":0,"victory":true,"max_hp_per_floor":[35,35,35,35,35,35,35,35,45,45,45,45,45,45,45,45,45,45,45,45,45,45,45,45,45,45,45,45,45,45,45,45,45,45,46,46,46,47,57,57,57,62,62,63,63,64,64,64,64,64,64,65],"card_choices":[{"not_picked":["Hololive_FlyingPonyTail","Hololive_OvertimeWork","Hololive_CallShiranuiFlare"],"picked":"Hololive_CallShirakamiFubuki","floor":1.0},{"not_picked":["Hololive_ILoveYou","Hololive_CallMoonaHoshinova","Hololive_CallTokoyamiTowa"],"picked":"Hololive_CallShishiroBotan","floor":2.0},{"not_picked":["Hololive_Sequa","Hololive_OvertimeWork","Hololive_Drill"],"picked":"Hololive_StrengthChampion","floor":2.0},{"not_picked":["Replay:Sssssssssstrike","Purity","Panacea"],"picked":"Finesse","floor":2.0},{"not_picked":["Hololive_Trident","Hololive_FlareMind","Hololive_CocoNews"],"picked":"Hololive_CallShiranuiFlare","floor":3.0},{"not_picked":["Hololive_StrengthChampion","Hololive_Drill","Hololive_Psychosis"],"picked":"Hololive_CocoNews","floor":4.0},{"not_picked":["Hololive_Rebound","Hololive_SummonFox","Hololive_StrengthChampion"],"picked":"Hololive_CallNakiriAyame","floor":5.0},{"not_picked":["Hololive_CandyCastle","Hololive_Breathe","Hololive_LuckPotion"],"picked":"Hololive_CallArtia","floor":6.0},{"not_picked":["Hololive_CallShirakamiFubuki","Hololive_Psychosis","Hololive_CallShiranuiFlare"],"picked":"Hololive_HuntDinosaur","floor":8.0},{"not_picked":["Hololive_OvertimeWork","Hololive_CallRoboco","Hololive_CallShirakamiFubuki"],"picked":"Hololive_CallUsadaPekora","floor":11.0},{"not_picked":["Hololive_CallArtia","Hololive_Breathe","Hololive_Rebound"],"picked":"Hololive_CallOkamiMio","floor":11.0},{"not_picked":["Hololive_HuntDinosaur","Hololive_OvertimeWork","Hololive_ScarfAndHalo"],"picked":"Hololive_CallOzoraSubaru","floor":12.0},{"not_picked":["Hololive_Psychosis","Hololive_StrengthChampion","Hololive_CallUsadaPekora"],"picked":"Hololive_CallAmaneKanata","floor":13.0},{"not_picked":["Hololive_CallHoshimachiSuisei","Hololive_RevenueBasedLive","Hololive_CallUsadaPekora"],"picked":"Hololive_CallYukihanaLamy","floor":14.0},{"not_picked":["Hololive_WolfAndLamb","Hololive_Recruit","Hololive_OpenUp"],"picked":"Hololive_Nanodesu","floor":16.0},{"not_picked":["Hololive_StrengthChampion","Hololive_Breathe","Hololive_HuntDinosaur+1"],"picked":"Hololive_CallTsunomakiWatame+1","floor":18.0},{"not_picked":["Hololive_Breathe","Hololive_Psychosis","Hololive_RevenueBasedLive"],"picked":"Hololive_LuckPotion+1","floor":19.0},{"not_picked":["Hololive_Drill","Hololive_HuntDinosaur","Hololive_Yoholoon"],"picked":"Hololive_CandyCastle","floor":21.0},{"not_picked":["Hololive_Rebound+1","Hololive_HuntDinosaur+1","Hololive_FlyingPonyTail"],"picked":"Hololive_CandyCastle","floor":22.0},{"not_picked":["Hololive_Breathe","Hololive_Trident","Hololive_Drill"],"picked":"Hololive_CallOmaruPolka","floor":23.0},{"not_picked":["Hololive_Rebound","Hololive_HighAtkLowDef","Hololive_CallYukihanaLamy"],"picked":"Hololive_CandyCastle","floor":25.0},{"not_picked":["Hololive_OvertimeWork+1","Hololive_CocoNews","Hololive_Breathe"],"picked":"Hololive_CallUruhaRushia","floor":28.0},{"not_picked":["Hololive_CocoNews","Hololive_HuntDinosaur","Hololive_OvertimeWork"],"picked":"Hololive_Breathe+1","floor":31.0},{"not_picked":["Hololive_FlareMind","Hololive_BeCareful","Hololive_Thief"],"picked":"Hololive_AWSL","floor":33.0},{"not_picked":["Hololive_Rebound+1","Hololive_Sequa+1","Hololive_StrengthChampion"],"picked":"Hololive_CallHoushouMarine","floor":35.0},{"not_picked":["Hololive_FlyingPonyTail","Hololive_Rebound","Hololive_Trident+1"],"picked":"Hololive_CandyCastle","floor":36},{"not_picked":["Hololive_Breathe","Hololive_Sequa+1","Hololive_Trident"],"picked":"Hololive_BringToTrial","floor":38},{"not_picked":["Hololive_CallUsadaPekora+1","Hololive_SummonFox+1","Hololive_CallTokoyamiTowa"],"picked":"Hololive_Trident+1","floor":39},{"not_picked":["Hololive_Trident","Hololive_OvertimeWork+1","Hololive_Sequa"],"picked":"Hololive_CallSpadeEcho","floor":42},{"not_picked":["Hololive_CallOzoraSubaru+1","Hololive_OvertimeWork+1","Hololive_RevenueBasedLive+1","Hololive_CallHoushouMarine+1"],"picked":"SKIP","floor":44},{"not_picked":["Hololive_Trident+1","Hololive_SoulCatcher","Hololive_Psychosis+1"],"picked":"Hololive_CallShiroganeNoel+1","floor":46}],"player_experience":163613,"relics_obtained":[{"floor":6.0,"key":"Replay:Arrowhead"},{"floor":9.0,"key":"Pear"},{"floor":12.0,"key":"HornCleat"},{"floor":23.0,"key":"Gambling Chip"},{"floor":26.0,"key":"ReplayTheSpireMod:Ninjato"},{"floor":28.0,"key":"Gensokyo:ConquerorOfFear"},{"floor":39,"key":"infinitespire:Bottled Soul"},{"floor":43,"key":"Replay:Rubber Ducky"}],"event_choices":[{"damage_healed":0.0,"max_hp_gain":0.0,"max_hp_loss":0.0,"gold_gain":0.0,"event_name":"betterMatch:BetterMatch","player_choice":"1","floor":2.0,"gold_loss":0.0,"damage_taken":0.0,"cards_obtained":["betterMatch:UncommonCard","betterMatch:CommonCard","betterMatch:ColorlessUncommonCard"]}],"is_beta":false,"boss_relics":[{"not_picked":["Runic Pyramid","energizedSpire:NeverEndingSparkler"],"picked":"Replay:Wanted Poster"},{"not_picked":["Abe\u0027s Treasure","Kintsugi"],"picked":"SacredBark"}],"items_purged_floors":[],"is_endless":false,"potions_floor_spawned":[1,4,5,6,8,21,22,35,44],"ascension_level":0}}