{"host":"t7mx8yfj1no5p62f","time":1610974422,"event":{"mods":["BaseMod","Bestiary","Colored Map","Colored Powertips","Minty Spire (QoL Compilation)","Relic Stats","StSLib","ojb\u0027s Info Mod"],"gold_per_floor":[119,119,132,57,68,68,102,102,179,212,226,226,226,240,240,240,240],"floor_reached":16,"language":"ENG","playtime":494,"items_purged":["Strike_R"],"score":220,"play_id":"ad5a6ee2-d6e2-49de-9bf3-f7f4943e2529","local_time":"20210118075342","is_ascension_mode":true,"campfire_choices":[{"data":"Bludgeon","floor":6.0,"key":"SMITH"},{"data":"Pommel Strike","floor":8.0,"key":"SMITH"},{"data":"Berserk","floor":15.0,"key":"SMITH"}],"circlet_count":0,"master_deck":["AscendersBane","Strike_R","Strike_R","Strike_R","Defend_R","Defend_R","Defend_R","Defend_R","Bash","Iron Wave","Bludgeon+1","Armaments","Pommel Strike+1","Inflame","Berserk+1"],"relics":["Burning Blood","Juzu Bracelet","Question Card","Dream Catcher","Kunai","Golden Idol"],"acts_visited":["Exordium"],"potions_floor_usage":[16,16],"damage_taken":[{"damage":2.0,"enemies":"2 Louse","floor":1.0,"turns":4.0},{"damage":0.0,"enemies":"Cultist","floor":3.0,"turns":3.0},{"damage":7.0,"enemies":"Small Slimes","floor":5.0,"turns":2.0},{"damage":27.0,"enemies":"Gremlin Nob","floor":7.0,"turns":4.0},{"damage":18.0,"enemies":"Lagavulin","floor":10.0,"turns":7.0},{"damage":7.0,"enemies":"Looter","floor":11.0,"turns":3.0},{"damage":13.0,"enemies":"Large Slime","floor":14.0,"turns":5.0},{"damage":23,"enemies":"Slime Boss","floor":16,"turns":7}],"seed_played":"1243265630904282700","potions_obtained":[{"floor":1.0,"key":"Swift Potion"},{"floor":5.0,"key":"Weak Potion"},{"floor":14.0,"key":"Block Potion"}],"is_trial":false,"path_per_floor":["M","?","M","$","M","R","E","R","T","E","M","?","?","M","R","B"],"character_chosen":"IRONCLAD","items_purchased":[],"campfire_rested":0,"item_purchase_floors":[],"current_hp_per_floor":[72,72,75,75,74,74,53,53,53,41,40,29,29,22,22,0,0],"gold":240,"neow_bonus":"TRANSFORM_CARD","is_daily":false,"chose_seed":false,"campfire_upgraded":3,"win_rate":0.0,"timestamp":1610974422,"path_taken":["M","?","M","$","M","R","E","R","T","E","M","?","?","M","R","BOSS"],"items_purchased_type":[],"build_version":"2020-12-22","purchased_purges":1,"victory":false,"max_hp_per_floor":[75,75,75,75,75,75,75,75,75,75,75,75,68,68,68,68,68],"relic_stats":{"Dream Catcher":0,"counters":[8,35],"Golden Idol":3,"Juzu Bracelet":1,"Kunai":[0],"Question Card":3,"obtain_stats":[{"Dream Catcher":10,"Golden Idol":13,"Juzu Bracelet":7,"Kunai":12,"Question Card":9,"Burning Blood":0},{"Dream Catcher":5,"Golden Idol":6,"Juzu Bracelet":4,"Kunai":6,"Question Card":4,"Burning Blood":0},{"Dream Catcher":20,"Golden Idol":23,"Juzu Bracelet":13,"Kunai":23,"Question Card":13,"Burning Blood":0}],"Burning Blood":39},"card_choices":[{"not_picked":["Second Wind","Shrug It Off"],"picked":"Iron Wave","floor":1.0},{"not_picked":["Perfected Strike","Sword Boomerang"],"picked":"Armaments","floor":3.0},{"not_picked":["Rupture","Rage"],"picked":"Pommel Strike","floor":5.0},{"not_picked":["Carnage","Clothesline","Bloodletting"],"picked":"SKIP","floor":7.0},{"not_picked":["True Grit","Twin Strike","Iron Wave"],"picked":"Inflame","floor":10.0},{"not_picked":["Pommel Strike","Pummel","Dropkick"],"picked":"Berserk","floor":11.0},{"not_picked":["Flex","Clash","Heavy Blade","Iron Wave"],"picked":"SKIP","floor":14.0}],"player_experience":1783103,"relics_obtained":[{"floor":7.0,"key":"Juzu Bracelet"},{"floor":9.0,"key":"Question Card"},{"floor":10.0,"key":"Dream Catcher"}],"event_choices":[{"damage_healed":0.0,"max_hp_gain":0.0,"max_hp_loss":0.0,"gold_gain":0.0,"cards_transformed":["Rupture"],"event_name":"Transmorgrifier","player_choice":"Transformed","floor":2.0,"gold_loss":0.0,"damage_taken":0.0,"cards_obtained":["Bludgeon"]},{"damage_healed":0.0,"max_hp_gain":0.0,"max_hp_loss":0.0,"gold_gain":0.0,"event_name":"Scrap Ooze","player_choice":"Success","floor":12.0,"gold_loss":0.0,"damage_taken":11.0,"relics_obtained":["Kunai"]},{"damage_healed":0.0,"max_hp_gain":0.0,"max_hp_loss":7.0,"gold_gain":0.0,"event_name":"Golden Idol","player_choice":"Lose Max HP","floor":13.0,"gold_loss":0.0,"damage_taken":0.0,"relics_obtained":["Golden Idol"]}],"is_beta":false,"boss_relics":[],"items_purged_floors":[4],"is_endless":false,"potions_floor_spawned":[1,5,14],"killed_by":"Slime Boss","ascension_level":20}}