{"host":"4vq2xwkpdrxril92","time":1610984644,"event":{"mods":["Act Like it!","BaseMod","Better Third Choice","Card Forge","Custom Start","Energized Spire","Fireblade Mod","Hubris","Infinite Spire","Menagerie","Minty Spire (QoL Compilation)","Quick Restart","Rare Cards Sparkle","Shop Mod","StSLib","The Cursed","Åy?ï®?îvÅzREMEMod"],"gold_per_floor":[144,144,144,144,192,285,381,468,546,636,396,396,482,576,676,987,987,1020,1095,669,669,669,771,773,901,928,928,928],"floor_reached":27,"language":"ENG","playtime":1116,"items_purged":[],"score":593,"play_id":"e1ade76a-c3b8-4854-8c77-6448353178b6","local_time":"20210119004404","daily_mods":["SealedDeck","Vintage","Heirloom","Time Dilation","Flight","Elite Swarm","Lethality","Midas"],"is_ascension_mode":false,"campfire_choices":[{"floor":15,"key":"REST"}],"circlet_count":0,"master_deck":["Steam+1","Steam+1","Ball Lightning+1","Go for the Eyes+1","Gash+1","Beam Cell+1","Genetic Algorithm+1","Double Energy+1","Gash+1","Gash+1","Feed+1","REME_Scribble+1","TheCursedMod:NeowsMight+1","Feed+1","Seek+1"],"relics":["Cracked Core","Hammer of Thor","Seething Fire","Anvil of the Gods","REME_ComplimentaryCards","Peace Pipe","Akabeko","hubris:Icosahedron","hubris:Towel","Centennial Puzzle","Molten Egg 2","hubris:SlimyHat","infinitespire:Lucky Rock","infinitespire:WardingShard","hubris:MobiusCoin","MerchantsRug","hubris:TenFootPole","infinitespire:Midas Blood","infinitespire:EmpoweringShard","infinitespire:ShieldingShard","Coffee Dripper","infinitespire:FocusingShard","Sundial","infinitespire:Magic Flask","Juzu Bracelet","Anchor","Mummified Hand","hubris:BottledHeart","REME_LimitBreaker","Pen Nib"],"acts_visited":["Exordium","TheCity"],"potions_floor_usage":[19,27],"damage_taken":[{"damage":0,"enemies":"Menagerie:WhisperingWraith","floor":1,"turns":3},{"damage":0,"enemies":"Menagerie:2_RABBITS","floor":5,"turns":1},{"damage":11,"enemies":"Menagerie:Hydra","floor":6,"turns":2},{"damage":3,"enemies":"Menagerie:MaskedSummoner","floor":7,"turns":1},{"damage":3,"enemies":"Menagerie:Hydra","floor":8,"turns":2},{"damage":5,"enemies":"Menagerie:VoidReaper","floor":10,"turns":1},{"damage":3,"enemies":"Menagerie:MaskedSummoner","floor":13,"turns":2},{"damage":4,"enemies":"Menagerie:VoidReaper","floor":14,"turns":1},{"damage":2,"enemies":"Menagerie:AVATARS","floor":16,"turns":2},{"damage":0,"enemies":"Spheric Guardian","floor":18,"turns":2},{"damage":32,"enemies":"3 Byrds","floor":19,"turns":2},{"damage":0,"enemies":"Book of Stabbing","floor":23,"turns":3},{"damage":0,"enemies":"Nightmare","floor":25,"turns":4},{"damage":0,"enemies":"Gremlin Leader","floor":27,"turns":1}],"seed_played":"-4018465958612674328","potions_obtained":[{"floor":5,"key":"Weak Potion"},{"floor":8,"key":"Swift Potion"},{"floor":10,"key":"Strength Potion"},{"floor":14,"key":"AttackPotion"},{"floor":16,"key":"SteroidPotion"},{"floor":18,"key":"Weak Potion"},{"floor":25,"key":"Fire Potion"}],"is_trial":true,"path_per_floor":["M","$","?","?","M","E","E","E","T","E","$","T","E","E","R","B",null,"M","M","$","?","?","E","?","NM","T","E"],"character_chosen":"DEFECT","items_purchased":["MerchantsRug","hubris:TenFootPole","infinitespire:Magic Flask","Juzu Bracelet"],"campfire_rested":1,"item_purchase_floors":[11,11,20,20],"current_hp_per_floor":[75,75,75,75,79,75,79,83,83,85,85,85,89,92,121,130,132,139,118,118,118,118,125,1,1,1,1,1],"gold":928,"neow_bonus":"","is_daily":false,"chose_seed":false,"campfire_upgraded":0,"win_rate":0.0,"timestamp":1610984644,"path_taken":["M","$","?","?","M","E","E","E","T","E","$","?","E","E","R","BOSS","M","M","$","?","?","E","?","NM","T","E"],"items_purchased_type":["Relic","Relic","Relic","Relic"],"build_version":"2020-12-22","purchased_purges":0,"victory":false,"max_hp_per_floor":[75,75,75,75,79,86,93,100,100,107,107,107,114,121,121,132,132,139,150,150,150,150,157,1,1,1,1,1],"card_choices":[{"not_picked":["Core Surge+1","Thunder Strike+1","Meteor Strike+1"],"picked":"SKIP","floor":6},{"not_picked":["Rainbow","Meteor Strike+1","Multi-Cast"],"picked":"SKIP","floor":7},{"not_picked":["Thunder Strike+1","All For One+1","Buffer"],"picked":"SKIP","floor":8},{"not_picked":["Buffer","Hyperbeam+1","REME_Shoggoth+1"],"picked":"SKIP","floor":10},{"not_picked":["Echo Form","Multi-Cast","REME_Shoggoth+1"],"picked":"SKIP","floor":13},{"not_picked":["hubris:DoWhile","Reboot"],"picked":"Seek","floor":14},{"not_picked":["hubris:SpecializedCircuitry","Core Surge+1","Reboot"],"picked":"SKIP","floor":23},{"not_picked":["Meteor Strike+1","Fission","Buffer"],"picked":"SKIP","floor":25}],"player_experience":1311458,"relics_obtained":[{"floor":1,"key":"Akabeko"},{"floor":5,"key":"Centennial Puzzle"},{"floor":6,"key":"Molten Egg 2"},{"floor":7,"key":"hubris:SlimyHat"},{"floor":8,"key":"infinitespire:Lucky Rock"},{"floor":9,"key":"infinitespire:WardingShard"},{"floor":10,"key":"hubris:MobiusCoin"},{"floor":12,"key":"infinitespire:Midas Blood"},{"floor":13,"key":"infinitespire:EmpoweringShard"},{"floor":14,"key":"infinitespire:ShieldingShard"},{"floor":18,"key":"infinitespire:FocusingShard"},{"floor":19,"key":"Sundial"},{"floor":23,"key":"Mummified Hand"},{"floor":25,"key":"REME_LimitBreaker"},{"floor":26,"key":"Pen Nib"}],"event_choices":[{"damage_healed":0,"gold_gain":0,"player_choice":"Opened","damage_taken":0,"relics_obtained":["Anchor"],"max_hp_gain":0,"max_hp_loss":0,"event_name":"The Mausoleum","floor":21,"gold_loss":0}],"is_beta":false,"boss_relics":[{"not_picked":["energizedSpire:SpiderWeb","infinitespire:Cupcake"],"picked":"Coffee Dripper"}],"items_purged_floors":[],"is_endless":true,"potions_floor_spawned":[5,8,10,14,16,18,25],"killed_by":"Gremlin Leader","ascension_level":0}}