{"host":"6749gst1gzuv21qf","time":1610936317,"event":{"mods":["BaseMod","Better Altar","Better Match","Better Note","Better Sensory Stone","Better Skull","Better Third Choice","BetterRewards","Colored Map","Colored Powertips","Downfall","Hermit","Highlight Path","Minty Spire (QoL Compilation)","Permanent Neow","Shop Mod","Spicy Shops","StSLib","The Cursed"],"gold_per_floor":[99,117,134,153,59,85,135,150,150,150,164,164,72,72,91,91,91],"floor_reached":16,"language":"ENG","playtime":1281,"items_purged":[],"score":102,"play_id":"370ceda9-639f-4e54-8214-9a8ca3aaf487","local_time":"20210117211837","is_ascension_mode":false,"campfire_choices":[{"data":"bronze:Goto","floor":1,"key":"SMITH"},{"data":"bronze:HardenedForm","floor":10,"key":"SMITH"}],"circlet_count":0,"master_deck":["bronze:Strike","bronze:Strike","bronze:Strike","bronze:Defend","bronze:Defend","bronze:Defend","bronze:Defend","bronze:Replicate","bronze:Goto+1","bronze:HardenedForm+1","bronze:ChosenStrike","bronze:Allocate","bronze:Boost","bronze:ClassDefault","bronze:Mutator","bronze:Overload","bronze:Deprecate","bronze:ThunderWave","bronze:DazingPulse","bronze:FineTuning","bronze:Frontload","bronze:Flail","bronze:DigitalCarnage"],"relics":["bronze:BronzeCore","Orichalcum","FossilizedHelix","bronze:CableSpool"],"acts_visited":["Exordium"],"potions_floor_usage":[],"damage_taken":[{"damage":0,"enemies":"Cultist","floor":2,"turns":4},{"damage":1,"enemies":"Jaw Worm","floor":3,"turns":3},{"damage":0,"enemies":"Small Slimes","floor":4,"turns":2},{"damage":5,"enemies":"downfall:FleeingMerchant","floor":5,"turns":4},{"damage":15,"enemies":"Lagavulin","floor":6,"turns":7},{"damage":5,"enemies":"Blue Slaver","floor":8,"turns":6},{"damage":0,"enemies":"3 Louse","floor":11,"turns":3},{"damage":0,"enemies":"3 Louse","floor":12,"turns":4},{"damage":3,"enemies":"downfall:FleeingMerchant","floor":13,"turns":4},{"damage":5,"enemies":"Lots of Slimes","floor":15,"turns":5},{"damage":35,"enemies":"IC_STATUS_ARCHETYPE","floor":16,"turns":8}],"seed_played":"-3303303352689461538","potions_obtained":[{"floor":2,"key":"Swift Potion"},{"floor":3,"key":"bronze:CleanCodePotion"},{"floor":8,"key":"champ:CounterPotion"},{"floor":11,"key":"Block Potion"},{"floor":15,"key":"bronze:BurnAndBuffPotion"}],"is_trial":false,"path_per_floor":["R","M","M","M","$","E","T","M","?","R","M","?","$","T","M","B"],"character_chosen":"THE_AUTOMATON","items_purchased":["bronze:Mutator","bronze:Flail"],"campfire_rested":0,"item_purchase_floors":[5,13],"current_hp_per_floor":[70,70,69,69,64,49,49,44,41,41,41,41,38,38,33,0,0],"gold":91,"neow_bonus":"TRANSFORM_CARD","is_daily":false,"chose_seed":false,"campfire_upgraded":2,"win_rate":0.0,"timestamp":1610936317,"path_taken":["R","M","M","M","?","E","T","M","?","R","M","?","$","?","M","BOSS"],"items_purchased_type":["Card","Card"],"build_version":"2020-12-22","purchased_purges":0,"victory":false,"max_hp_per_floor":[70,70,70,70,70,70,70,70,70,70,70,70,70,70,70,70,70],"card_choices":[{"not_picked":["bronze:WildBeam","bronze:BitShift"],"picked":"bronze:ChosenStrike","floor":2},{"not_picked":["bronze:Invalidate","bronze:OilSpill"],"picked":"bronze:Allocate","floor":3},{"not_picked":["bronze:GetLatest","bronze:Backtrace"],"picked":"bronze:Boost","floor":4},{"not_picked":["bronze:FineTuning","bronze:Deprecate"],"picked":"bronze:ClassDefault","floor":5},{"not_picked":["bronze:DigitalCarnage","bronze:Overheat"],"picked":"bronze:Overload","floor":6},{"not_picked":["bronze:Allocate","bronze:Turbo"],"picked":"bronze:Deprecate","floor":8},{"not_picked":["bronze:WildBeam","bronze:ChosenStrike"],"picked":"bronze:ThunderWave","floor":11},{"not_picked":[],"picked":"bronze:DazingPulse","floor":12},{"not_picked":["bronze:BuggyMess","bronze:Frontload"],"picked":"bronze:FineTuning","floor":12},{"not_picked":["bronze:BronzeArmor","bronze:Mutator"],"picked":"bronze:Frontload","floor":13},{"not_picked":["bronze:Invalidate","bronze:OilSpill"],"picked":"bronze:DigitalCarnage","floor":15}],"player_experience":707313,"relics_obtained":[{"floor":6,"key":"Orichalcum"},{"floor":14,"key":"bronze:CableSpool"}],"event_choices":[{"damage_healed":0,"gold_gain":0,"player_choice":"Relic ","damage_taken":3,"max_hp_gain":0,"max_hp_loss":0,"event_name":"betterThird:BetterScrap","floor":9,"gold_loss":0,"cards_obtained":["SandsOfTime"]}],"is_beta":false,"boss_relics":[],"items_purged_floors":[],"is_endless":false,"potions_floor_spawned":[2,3,8,11,12,15],"killed_by":"IC_STATUS_ARCHETYPE","ascension_level":0}}