{"host":"fkig9nrckec4xsh0","time":1610946799,"event":{"mods":["BaseMod","Colored Map","Minty Spire (QoL Compilation)","Quick Restart","Replay The Spire","StSLib"],"gold_per_floor":[119,169,255,342,25,25,25,52,52,52,85,99,128,148,148,253,253,253,253,253,178,178,178,178,178,178,178,178,178,178,178,178,178,178,178,178,178,178,26,26,26,26,26,26,26,26,26,26,26,26,26,26,5,5,5],"floor_reached":56,"language":"ENG","playtime":3442,"items_purged":["Amnesia","Shame"],"score":2572,"play_id":"b3b67ce2-1d17-4e21-be90-d295c256534f","local_time":"20210118001319","is_ascension_mode":true,"campfire_choices":[{"data":"ReplayTheSpireMod:Brewmster","floor":6.0,"key":"SMITH"},{"data":"After Image","floor":10.0,"key":"SMITH"},{"data":"Accuracy","floor":15.0,"key":"SMITH"},{"data":"Infinite Blades","floor":29,"key":"SMITH"},{"data":"Accuracy","floor":32,"key":"SMITH"},{"data":"Envenom","floor":40,"key":"SMITH"},{"floor":45,"key":"RECALL"},{"data":"Accuracy","floor":49,"key":"SMITH"},{"data":"Hidden Blade","floor":52,"key":"SMITH"}],"circlet_count":0,"master_deck":["Strike_G","Strike_G","Defend_G","Defend_G","Defend_G+1","Defend_G","Defend_G","Survivor+1","Neutralize","Hidden Blade","Dagger Throw","Shame","Accuracy+1","Accuracy+1","ReplayTheSpireMod:Brewmster+1","After Image+1","Replay:Bag of Tricks","Clumsy","Blade Dance","Caltrops","Hidden Blade+1","Die Die Die","Cloak And Dagger+1","Cloak And Dagger+1","Sneak Up+1","Infinite Blades+1","Tools of the Trade","ReplayTheSpireMod:Shiv Toss+1","ReplayTheSpireMod:Scrap Shanks","Envenom+1","Replay:Poison Smokescreen+1","Distraction+1","Riddle With Holes+1","Blade Dance","Outmaneuver+1","Blade Dance+1","Accuracy+1","Hidden Blade"],"relics":["Ring of the Snake","War Paint","Ring of Greed","Membership Card","The Courier","ReplayTheSpireMod:Ring of Challenge","MawBank","Matryoshka","Pear","Vajra","Snake Skull","Meat on the Bone","Bag of Preparation","Replay:Rubber Ducky","Ectoplasm","Eternal Feather","Spirit Poop","ReplayTheSpireMod:Shallot","Singing Bowl","Happy Flower","ReplayTheSpireMod:Lightbulb","Potion Belt","InkBottle","Astrolabe","Bronze Scales","Calipers","Divine Protection","Vampiric Spirits","Byrd Skull","HornCleat","Replay:Ringing Soul"],"acts_visited":["Exordium","TheCity","TheBeyond","TheEnding"],"potions_floor_usage":[30,30,30,30,31,33,33,35,37,37,38,42,42,47,48,48,50,50,50,50,50,55,55,55],"damage_taken":[{"damage":2.0,"enemies":"Jaw Worm","floor":1.0,"turns":5.0},{"damage":0.0,"enemies":"3 Sentries","floor":8.0,"turns":8.0},{"damage":22.0,"enemies":"Gremlin Nob","floor":11.0,"turns":5.0},{"damage":3.0,"enemies":"2 Louse","floor":12.0,"turns":3.0},{"damage":0.0,"enemies":"Lagavulin","floor":13.0,"turns":4.0},{"damage":0.0,"enemies":"Small Slimes","floor":14.0,"turns":2.0},{"damage":0.0,"enemies":"Hexaghost","floor":16.0,"turns":6.0},{"damage":1.0,"enemies":"3 Byrds","floor":18.0,"turns":4.0},{"damage":13.0,"enemies":"2 Thieves","floor":21.0,"turns":4.0},{"damage":0.0,"enemies":"Centurion and Healer","floor":22.0,"turns":5.0},{"damage":19.0,"enemies":"Slavers","floor":23.0,"turns":5.0},{"damage":0.0,"enemies":"Snake Plant","floor":24.0,"turns":5.0},{"damage":0.0,"enemies":"Book of Stabbing","floor":25.0,"turns":4.0},{"damage":0.0,"enemies":"Gremlin Leader","floor":27.0,"turns":4.0},{"damage":0.0,"enemies":"Snecko","floor":28.0,"turns":6.0},{"damage":5,"enemies":"Slavers","floor":30,"turns":5},{"damage":0,"enemies":"Sentry and Sphere","floor":31,"turns":4},{"damage":4,"enemies":"Pondfish","floor":33,"turns":6},{"damage":0,"enemies":"3 Shapes","floor":35,"turns":3},{"damage":7,"enemies":"2 Orb Walkers","floor":37,"turns":4},{"damage":0,"enemies":"Orb Walker","floor":38,"turns":3},{"damage":0,"enemies":"Writhing Mass","floor":41,"turns":5},{"damage":0,"enemies":"R_Hoarder","floor":42,"turns":6},{"damage":0,"enemies":"3 Darklings","floor":46,"turns":4},{"damage":0,"enemies":"Giant Head","floor":47,"turns":5},{"damage":0,"enemies":"Maw","floor":48,"turns":4},{"damage":4,"enemies":"Time Eater","floor":50,"turns":5},{"damage":0,"enemies":"Shield and Spear","floor":54,"turns":6},{"damage":50,"enemies":"The Heart","floor":55,"turns":5}],"seed_played":"3600854367370770895","potions_obtained":[{"floor":1.0,"key":"Dexterity Potion"},{"floor":3.0,"key":"AttackPotion"},{"floor":3.0,"key":"LiquidMemories"},{"floor":13.0,"key":"AttackPotion"},{"floor":25.0,"key":"Toxic Potion"},{"floor":30,"key":"Fire Potion"},{"floor":31,"key":"Energy Potion"},{"floor":37,"key":"DuplicationPotion"},{"floor":41,"key":"Death Potion"},{"floor":46,"key":"Doom Potion"}],"is_trial":false,"path_per_floor":["M","?","?","?","$","R","?","E","T","R","E","M","E","M","R","B",null,"M","?","?","M","M","E","M","E","T","E","M","R","E","M","R","B",null,"M","T","?","M","$","R","M","E","T","T","R","M","E","M","R","B",null,"R","$","E","B",null],"character_chosen":"THE_SILENT","items_purchased":["Matryoshka","Accuracy","Pear","ReplayTheSpireMod:Brewmster","Divine Protection","Hidden Blade"],"campfire_rested":0,"item_purchase_floors":[5,5,5,5,39,53],"current_hp_per_floor":[61,61,33,22,32,32,32,32,32,32,22,31,43,43,43,43,71,70,70,70,57,57,50,50,52,52,52,52,70,65,67,84,80,83,83,83,78,80,80,88,88,90,90,90,90,92,92,92,92,92,92,92,92,94,56],"gold":5,"neow_bonus":"RANDOM_COMMON_RELIC","is_daily":false,"chose_seed":false,"campfire_upgraded":8,"win_rate":0.0,"timestamp":1610946799,"path_taken":["M","?","?","?","$","R","?","E","T","R","E","M","E","?","R","BOSS","M","?","?","?","M","E","M","E","T","E","M","R","E","M","R","BOSS","M","?","?","M","$","R","M","E","T","?","R","M","E","?","R","BOSS","R","$","E","BOSS"],"items_purchased_type":["Relic","Card","Relic","Card","Relic","Card"],"build_version":"2020-12-22","purchased_purges":2,"victory":true,"max_hp_per_floor":[70,70,70,70,80,80,80,80,80,80,80,80,80,80,80,80,80,80,80,80,80,80,80,80,82,82,82,82,82,82,84,84,84,84,84,84,86,88,88,88,88,90,90,90,90,92,92,92,92,92,92,92,92,94,94],"card_choices":[{"not_picked":["Sneak Up","Skewer"],"picked":"Hidden Blade","floor":1.0},{"not_picked":["Slice","Leg Sweep"],"picked":"Dagger Throw","floor":3.0},{"not_picked":["Draining Mist","Acrobatics"],"picked":"After Image","floor":8.0},{"not_picked":["Deflect","All Out Attack"],"picked":"Replay:Bag of Tricks","floor":11.0},{"not_picked":["Cloak And Dagger","Dagger Throw"],"picked":"Blade Dance","floor":12.0},{"not_picked":["Masterful Stab","Dagger Throw"],"picked":"Caltrops","floor":13.0},{"not_picked":["Predator","Dagger Throw"],"picked":"Hidden Blade","floor":14.0},{"not_picked":["ReplayTheSpireMod:From All Sides","Night Terror"],"picked":"Die Die Die","floor":16.0},{"not_picked":["Dagger Spray","Outmaneuver"],"picked":"Cloak And Dagger+1","floor":18.0},{"not_picked":["Underhanded Strike","Tactician"],"picked":"Cloak And Dagger+1","floor":21.0},{"not_picked":["Predator+1","ReplayTheSpireMod:The Works"],"picked":"Sneak Up+1","floor":22.0},{"not_picked":["Slice","Cloak And Dagger"],"picked":"Infinite Blades","floor":23.0},{"not_picked":["Quick Slash","Bane","Replay:Poison Smokescreen"],"picked":"SKIP","floor":24.0},{"not_picked":["Flechettes","Distraction+1","Setup+1"],"picked":"Singing Bowl","floor":25.0},{"not_picked":["Underhanded Strike+1","Catalyst"],"picked":"Tools of the Trade","floor":27.0},{"not_picked":["Outmaneuver","Slice+1"],"picked":"ReplayTheSpireMod:Shiv Toss+1","floor":28},{"not_picked":["Bouncing Flask","Sucker Punch"],"picked":"ReplayTheSpireMod:Scrap Shanks","floor":30},{"not_picked":["ReplayTheSpireMod:Exploit Weakness","Sucker Punch","Underhanded Strike"],"picked":"Singing Bowl","floor":31},{"not_picked":["Grand Finale","Venomology"],"picked":"Envenom","floor":33},{"not_picked":["Sneak Up+1","Well Laid Plans"],"picked":"Blade Dance","floor":35},{"not_picked":["Deadly Poison","Prepared","Slice"],"picked":"Singing Bowl","floor":37},{"not_picked":["Riddle With Holes","Quick Slash","Dagger Spray+1"],"picked":"Singing Bowl","floor":38},{"not_picked":["All Out Attack","Crippling Poison+1"],"picked":"Outmaneuver+1","floor":41},{"not_picked":["Escape Plan+1","Bouncing Flask+1","PiercingWail"],"picked":"Singing Bowl","floor":42},{"not_picked":["Deflect","Flying Knee+1","Caltrops+1"],"picked":"Singing Bowl","floor":46},{"not_picked":["PiercingWail","Dagger Spray"],"picked":"Blade Dance+1","floor":47},{"not_picked":["Deflect+1","Caltrops+1"],"picked":"Accuracy","floor":48},{"not_picked":["ReplayTheSpireMod:Exploit Weakness+1","Slice+1","Dagger Spray+1"],"picked":"Singing Bowl","floor":54}],"player_experience":353075,"relics_obtained":[{"floor":2.0,"key":"Ring of Greed"},{"floor":2.0,"key":"Membership Card"},{"floor":2.0,"key":"The Courier"},{"floor":2.0,"key":"ReplayTheSpireMod:Ring of Challenge"},{"floor":3.0,"key":"MawBank"},{"floor":8.0,"key":"Vajra"},{"floor":9.0,"key":"Snake Skull"},{"floor":9.0,"key":"Meat on the Bone"},{"floor":11.0,"key":"Bag of Preparation"},{"floor":13.0,"key":"Replay:Rubber Ducky"},{"floor":23.0,"key":"ReplayTheSpireMod:Shallot"},{"floor":25.0,"key":"Singing Bowl"},{"floor":26.0,"key":"Happy Flower"},{"floor":26.0,"key":"ReplayTheSpireMod:Lightbulb"},{"floor":27.0,"key":"Potion Belt"},{"floor":30,"key":"InkBottle"},{"floor":36,"key":"Bronze Scales"},{"floor":37,"key":"Calipers"},{"floor":42,"key":"Vampiric Spirits"},{"floor":43,"key":"Byrd Skull"},{"floor":47,"key":"HornCleat"},{"floor":54,"key":"Replay:Ringing Soul"}],"event_choices":[{"damage_healed":0.0,"max_hp_gain":0.0,"max_hp_loss":0.0,"gold_gain":75.0,"event_name":"World of Goop","player_choice":"Gather Gold","floor":4.0,"gold_loss":0.0,"damage_taken":11.0},{"damage_healed":0.0,"max_hp_gain":0.0,"max_hp_loss":0.0,"gold_gain":0.0,"event_name":"Liars Game","player_choice":"Ignored","floor":7.0,"gold_loss":0.0,"damage_taken":0.0},{"damage_healed":0.0,"max_hp_gain":0.0,"max_hp_loss":0.0,"gold_gain":0.0,"event_name":"Addict","player_choice":"Stole Relic","floor":19.0,"gold_loss":0.0,"damage_taken":0.0,"relics_obtained":["Eternal Feather"],"cards_obtained":["Shame"]},{"cards_removed":["Overencumbered"],"damage_healed":0.0,"max_hp_gain":0.0,"max_hp_loss":0.0,"gold_gain":0.0,"event_name":"Bonfire Elementals","player_choice":"Offered Curse","floor":20.0,"gold_loss":0.0,"damage_taken":0.0,"relics_obtained":["Spirit Poop"]},{"damage_healed":0,"gold_gain":0,"player_choice":"Fight","damage_taken":0,"max_hp_gain":0,"max_hp_loss":0,"event_name":"Mysterious Sphere","floor":37,"gold_loss":0}],"is_beta":false,"boss_relics":[{"not_picked":["Fusion Hammer","Replay:Ancient Bell"],"picked":"Ectoplasm"},{"not_picked":["Snecko Eye","Runic Dome"],"picked":"Astrolabe"}],"items_purged_floors":[5,39],"is_endless":false,"potions_floor_spawned":[1,12,13,16,22,25,30,31,33,37,41,46],"ascension_level":7}}