{"host":"zxkjcgzis4pm3za5","time":1610984432,"event":{"mods":["AchievementEnabler","Act Like it!","BaseMod","Colored Map","Colored Powertips","Friendly Minions","GifTheSpireLib","Minty Spire (QoL Compilation)","Quick Restart","RNG Fix","Random Character Button","Relic Sorter","Relic Stats","StSLib"],"gold_per_floor":[115,130,142,160,225,225,254,254,334,334,0,30,48,59,59,138,138,150,150,150,168,188,188,213,213,213,243,243,47,93,103,103,180,180,200,200,247,272,292,292,317,336,362,380,380,394,221,253,253,253,253,253,41,66,66,66],"floor_reached":55,"language":"ENG","playtime":1831,"items_purged":["Strike_G"],"score":1445,"play_id":"81a101f5-1368-42e8-839a-933542ebd3ce","local_time":"20210118211032","is_ascension_mode":true,"campfire_choices":[{"data":"1","floor":6,"key":"LIFT"},{"data":"2","floor":8,"key":"LIFT"},{"data":"3","floor":10,"key":"LIFT"},{"data":"Blade Dance","floor":15,"key":"SMITH"},{"data":"Blade Dance","floor":23,"key":"SMITH"},{"data":"Wraith Form v2","floor":25,"key":"SMITH"},{"data":"Glass Knife","floor":32,"key":"SMITH"},{"floor":40,"key":"RECALL"},{"data":"A Thousand Cuts","floor":45,"key":"SMITH"},{"floor":49,"key":"REST"},{"data":"Backstab","floor":52,"key":"SMITH"}],"circlet_count":0,"master_deck":["AscendersBane","Strike_G","Strike_G","Strike_G","Strike_G","Defend_G","Defend_G","Defend_G","Defend_G","Defend_G","Survivor","Neutralize","Blade Dance+1","Flechettes","Backstab+1","PiercingWail","Blade Dance+1","Terror","Wraith Form v2+1","Slice+1","Endless Agony+1","Glass Knife+1","Blade Dance","Blade Dance","Flash of Steel","A Thousand Cuts+1","Secret Weapon","Panacea","Expertise+1","Dagger Spray","Acrobatics","Blade Dance+1","Riddle With Holes+1","Master of Strategy"],"relics":["Ring of the Snake","Girya","Lizard Tail","Meat on the Bone","Bag of Marbles","Sling","Orichalcum","Sozu","Singing Bowl","Enchiridion","Juzu Bracelet","Pear","Mummified Hand","Bronze Scales","Philosopher\u0027s Stone","Gambling Chip","Peace Pipe","Akabeko","Bag of Preparation","Gremlin Horn","Pen Nib"],"acts_visited":["Exordium","TheCity","TheBeyond","TheEnding"],"potions_floor_usage":[7,33,33],"damage_taken":[{"damage":0,"enemies":"Cultist","floor":1,"turns":4},{"damage":0,"enemies":"Jaw Worm","floor":2,"turns":4},{"damage":0,"enemies":"Small Slimes","floor":3,"turns":3},{"damage":0,"enemies":"Blue Slaver","floor":4,"turns":3},{"damage":13,"enemies":"Gremlin Nob","floor":7,"turns":4},{"damage":2,"enemies":"3 Sentries","floor":12,"turns":5},{"damage":0,"enemies":"Lots of Slimes","floor":13,"turns":2},{"damage":0,"enemies":"Gremlin Gang","floor":14,"turns":2},{"damage":19,"enemies":"Hexaghost","floor":16,"turns":6},{"damage":0,"enemies":"Spheric Guardian","floor":18,"turns":2},{"damage":0,"enemies":"3 Byrds","floor":21,"turns":2},{"damage":0,"enemies":"Snecko","floor":22,"turns":2},{"damage":24,"enemies":"Book of Stabbing","floor":24,"turns":4},{"damage":2,"enemies":"Slavers","floor":27,"turns":3},{"damage":0,"enemies":"Sentry and Sphere","floor":31,"turns":2},{"damage":76,"enemies":"Automaton","floor":33,"turns":7},{"damage":0,"enemies":"3 Darklings","floor":35,"turns":2},{"damage":0,"enemies":"2 Orb Walkers","floor":37,"turns":3},{"damage":0,"enemies":"Mind Bloom Boss Battle","floor":38,"turns":4},{"damage":3,"enemies":"3 Shapes","floor":39,"turns":1},{"damage":0,"enemies":"Reptomancer","floor":41,"turns":2},{"damage":0,"enemies":"Transient","floor":42,"turns":5},{"damage":20,"enemies":"Writhing Mass","floor":44,"turns":4},{"damage":0,"enemies":"3 Darklings","floor":46,"turns":1},{"damage":0,"enemies":"Nemesis","floor":48,"turns":1},{"damage":72,"enemies":"Time Eater","floor":50,"turns":8},{"damage":9,"enemies":"Shield and Spear","floor":54,"turns":2},{"damage":66,"enemies":"The Heart","floor":55,"turns":2}],"seed_played":"-3548737078512317425","potions_obtained":[{"floor":2,"key":"PowerPotion"},{"floor":3,"key":"ColorlessPotion"},{"floor":12,"key":"AttackPotion"},{"floor":16,"key":"PowerPotion"}],"is_trial":false,"path_per_floor":["M","M","M","M","?","R","E","R","T","R","$","E","M","M","R","B",null,"M","T","?","M","M","R","E","R","T","E","?","$","T","M","R","B",null,"M","?","?","?","M","R","E","M","T","M","R","M","$","E","R","B",null,"R","$","E","B"],"character_chosen":"THE_SILENT","items_purchased":["Bag of Marbles","Sling","Blade Dance","Flash of Steel","Bag of Preparation","Master of Strategy"],"campfire_rested":1,"item_purchase_floors":[11,11,29,29,47,53],"current_hp_per_floor":[44,44,44,44,44,44,31,31,31,31,31,41,41,41,41,34,58,58,58,37,39,39,39,27,27,37,47,47,47,47,49,49,52,73,75,67,67,67,64,64,64,64,64,46,46,48,48,50,77,17,72,72,72,65,0,0],"gold":66,"neow_bonus":"ONE_RARE_RELIC","is_daily":false,"chose_seed":false,"campfire_upgraded":6,"win_rate":0.0,"timestamp":1610984432,"path_taken":["M","M","?","M","?","R","E","R","T","R","$","E","?","M","R","BOSS","M","?","?","M","M","R","E","R","T","E","?","$","?","M","R","BOSS","M","?","?","?","M","R","E","M","T","M","R","M","$","E","R","BOSS","R","$","E","BOSS"],"items_purchased_type":["Relic","Relic","Card","Card","Relic","Card"],"build_version":"2020-12-22","purchased_purges":1,"victory":false,"max_hp_per_floor":[66,66,66,66,66,66,66,66,66,66,66,66,66,66,66,66,66,66,66,66,68,68,68,68,68,78,78,78,78,78,80,80,80,80,82,84,84,84,84,84,84,84,84,86,86,88,88,90,90,90,90,90,90,92,92,92],"relic_stats":{"Singing Bowl":16,"Gremlin Horn":[1,1],"counters":[28,90],"Pen Nib":[0],"Juzu Bracelet":0,"Bag of Preparation":[8],"Orichalcum":[198],"Sozu":8,"Peace Pipe":0,"Lizard Tail":40,"Mummified Hand":[33],"Bronze Scales":[120],"Gambling Chip":[27],"obtain_stats":[{"Girya":0,"Pear":26,"Singing Bowl":19,"Gremlin Horn":48,"Enchiridion":20,"Pen Nib":54,"Juzu Bracelet":24,"Bag of Preparation":47,"Orichalcum":12,"Sling":11,"Akabeko":41,"Sozu":17,"Peace Pipe":38,"Lizard Tail":7,"Mummified Hand":27,"Bronze Scales":30,"Gambling Chip":37,"Philosopher\u0027s Stone":34,"Bag of Marbles":11,"Ring of the Snake":0,"Meat on the Bone":9},{"Girya":0,"Pear":13,"Singing Bowl":10,"Gremlin Horn":25,"Enchiridion":10,"Pen Nib":27,"Juzu Bracelet":13,"Bag of Preparation":24,"Orichalcum":6,"Sling":5,"Akabeko":21,"Sozu":9,"Peace Pipe":19,"Lizard Tail":5,"Mummified Hand":14,"Bronze Scales":14,"Gambling Chip":18,"Philosopher\u0027s Stone":16,"Bag of Marbles":5,"Ring of the Snake":0,"Meat on the Bone":5},{"Girya":0,"Pear":43,"Singing Bowl":35,"Gremlin Horn":78,"Enchiridion":35,"Pen Nib":88,"Juzu Bracelet":43,"Bag of Preparation":77,"Orichalcum":23,"Sling":18,"Akabeko":67,"Sozu":33,"Peace Pipe":64,"Lizard Tail":18,"Mummified Hand":46,"Bronze Scales":46,"Gambling Chip":60,"Philosopher\u0027s Stone":55,"Bag of Marbles":18,"Ring of the Snake":0,"Meat on the Bone":18}],"Ring of the Snake":[58],"Meat on the Bone":72},"card_choices":[{"not_picked":["Slice","Deflect"],"picked":"Blade Dance","floor":1},{"not_picked":["Quick Slash","Prepared"],"picked":"Flechettes","floor":2},{"not_picked":["Bane","Sucker Punch"],"picked":"Backstab","floor":3},{"not_picked":["Catalyst","Slice"],"picked":"PiercingWail","floor":4},{"not_picked":["Concentrate","Poisoned Stab"],"picked":"Blade Dance","floor":7},{"not_picked":["Grand Finale","Eviscerate","Bouncing Flask"],"picked":"SKIP","floor":12},{"not_picked":["Underhanded Strike","Eviscerate","Distraction"],"picked":"SKIP","floor":13},{"not_picked":["Riddle With Holes","Dagger Spray"],"picked":"Terror","floor":14},{"not_picked":["Corpse Explosion","Doppelganger"],"picked":"Wraith Form v2","floor":16},{"not_picked":["Sucker Punch","All Out Attack+1","Flying Knee"],"picked":"SKIP","floor":18},{"not_picked":["Underhanded Strike","Deflect","Blur"],"picked":"Singing Bowl","floor":21},{"not_picked":["Tactician","Crippling Poison"],"picked":"Slice+1","floor":22},{"not_picked":["Tactician","Dodge and Roll"],"picked":"Endless Agony+1","floor":24},{"not_picked":["Deadly Poison","Reflex"],"picked":"Glass Knife","floor":27},{"not_picked":["Escape Plan","Well Laid Plans","Slice"],"picked":"Singing Bowl","floor":31},{"not_picked":["Doppelganger","Unload"],"picked":"A Thousand Cuts","floor":33},{"not_picked":["Eviscerate+1","Riddle With Holes","Dodge and Roll+1"],"picked":"Singing Bowl","floor":35},{"not_picked":["Purity","Apotheosis"],"picked":"Secret Weapon","floor":36},{"not_picked":["Purity","Secret Weapon"],"picked":"Panacea","floor":36},{"not_picked":["Impatience","Apotheosis","Finesse"],"picked":"Singing Bowl","floor":36},{"not_picked":["Flying Knee","PiercingWail"],"picked":"Expertise+1","floor":37},{"not_picked":["Catalyst","Dash"],"picked":"Dagger Spray","floor":38},{"not_picked":["Bane+1","Heel Hook"],"picked":"Acrobatics","floor":39},{"not_picked":["Deflect","Poisoned Stab"],"picked":"Blade Dance+1","floor":41},{"not_picked":["Cloak And Dagger","Venomology"],"picked":"Riddle With Holes+1","floor":42},{"not_picked":["Slice+1","Backflip","Outmaneuver+1"],"picked":"Singing Bowl","floor":44},{"not_picked":["Dagger Spray+1","Dash+1","Doppelganger"],"picked":"Singing Bowl","floor":46},{"not_picked":["Well Laid Plans","Caltrops","PiercingWail"],"picked":"Singing Bowl","floor":48},{"not_picked":["Backflip","Dagger Throw","Flying Knee"],"picked":"Singing Bowl","floor":54}],"player_experience":239122,"relics_obtained":[{"floor":7,"key":"Lizard Tail"},{"floor":9,"key":"Meat on the Bone"},{"floor":12,"key":"Orichalcum"},{"floor":19,"key":"Singing Bowl"},{"floor":20,"key":"Enchiridion"},{"floor":24,"key":"Juzu Bracelet"},{"floor":26,"key":"Pear"},{"floor":27,"key":"Mummified Hand"},{"floor":30,"key":"Bronze Scales"},{"floor":37,"key":"Gambling Chip"},{"floor":38,"key":"Peace Pipe"},{"floor":41,"key":"Akabeko"},{"floor":48,"key":"Gremlin Horn"},{"floor":54,"key":"Pen Nib"}],"event_choices":[{"damage_healed":0,"gold_gain":65,"player_choice":"Gained Gold","damage_taken":0,"max_hp_gain":0,"max_hp_loss":0,"event_name":"Golden Wing","floor":5,"gold_loss":0},{"damage_healed":0,"gold_gain":0,"player_choice":"Obtained Book","damage_taken":21,"max_hp_gain":0,"max_hp_loss":0,"event_name":"Cursed Tome","floor":20,"gold_loss":0},{"damage_healed":0,"gold_gain":0,"player_choice":"Read","damage_taken":0,"max_hp_gain":0,"max_hp_loss":0,"event_name":"The Library","floor":28,"gold_loss":0,"cards_obtained":["Blade Dance"]},{"damage_healed":0,"gold_gain":0,"player_choice":"Memory 3","damage_taken":10,"max_hp_gain":0,"max_hp_loss":0,"event_name":"SensoryStone","floor":36,"gold_loss":0},{"damage_healed":0,"gold_gain":0,"player_choice":"Fight","damage_taken":0,"max_hp_gain":0,"max_hp_loss":0,"event_name":"Mysterious Sphere","floor":37,"gold_loss":0},{"damage_healed":0,"gold_gain":0,"player_choice":"Fight","damage_taken":0,"max_hp_gain":0,"max_hp_loss":0,"event_name":"MindBloom","floor":38,"gold_loss":0}],"is_beta":false,"boss_relics":[{"not_picked":["Runic Pyramid","SlaversCollar"],"picked":"Sozu"},{"not_picked":["Busted Crown","Empty Cage"],"picked":"Philosopher\u0027s Stone"}],"items_purged_floors":[29],"is_endless":false,"potions_floor_spawned":[2,3,4,12,16,22,31,33,38,39,41,46,54],"killed_by":"The Heart","ascension_level":16}}