{"host":"sav7uxregyirlf69","time":1610981269,"event":{"mods":["AchievementEnabler","BaseMod","Colored Map","DeckTracker","Keyboard Shortcuts","Minty Spire (QoL Compilation)","READ ME - Guardian Mod","StSLib","SuperFastMode"],"gold_per_floor":[116,136,150,110,128,128,142,142,169,194,210,210,238,254,254,327,327,346,346,346,67,67,67,67,83,83,83,112,112,139,156,156,232,232,245,245,245,261,272,272,272],"floor_reached":40,"language":"KOR","playtime":950,"items_purged":["Strike_G"],"score":832,"play_id":"3a7c912e-31ff-4a9b-a806-408bd569397c","local_time":"20210118234749","is_ascension_mode":true,"campfire_choices":[{"data":"Tactician","floor":6,"key":"SMITH"},{"data":"Blade Dance","floor":8,"key":"SMITH"},{"data":"Envenom","floor":12,"key":"SMITH"},{"data":"Catalyst","floor":15,"key":"SMITH"},{"data":"Apotheosis","floor":23,"key":"SMITH"},{"data":"Phantasmal Killer","floor":27,"key":"SMITH"},{"floor":29,"key":"REST"},{"data":"Footwork","floor":32,"key":"SMITH"}],"circlet_count":0,"master_deck":["AscendersBane","Strike_G+1","Strike_G+1","Strike_G","Strike_G","Defend_G","Defend_G","Defend_G","Defend_G","Defend_G","Survivor","Neutralize","Dagger Spray","Tactician+1","Blur","Blade Dance+1","Acrobatics","Footwork+1","Envenom+1","Reflex","Dagger Throw","Catalyst+1","Phantasmal Killer+1","Apotheosis+1","Acrobatics","PiercingWail+1"],"relics":["Ring of the Snake","NeowsBlessing","Whetstone","Akabeko","MealTicket","HoveringKite","Ornamental Fan","Calipers","Toy Ornithopter","SacredBark","Bag of Preparation"],"acts_visited":["Exordium","TheCity","TheBeyond"],"potions_floor_usage":[10,16,28,33,39,40],"damage_taken":[{"damage":0,"enemies":"Cultist","floor":1,"turns":1},{"damage":0,"enemies":"2 Louse","floor":2,"turns":1},{"damage":0,"enemies":"Small Slimes","floor":3,"turns":1},{"damage":1,"enemies":"Looter","floor":4,"turns":4},{"damage":1,"enemies":"2 Fungi Beasts","floor":5,"turns":3},{"damage":7,"enemies":"Large Slime","floor":7,"turns":7},{"damage":28,"enemies":"Lagavulin","floor":10,"turns":7},{"damage":0,"enemies":"Exordium Wildlife","floor":11,"turns":3},{"damage":11,"enemies":"Gremlin Nob","floor":13,"turns":3},{"damage":0,"enemies":"Exordium Thugs","floor":14,"turns":6},{"damage":6,"enemies":"Hexaghost","floor":16,"turns":8},{"damage":0,"enemies":"Chosen","floor":18,"turns":3},{"damage":4,"enemies":"Shell Parasite","floor":25,"turns":6},{"damage":38,"enemies":"Book of Stabbing","floor":28,"turns":7},{"damage":0,"enemies":"Chosen and Byrds","floor":31,"turns":5},{"damage":6,"enemies":"Champ","floor":33,"turns":13},{"damage":8,"enemies":"Orb Walker","floor":35,"turns":5},{"damage":26,"enemies":"3 Shapes","floor":38,"turns":12},{"damage":32,"enemies":"Maw","floor":39,"turns":8},{"damage":14,"enemies":"Reptomancer","floor":40,"turns":2}],"seed_played":"3435362767070143728","potions_obtained":[{"floor":1,"key":"Dexterity Potion"},{"floor":3,"key":"FearPotion"},{"floor":11,"key":"Fruit Juice"},{"floor":25,"key":"LiquidMemories"},{"floor":28,"key":"SkillPotion"},{"floor":35,"key":"Fire Potion"},{"floor":39,"key":"DuplicationPotion"}],"is_trial":false,"path_per_floor":["M","M","M","M","M","R","M","R","T","E","M","R","E","M","R","B",null,"M","?","?","$","?","R","?","M","T","R","E","R","T","M","R","B",null,"M","?","T","M","M","E"],"character_chosen":"THE_SILENT","items_purchased":["Apotheosis"],"campfire_rested":1,"item_purchase_floors":[21],"current_hp_per_floor":[59,59,59,58,57,57,50,50,50,22,22,22,11,11,11,5,51,51,51,33,48,48,48,48,44,44,44,6,27,27,27,27,26,60,52,52,52,26,9,0,0],"gold":272,"neow_bonus":"THREE_ENEMY_KILL","is_daily":false,"chose_seed":false,"campfire_upgraded":7,"win_rate":0.0,"timestamp":1610981269,"path_taken":["M","?","M","?","M","R","M","R","T","E","M","R","E","M","R","BOSS","M","?","?","$","?","R","?","M","T","R","E","R","?","M","R","BOSS","M","?","?","M","M","E"],"items_purchased_type":["Card"],"build_version":"2020-12-22","purchased_purges":1,"victory":false,"max_hp_per_floor":[66,66,66,66,66,66,66,66,66,66,66,66,66,66,66,66,66,66,66,71,71,71,71,71,71,71,71,71,71,71,71,71,71,71,71,67,67,67,77,77,77],"card_choices":[{"not_picked":["Riddle With Holes","Terror"],"picked":"Dagger Spray","floor":1},{"not_picked":["All Out Attack","Cloak And Dagger"],"picked":"Tactician","floor":2},{"not_picked":["Tactician","Accuracy"],"picked":"Blur","floor":3},{"not_picked":["Flying Knee","Tactician"],"picked":"Blade Dance","floor":4},{"not_picked":["Bouncing Flask","Skewer"],"picked":"Acrobatics","floor":5},{"not_picked":["Setup","Bane"],"picked":"Footwork","floor":7},{"not_picked":["Catalyst","Grand Finale"],"picked":"Envenom","floor":10},{"not_picked":["Backflip","Outmaneuver"],"picked":"Reflex","floor":11},{"not_picked":["Skewer","Sucker Punch"],"picked":"Dagger Throw","floor":13},{"not_picked":["Choke","Cloak And Dagger"],"picked":"Catalyst","floor":14},{"not_picked":["Grand Finale","Unload"],"picked":"Phantasmal Killer","floor":16},{"not_picked":["Flying Knee","Dagger Throw","Dagger Spray+1"],"picked":"SKIP","floor":18},{"not_picked":["Footwork","Slice","Distraction"],"picked":"SKIP","floor":25},{"not_picked":["Die Die Die","Backstab","Cloak And Dagger"],"picked":"SKIP","floor":28},{"not_picked":["Blade Dance","Quick Slash","Poisoned Stab"],"picked":"SKIP","floor":31},{"not_picked":["Poisoned Stab","Footwork","Infinite Blades"],"picked":"SKIP","floor":35},{"not_picked":["Deadly Poison","Flying Knee","Poisoned Stab"],"picked":"SKIP","floor":38},{"not_picked":["Slice","Deflect"],"picked":"PiercingWail+1","floor":39}],"player_experience":1312691,"relics_obtained":[{"floor":9,"key":"Whetstone"},{"floor":10,"key":"Akabeko"},{"floor":13,"key":"MealTicket"},{"floor":26,"key":"Ornamental Fan"},{"floor":28,"key":"Calipers"},{"floor":30,"key":"Toy Ornithopter"},{"floor":37,"key":"Bag of Preparation"}],"event_choices":[{"damage_healed":0,"gold_gain":0,"player_choice":"Ignored","damage_taken":0,"max_hp_gain":0,"max_hp_loss":0,"event_name":"Vampires","floor":19,"gold_loss":0},{"damage_healed":0,"gold_gain":0,"player_choice":"Shed Blood","damage_taken":23,"max_hp_gain":5,"max_hp_loss":0,"event_name":"Forgotten Altar","floor":20,"gold_loss":0},{"damage_healed":0,"gold_gain":0,"player_choice":"Read","damage_taken":0,"max_hp_gain":0,"max_hp_loss":0,"event_name":"The Library","floor":22,"gold_loss":0,"cards_obtained":["Acrobatics"]},{"damage_healed":0,"gold_gain":0,"player_choice":"Max HP","damage_taken":0,"max_hp_gain":0,"max_hp_loss":4,"event_name":"Winding Halls","floor":36,"gold_loss":0}],"is_beta":false,"boss_relics":[{"not_picked":["Velvet Choker","Fusion Hammer"],"picked":"HoveringKite"},{"not_picked":["Runic Dome","Pandora\u0027s Box"],"picked":"SacredBark"}],"items_purged_floors":[21],"is_endless":false,"potions_floor_spawned":[1,3,5,11,25,28,35,39],"killed_by":"Reptomancer","ascension_level":20}}