{"host":"jbw470l122a0du6q","time":1610970933,"event":{"mods":["BaseMod","Better Altar","Better Match","Better Note","Better Sensory Stone","Better Skull","Better Third Choice","Dark Map","Downfall","Duelist Mod","GifTheSpireLib","Hermit","MarisaÅiñ∂âJÅ@ñÇóùçπÅj","Minty Spire (QoL Compilation)","StSLib","The Construct","The Cursed","The Disciple","The Marked","The Runesmith","The Servant 0.9.4"],"gold_per_floor":[19,19,19,30,30,60,137,137,137,137,151,168,168,197,197,293,293,306,306,306,292,292,323,335,360,372,384,410,422,434,461,473,589,601,623,392,403,180,180,180,209,209,234,234,111,127,94,94,94,74],"floor_reached":51,"language":"ENG","playtime":3293,"items_purged":["theDuelist:CurseAnubis"],"score":824,"play_id":"5f1246eb-a788-4085-90b9-6ebd7b0cdc3f","local_time":"20210118065533","is_ascension_mode":false,"campfire_choices":[{"data":"theDuelist:CastleDragonSouls","floor":8,"key":"SMITH"},{"floor":15,"key":"REST"},{"floor":24,"key":"REST"},{"floor":27,"key":"REST"},{"floor":30,"key":"REST"},{"floor":32,"key":"REST"},{"floor":40,"key":"REST"},{"floor":42,"key":"REST"},{"floor":44,"key":"REST"},{"floor":49,"key":"REST"}],"circlet_count":0,"master_deck":["theDuelist:BabyDragon","theDuelist:BloodSparks","theDuelist:CastleWalls+1","theDuelist:CastleWalls+1","theDuelist:CaveDragon","theDuelist:CaveDragon","theDuelist:LesserDragon","theDuelist:LesserDragon","theDuelist:Sparks","theDuelist:YamataDragon","theDuelist:DragonMastery","theDuelist:CyberDragonNachster","Apotheosis+1","theDuelist:CyberTwinDragon","theDuelist:CastleDragonSouls+1","theDuelist:TornadoDragon","theDuelist:BlackBrutdrago","theDuelist:Hydrogeddon","theDuelist:OceanDragonLord","theDuelist:CoralDragon+1","Necronomicurse","theDuelist:ArmageddonDragonEmp","theDuelist:DragonMirror","theDuelist:BerserkScales+1","theDuelist:FiveHeaded","theDuelist:BoosterDragon+1","theDuelist:WingedDragonRa","theDuelist:ArmedDragon3","theDuelist:Duoterion+1","theDuelist:CaveDragon","theDuelist:ArmageddonDragonEmp","theDuelist:SilverWing","theDuelist:CursedBill"],"relics":["theDuelist:MillenniumPuzzle","theDuelist:CardPoolRelic","theDuelist:CardPoolBasicRelic","theDuelist:BoosterPackPoolRelic","theDuelist:CardPoolAddRelic","theDuelist:CardPoolMinusRelic","theDuelist:CardPoolSaveRelic","theDuelist:CardPoolOptionsRelic","CaptainsWheel","War Paint","Darkstone Periapt","Fusion Hammer","Necronomicon","MawBank","White Beast Statue","theDuelist:DragonRelicC","Cursed Key","theDuelist:CardRewardRelicH","Darkstone Periapt","Runesmith:AutoHammer","Centennial Puzzle","theDuelist:MillenniumRod"],"acts_visited":["Exordium","TheCity","TheBeyond"],"potions_floor_usage":[21,33,41,41,50,50,50],"damage_taken":[{"damage":3,"enemies":"Jaw Worm","floor":1,"turns":4},{"damage":6,"enemies":"Small Slimes","floor":4,"turns":5},{"damage":0,"enemies":"Lagavulin","floor":6,"turns":9},{"damage":5,"enemies":"2 Louse","floor":11,"turns":3},{"damage":10,"enemies":"Exordium Thugs","floor":12,"turns":4},{"damage":0,"enemies":"Gremlin Nob","floor":14,"turns":4},{"damage":9,"enemies":"Slime Boss","floor":16,"turns":8},{"damage":6,"enemies":"3 Byrds","floor":18,"turns":6},{"damage":18,"enemies":"2 Thieves","floor":21,"turns":4},{"damage":32,"enemies":"Slavers","floor":23,"turns":7},{"damage":21,"enemies":"Snake Plant","floor":25,"turns":4},{"damage":18,"enemies":"3 Cultists","floor":28,"turns":6},{"damage":14,"enemies":"Centurion and Healer","floor":31,"turns":7},{"damage":22,"enemies":"Automaton","floor":33,"turns":6},{"damage":15,"enemies":"3 Darklings","floor":35,"turns":6},{"damage":10,"enemies":"Orb Walker","floor":37,"turns":5},{"damage":71,"enemies":"Reptomancer","floor":41,"turns":6},{"damage":9,"enemies":"Jaw Worm Horde","floor":46,"turns":4},{"damage":50,"enemies":"Donu and Deca","floor":50,"turns":8}],"seed_played":"-5003451709915982028","potions_obtained":[{"floor":1,"key":"Strength Potion"},{"floor":6,"key":"Weak Potion"},{"floor":12,"key":"theDuelist:SealedPack"},{"floor":25,"key":"theDuelist:DragonfirePotion"},{"floor":37,"key":"hexamod:SoulburnPotion"},{"floor":41,"key":"theDuelist:ExtraOrbsBottle"},{"floor":46,"key":"theDuelist:MillenniumElixir"}],"is_trial":false,"path_per_floor":["M","?","$","M","$","E","?","R","T","?","M","M","?","E","R","B",null,"M","?","?","M","$","E","R","M","T","R","M","?","R","M","R","B",null,"M","$","M","?","?","R","E","R","T","R","$","M","$","?","R","B",null],"character_chosen":"THE_DUELIST","items_purchased":["theDuelist:CardRewardRelicH","theDuelist:CaveDragon","theDuelist:SilverWing"],"campfire_rested":9,"item_purchase_floors":[36,45,47],"current_hp_per_floor":[77,77,77,75,75,79,79,79,79,79,78,68,68,68,92,83,92,86,86,76,58,58,26,55,34,34,63,45,39,68,58,88,66,102,87,87,77,77,77,102,31,61,73,107,107,98,98,110,126,76],"gold":74,"neow_bonus":"THREE_RARE_CARDS","is_daily":false,"chose_seed":false,"campfire_upgraded":1,"win_rate":0.0,"timestamp":1610970933,"path_taken":["M","?","$","M","$","E","?","R","T","?","?","M","?","E","R","BOSS","M","?","?","M","$","E","R","M","T","R","M","?","R","M","R","BOSS","M","$","M","?","?","R","E","R","T","R","$","M","$","?","R","BOSS"],"items_purchased_type":["Relic","Card","Card"],"build_version":"2020-12-22","purchased_purges":1,"victory":true,"max_hp_per_floor":[80,80,80,84,84,88,88,88,88,88,92,92,92,92,92,92,92,92,92,98,98,98,98,98,98,98,98,98,98,98,102,102,102,102,102,102,102,102,102,102,102,102,114,114,114,114,114,126,126,126],"card_choices":[{"not_picked":["theDuelist:DefensiveTactics","theDuelist:OceanDragonLord"],"picked":"theDuelist:DragonMastery","floor":0},{"not_picked":["theDuelist:ViceDragon","theDuelist:CaveDragon","theDuelist:RedRisingDragon","theDuelist:WhiteHowling"],"picked":"theDuelist:CyberDragonNachster","floor":1},{"not_picked":["theDuelist:Destroyersaurus","theDuelist:ExploderDragon","theDuelist:CyberDragonNachster","theDuelist:Beatraptor"],"picked":"theDuelist:CyberTwinDragon","floor":4},{"not_picked":["theDuelist:BlackBrutdrago","theDuelist:TornadoDragon","theDuelist:CaveDragon","theDuelist:CyberValley"],"picked":"theDuelist:CastleDragonSouls","floor":6},{"not_picked":["theDuelist:BusterBlader","theDuelist:LavaDragon","theDuelist:CaveDragon","theDuelist:DragonCaptureJar"],"picked":"theDuelist:TornadoDragon","floor":11},{"not_picked":["theDuelist:YamataDragon","theDuelist:MaskedDragon","theDuelist:CurseDragon","theDuelist:LesserDragon"],"picked":"theDuelist:BlackBrutdrago","floor":12},{"not_picked":["theDuelist:SuperancientDinobeast","theDuelist:GiantRex","theDuelist:BlackTyranno","theDuelist:BlackPtera"],"picked":"theDuelist:Hydrogeddon","floor":14},{"not_picked":["theDuelist:TailSwipe","theDuelist:Scapegoat","theDuelist:GaiaDragonChamp","theDuelist:DoomkaiserDragon"],"picked":"theDuelist:OceanDragonLord","floor":16},{"not_picked":["theDuelist:DarkHorus","theDuelist:AncientPixieDragon","theDuelist:RedRisingDragon","theDuelist:CyberDragon"],"picked":"theDuelist:CoralDragon+1","floor":18},{"not_picked":["theDuelist:StardustDragon","theDuelist:Lancephorhynchus","theDuelist:BusterBladerDDS","theDuelist:ArmedProtectorDragon"],"picked":"theDuelist:ArmageddonDragonEmp","floor":21},{"not_picked":["theDuelist:SystemDown","theDuelist:Berserking","theDuelist:ArtifactSanctum"],"picked":"theDuelist:DragonMirror","floor":23},{"not_picked":["theDuelist:WhiteHowling","theDuelist:DragonTreasure","theDuelist:DragonMirror","theDuelist:ArtifactSanctum+1"],"picked":"SKIP","floor":25},{"not_picked":["theDuelist:StarlightRoad+1","theDuelist:JurassicImpact","theDuelist:CyberneticRevolution","theDuelist:CastleDragonSouls","theDuelist:ArtifactSanctum"],"picked":"SKIP","floor":28},{"not_picked":["theDuelist:VoidOgreDragon","theDuelist:DoomkaiserDragon+1","theDuelist:CyberDragonInfinity","theDuelist:BlueDuston+1"],"picked":"theDuelist:BerserkScales+1","floor":31},{"not_picked":["theDuelist:LostWorld+1","theDuelist:GaiaDragonChamp","theDuelist:BlueDuston","theDuelist:BlasterDragonInfernos"],"picked":"theDuelist:FiveHeaded","floor":33},{"not_picked":["theDuelist:SystemDown+1","theDuelist:JurassicImpact","theDuelist:DragonRavine+1","theDuelist:DragonMastery+1"],"picked":"theDuelist:BoosterDragon+1","floor":35},{"not_picked":["theDuelist:SoulCharge","theDuelist:SauropodBrachion+1","theDuelist:HazyFlameHydra+1","theDuelist:AncientPixieDragon+1"],"picked":"theDuelist:ArmedDragon3","floor":37},{"not_picked":["theDuelist:CyberDinosaur","theDuelist:RedRisingDragon+1","theDuelist:LordD","theDuelist:Earthquake+1"],"picked":"theDuelist:Duoterion+1","floor":41},{"not_picked":["theDuelist:Scapegoat+1","theDuelist:FiveHeaded","theDuelist:ChimeratechOverdragon","theDuelist:GravityLash+1"],"picked":"theDuelist:ArmageddonDragonEmp","floor":46}],"player_experience":19336,"relics_obtained":[{"floor":6,"key":"CaptainsWheel"},{"floor":9,"key":"War Paint"},{"floor":14,"key":"Darkstone Periapt"},{"floor":20,"key":"Necronomicon"},{"floor":23,"key":"MawBank"},{"floor":26,"key":"White Beast Statue"},{"floor":41,"key":"Runesmith:AutoHammer"},{"floor":43,"key":"Centennial Puzzle"}],"event_choices":[{"damage_healed":77,"gold_gain":0,"player_choice":"Embrace","damage_taken":0,"max_hp_gain":0,"max_hp_loss":80,"event_name":"betterThird:BetterShining","floor":2,"gold_loss":0},{"damage_healed":0,"gold_gain":77,"player_choice":"Gained Gold","damage_taken":0,"max_hp_gain":0,"max_hp_loss":0,"event_name":"Golden Wing","floor":7,"gold_loss":0},{"total_magic_score":40,"gold_gain":0,"duelist":true,"damage_taken":0,"relics_obtained":[],"points":13,"max_hp_gain":0,"max_hp_loss":0,"spent_points":{"magic":0,"greed":0,"war":0,"power":0,"hunger":0},"event_name":"Nameless Tomb","floor":10,"gold_loss":0,"cards_obtained":[]},{"damage_healed":0,"gold_gain":0,"player_choice":"Leave","duelist":true,"damage_taken":0,"max_hp_gain":0,"max_hp_loss":0,"event_name":"Card Trader","floor":13,"gold_loss":0},{"damage_healed":0,"gold_gain":0,"player_choice":"Ignored","damage_taken":0,"max_hp_gain":0,"max_hp_loss":0,"event_name":"betterNote:BetterNote","floor":19,"gold_loss":0,"cards_obtained":["construct:Enhance"]},{"damage_healed":0,"gold_gain":0,"player_choice":"Obtained Book","damage_taken":16,"max_hp_gain":0,"max_hp_loss":0,"event_name":"Cursed Tome","floor":20,"gold_loss":0},{"damage_healed":0,"gold_gain":0,"player_choice":"Dig - random Duelist relic","duelist":true,"damage_taken":0,"max_hp_gain":0,"max_hp_loss":0,"event_name":"Aknamkanon\u0027s Tomb","floor":29,"gold_loss":0},{"damage_healed":0,"gold_gain":0,"player_choice":"Duplicated Relic - Darkstone Periapt","duelist":true,"damage_taken":0,"max_hp_gain":0,"max_hp_loss":0,"event_name":"Relic Duplicator","floor":38,"gold_loss":0},{"damage_healed":0,"gold_gain":0,"player_choice":"Took item - Received: Millennium Rod","duelist":true,"damage_taken":0,"max_hp_gain":0,"max_hp_loss":0,"event_name":"Millennium Items","floor":48,"gold_loss":0}],"is_beta":false,"boss_relics":[{"not_picked":["Sozu","construct:ClawGrip"],"picked":"Fusion Hammer"},{"not_picked":["Astrolabe","SacredBark"],"picked":"Cursed Key"}],"items_purged_floors":[45],"is_endless":false,"potions_floor_spawned":[1,6,12,25,28,31,33,35,37,41,46],"ascension_level":0}}