{"host":"hyrsuayny3efwwum","time":1610943762,"event":{"mods":["BaseMod","Bestiary","Colored Map","Downfall","Highlight Path","Minty Spire (QoL Compilation)","Relic Stats","StSLib"],"gold_per_floor":[99,115,125,136,136,136,162,176,204,32,32,32,49,11,26,121,121,21,40,57,75,60,60,107,7,107,14,47,67,87,114,126,224,224,124,142,42,54,74,91,91,105,4,33,49,49,79,93,103,103,103,134,2,2,2,2,2,2],"floor_reached":56,"language":"ENG","playtime":9885,"items_purged":["Slimebound:Defend_Slimebound","Slimebound:Strike_Slimebound"],"score":830,"play_id":"33fda728-af52-42df-a3ae-c047d1f3f832","local_time":"20210117232242","is_ascension_mode":false,"campfire_choices":[{"data":"Slimebound:Split","floor":1.0,"key":"SMITH"},{"data":"Slimebound:LevelUp","floor":12.0,"key":"SMITH"},{"floor":18.0,"key":"RECALL"},{"floor":25.0,"key":"REST"},{"floor":35.0,"key":"REST"},{"data":"Slimebound:Defend_Slimebound","floor":46.0,"key":"PURGE"},{"floor":54,"key":"REST"}],"circlet_count":0,"master_deck":["Slimebound:Tackle","Slimebound:Defend_Slimebound+1","Slimebound:Defend_Slimebound","Slimebound:Split+1","Slimebound:CorrosiveSpit","Slimebound:DisruptingSlam","Slimebound:LevelUp+1","Slimebound:SplitAcid+1","Slimebound:Equalize","Slimebound:RainOfGoop","Slimebound:SlimeTap","Slimebound:LivingWall","Slimebound:Repurpose","Slimebound:SplitBruiser","Slimebound:Overexert","Slimebound:Schlurp+1","Slimebound:FormOfPuddle","Slimebound:Prepare+1","Slimebound:SplitAcid+1","RitualDagger","Slimebound:MinionMaster","Slimebound:Repurpose+1","Slimebound:Gluttony","Slimebound:OneTwoCombo","Slimebound:SelfFormingGoo","Slimebound:Prepare","Slimebound:SelfFormingGoo","Slimebound:SplitBruiser+1","Slimebound:LeechEnergy+1","Slimebound:ProtectTheBoss+1","Slimebound:LevelUp"],"relics":["Slimebound:AbsorbEndCombat","War Paint","Omamori","Thread and Needle","Fusion Hammer","downfall:HeartBlessingGreen","downfall:HeartBlessingBlue","TungstenRod","Gremlin Horn","Slimebound:MaxSlimesRelic","PreservedInsect","Blood Vial","Shuriken","Slimebound:TarBlob","downfall:HeartBlessingRed","Boot","Peace Pipe","Ginger","Mercury Hourglass"],"acts_visited":["Exordium","TheCity","TheBeyond","TheEnding"],"potions_floor_usage":[50,55,55,55],"damage_taken":[{"damage":1.0,"enemies":"2 Louse","floor":2.0,"turns":3.0},{"damage":2.0,"enemies":"Small Slimes","floor":3.0,"turns":4.0},{"damage":8.0,"enemies":"Jaw Worm","floor":4.0,"turns":4.0},{"damage":8.0,"enemies":"Exordium Wildlife","floor":8.0,"turns":4.0},{"damage":19.0,"enemies":"Gremlin Nob","floor":9.0,"turns":4.0},{"damage":5.0,"enemies":"downfall:FleeingMerchant","floor":10.0,"turns":4.0},{"damage":6.0,"enemies":"Exordium Thugs","floor":13.0,"turns":4.0},{"damage":0.0,"enemies":"downfall:FleeingMerchant","floor":14.0,"turns":4.0},{"damage":7.0,"enemies":"Large Slime","floor":15.0,"turns":4.0},{"damage":25.0,"enemies":"IC_STATUS_ARCHETYPE","floor":16.0,"turns":7.0},{"damage":0.0,"enemies":"Spheric Guardian","floor":19.0,"turns":3.0},{"damage":0.0,"enemies":"Chosen","floor":20.0,"turns":3.0},{"damage":5.0,"enemies":"Shelled Parasite and Fungi","floor":21.0,"turns":4.0},{"damage":1.0,"enemies":"downfall:FleeingMerchant","floor":22.0,"turns":4.0},{"damage":4.0,"enemies":"SI_SHIV_ARCHETYPE","floor":26.0,"turns":5.0},{"damage":0.0,"enemies":"downfall:FleeingMerchant","floor":27.0,"turns":4.0},{"damage":9.0,"enemies":"Book of Stabbing","floor":28.0,"turns":4.0},{"damage":3.0,"enemies":"Sentry and Sphere","floor":29.0,"turns":4.0},{"damage":9.0,"enemies":"Snake Plant","floor":30.0,"turns":6.0},{"damage":0.0,"enemies":"Slavers","floor":31.0,"turns":3.0},{"damage":4.0,"enemies":"Centurion and Healer","floor":32.0,"turns":3.0},{"damage":5.0,"enemies":"WA_ARCHETYPE_CALM","floor":33.0,"turns":5.0},{"damage":0.0,"enemies":"3 Darklings","floor":36.0,"turns":2.0},{"damage":0.0,"enemies":"Orb Walker","floor":38.0,"turns":3.0},{"damage":2.0,"enemies":"Jaw Worm Horde","floor":39.0,"turns":4.0},{"damage":0.0,"enemies":"4 Shapes","floor":40.0,"turns":4.0},{"damage":0.0,"enemies":"Maw","floor":42.0,"turns":5.0},{"damage":0.0,"enemies":"Reptomancer","floor":44.0,"turns":4.0},{"damage":1.0,"enemies":"Jaw Worm Horde","floor":45.0,"turns":3.0},{"damage":27.0,"enemies":"Giant Head","floor":47.0,"turns":6.0},{"damage":0.0,"enemies":"Sphere and 2 Shapes","floor":48.0,"turns":2.0},{"damage":20.0,"enemies":"Spire Growth","floor":49.0,"turns":4.0},{"damage":12,"enemies":"SI_POISON_ARCHETYPE","floor":50,"turns":4},{"damage":40,"enemies":"downfall:CharBossMerchant","floor":52,"turns":5},{"damage":15,"enemies":"downfall:NeowBoss","floor":55,"turns":13},{"damage":106,"enemies":"downfall:NeowBossFinal","floor":56,"turns":6}],"seed_played":"-4814954781402122978","potions_obtained":[{"floor":3.0,"key":"PowerPotion"},{"floor":4.0,"key":"Fire Potion"},{"floor":13.0,"key":"Guardian:BlockOnCardUsePotion"},{"floor":15.0,"key":"hexamod:SoulburnPotion"},{"floor":20.0,"key":"hexamod:SoulburnPotion"},{"floor":28.0,"key":"Slimebound:SlimyTonguePotion"},{"floor":29.0,"key":"Strength Potion"},{"floor":30.0,"key":"FairyPotion"},{"floor":32.0,"key":"Strength Potion"},{"floor":40.0,"key":"Block Potion"},{"floor":42.0,"key":"Strength Potion"},{"floor":49.0,"key":"SkillPotion"}],"is_trial":false,"path_per_floor":["R","M","M","M","?","?","T","M","E","$","T","R","M","$","M","B",null,"R","M","M","M","$","?","T","R","?","$","E","M","M","E","M","B",null,"R","M","$","M","M","M","T","M","$","E","M","R","E","M","M","B",null,"E","$","R","B","B"],"character_chosen":"SLIMEBOUND","items_purchased":["Slimebound:SlimeTap","Slimebound:SplitBruiser","Slimebound:MaxSlimesRelic","PreservedInsect","Slimebound:Gluttony","EntropicBrew","Slimebound:SpawnSlimePotion","Slimebound:LevelUp"],"campfire_rested":3,"item_purchase_floors":[10,14,27,27,27,43,53,53],"current_hp_per_floor":[71,70,69,62,62,62,62,55,40,38,38,38,36,44,39,22,71,71,71,71,67,68,62,62,81,79,81,73,76,70,74,74,75,81,81,81,81,81,81,81,81,81,81,81,81,81,55,57,40,35,81,41,41,65,66,0,0,0],"gold":2,"neow_bonus":"TEN_PERCENT_HP_BONUS","is_daily":false,"chose_seed":false,"campfire_upgraded":2,"win_rate":0.0,"timestamp":1610943762,"path_taken":["R","M","M","M","?","?","T","M","E","$","?","R","?","$","M","BOSS","R","M","M","M","$","?","T","R","?","$","E","M","M","E","M","BOSS","R","M","$","M","M","M","T","M","$","E","M","R","E","M","M","BOSS","E","$","R","BOSS","BOSS"],"items_purchased_type":["Card","Card","Relic","Relic","Card","Potion","Potion","Card"],"build_version":"2020-12-22","purchased_purges":2,"victory":false,"max_hp_per_floor":[71,71,71,71,71,71,71,71,71,71,71,71,71,71,71,71,71,71,71,71,71,71,71,71,81,81,81,81,81,81,81,81,81,81,81,81,81,81,81,81,81,81,81,81,81,81,81,81,81,81,81,81,81,81,81,81,81,81],"relic_stats":{"Blood Vial":20,"Peace Pipe":1,"Gremlin Horn":[19,19],"counters":[36,149],"Shuriken":[7],"PreservedInsect":362,"Ginger":[22],"War Paint":["Slimebound:SplitAcid","Slimebound:Defend_Slimebound"],"Boot":[19],"obtain_stats":[{"Gremlin Horn":26,"downfall:HeartBlessingRed":35,"Thread and Needle":11,"downfall:HeartBlessingGreen":18,"PreservedInsect":27,"Omamori":9,"Ginger":47,"War Paint":7,"Boot":41,"Slimebound:TarBlob":34,"Mercury Hourglass":52,"Blood Vial":28,"Peace Pipe":44,"Slimebound:MaxSlimesRelic":27,"downfall:HeartBlessingBlue":25,"Shuriken":31,"Fusion Hammer":17,"Slimebound:AbsorbEndCombat":0,"TungstenRod":26},{"Gremlin Horn":15,"downfall:HeartBlessingRed":22,"Thread and Needle":6,"downfall:HeartBlessingGreen":10,"PreservedInsect":16,"Omamori":5,"Ginger":30,"War Paint":3,"Boot":26,"Slimebound:TarBlob":22,"Mercury Hourglass":34,"Blood Vial":17,"Peace Pipe":28,"Slimebound:MaxSlimesRelic":16,"downfall:HeartBlessingBlue":14,"Shuriken":20,"Fusion Hammer":10,"Slimebound:AbsorbEndCombat":0,"TungstenRod":15},{"Gremlin Horn":60,"downfall:HeartBlessingRed":88,"Thread and Needle":23,"downfall:HeartBlessingGreen":41,"PreservedInsect":64,"Omamori":19,"Ginger":115,"War Paint":11,"Boot":99,"Slimebound:TarBlob":88,"Mercury Hourglass":130,"Blood Vial":68,"Peace Pipe":107,"Slimebound:MaxSlimesRelic":64,"downfall:HeartBlessingBlue":55,"Shuriken":80,"Fusion Hammer":41,"Slimebound:AbsorbEndCombat":0,"TungstenRod":60}],"TungstenRod":33,"Mercury Hourglass":[33]},"card_choices":[{"not_picked":["Slimebound:LeechingTouch","Slimebound:SplitBruiser"],"picked":"Slimebound:DisruptingSlam","floor":2.0},{"not_picked":["Slimebound:SplitAcid","Slimebound:PressTheAttack"],"picked":"Slimebound:LevelUp","floor":3.0},{"not_picked":["Slimebound:Grow","Slimebound:SplitBruiser"],"picked":"Slimebound:SplitAcid","floor":4.0},{"not_picked":["Slimebound:LeechEnergy","Slimebound:SamplingLick"],"picked":"Slimebound:Equalize","floor":8.0},{"not_picked":["Slimebound:ItLooksTasty","Slimebound:BestDefense"],"picked":"Slimebound:RainOfGoop","floor":9.0},{"not_picked":["Slimebound:SpikyOuterGoop","Slimebound:GoopTackle","Slimebound:LeechingTouch"],"picked":"SKIP","floor":10.0},{"not_picked":["Slimebound:DisruptingSlam","Slimebound:LeechEnergy"],"picked":"Slimebound:LivingWall","floor":13.0},{"not_picked":["Slimebound:ComboTackle","Slimebound:PressTheAttack"],"picked":"Slimebound:Repurpose","floor":14.0},{"not_picked":["Slimebound:RollThrough","Slimebound:SplitLeeching","Slimebound:LeechingTouch"],"picked":"SKIP","floor":15.0},{"not_picked":["Slimebound:OozeBath","Slimebound:OneTwoCombo"],"picked":"Slimebound:Overexert","floor":16.0},{"not_picked":["Slimebound:ComboTackle","Slimebound:GoopTackle"],"picked":"Slimebound:Schlurp+1","floor":19.0},{"not_picked":["Slimebound:LeechEnergy","Slimebound:TongueLash"],"picked":"Slimebound:FormOfPuddle","floor":20.0},{"not_picked":["Slimebound:ItLooksTasty","Slimebound:Chomp"],"picked":"Slimebound:Prepare+1","floor":21.0},{"not_picked":["Slimebound:ItLooksTasty","Slimebound:GrowthPunch+1"],"picked":"Slimebound:SplitAcid+1","floor":22.0},{"not_picked":["Slimebound:MegaLick","Slimebound:LeechingTouch+1"],"picked":"Slimebound:MinionMaster","floor":26.0},{"not_picked":["Slimebound:Schlurp+1","Slimebound:DisruptingSlam+1"],"picked":"Slimebound:Repurpose+1","floor":27.0},{"not_picked":["Slimebound:Chomp","Slimebound:RejuvenatingLick","Slimebound:SlimeSlap"],"picked":"SKIP","floor":28.0},{"not_picked":["Slimebound:MegaLick","Slimebound:SplitMire","Slimebound:ItLooksTasty"],"picked":"SKIP","floor":29.0},{"not_picked":["Slimebound:DisruptingSlam","Slimebound:Prepare","Slimebound:GrowthPunch"],"picked":"SKIP","floor":30.0},{"not_picked":["Slimebound:Grow","Slimebound:GrowthPunch","Slimebound:Schlurp"],"picked":"SKIP","floor":31.0},{"not_picked":["Slimebound:Grow","Slimebound:LeechingTouch"],"picked":"Slimebound:OneTwoCombo","floor":32.0},{"not_picked":["Slimebound:MassFeed","Slimebound:SlimeSlap"],"picked":"Slimebound:SelfFormingGoo","floor":33.0},{"not_picked":["Slimebound:LeechEnergy","Slimebound:LivingWall","Slimebound:Grow"],"picked":"SKIP","floor":36.0},{"not_picked":["Slimebound:GoopTackle","Slimebound:GrowthPunch"],"picked":"Slimebound:Prepare","floor":38.0},{"not_picked":["Slimebound:Equalize+1","Slimebound:RainOfGoop","Slimebound:LivingWall"],"picked":"SKIP","floor":39.0},{"not_picked":["Slimebound:PressTheAttack","Slimebound:ViciousTackle+1","Slimebound:Schlurp+1"],"picked":"SKIP","floor":40.0},{"not_picked":["Slimebound:GoopTackle+1","Slimebound:ComboTackle"],"picked":"Slimebound:SelfFormingGoo","floor":42.0},{"not_picked":["Slimebound:RainOfGoop+1","Slimebound:Equalize+1"],"picked":"Slimebound:SplitBruiser+1","floor":44.0},{"not_picked":["Slimebound:Schlurp","Slimebound:ItLooksTasty+1","Slimebound:FinishingTackle"],"picked":"SKIP","floor":45.0},{"not_picked":["Slimebound:Grow","Slimebound:ViciousTackle+1"],"picked":"Slimebound:LeechEnergy+1","floor":47.0},{"not_picked":["Slimebound:LeechEnergy","Slimebound:RejuvenatingLick","Slimebound:RollThrough"],"picked":"SKIP","floor":48.0},{"not_picked":["Slimebound:Repurpose+1","Slimebound:Nibble"],"picked":"Slimebound:ProtectTheBoss+1","floor":49.0},{"not_picked":["Slimebound:GoopSpray","Slimebound:SplitMire+1","Slimebound:PrepareCrush"],"picked":"SKIP","floor":52}],"player_experience":785983,"relics_obtained":[{"floor":7.0,"key":"War Paint"},{"floor":9.0,"key":"Omamori"},{"floor":11.0,"key":"Thread and Needle"},{"floor":26.0,"key":"TungstenRod"},{"floor":26.0,"key":"Gremlin Horn"},{"floor":28.0,"key":"Blood Vial"},{"floor":31.0,"key":"Shuriken"},{"floor":41.0,"key":"Boot"},{"floor":44.0,"key":"Peace Pipe"},{"floor":47.0,"key":"Ginger"},{"floor":52,"key":"Mercury Hourglass"}],"event_choices":[{"cards_removed":["Slimebound:Strike_Slimebound"],"damage_healed":0.0,"max_hp_gain":0.0,"max_hp_loss":0.0,"gold_gain":0.0,"event_name":"The Cleric","player_choice":"Card Removal","floor":5.0,"gold_loss":0.0,"damage_taken":0.0}],"is_beta":false,"boss_relics":[{"not_picked":["bronze:MakeshiftBattery","SacredBark"],"picked":"Fusion Hammer"},{"not_picked":["Tiny House","Black Star"],"picked":"Slimebound:TarBlob"}],"items_purged_floors":[10,37],"is_endless":false,"potions_floor_spawned":[3,4,13,15,16,20,28,29,30,32,40,42,44,47,49],"killed_by":"downfall:NeowBossFinal","ascension_level":0}}