{"host":"yzi164syo8zv6plh","time":1610973012,"event":{"mods":["Arknights The Spire","BaseMod","Minty Spire (QoL Compilation)","StSLib"],"gold_per_floor":[114,114,289,314,164,164,203,223,248,323,339,339,372,432,432,432,432],"floor_reached":16,"language":"ZHS","playtime":284,"items_purged":["Doubt"],"score":140,"play_id":"1454d45e-1402-4c48-819e-a55d49e27cc5","local_time":"20210118203012","is_ascension_mode":true,"campfire_choices":[{"data":"ats:Emotion Absorption","floor":6,"key":"SMITH"},{"data":"ats:Sunburst","floor":12,"key":"SMITH"},{"data":"ats:Shell Defense","floor":15,"key":"SMITH"}],"circlet_count":0,"master_deck":["ats:Strike C","ats:Strike G","ats:Strike S","ats:Strike V","ats:Armor Crushing Shot","ats:Defend","ats:Defend","ats:Defend","ats:Defend","ats:Emotion Absorption+1","ats:Leaping Hammer","ats:Sunburst+1","ats:Shell Defense+1","ats:Hammer On"],"relics":["ats:Sanity","NeowsBlessing","Golden Idol","ats:Originium","Smiling Mask","StoneCalendar"],"acts_visited":["Exordium"],"potions_floor_usage":[13,16,16],"damage_taken":[{"damage":0,"enemies":"2 Louse","floor":1,"turns":1},{"damage":0,"enemies":"Jaw Worm","floor":4,"turns":1},{"damage":0,"enemies":"Gremlin Nob","floor":7,"turns":1},{"damage":11,"enemies":"Small Slimes","floor":8,"turns":3},{"damage":10,"enemies":"Looter","floor":11,"turns":3},{"damage":6,"enemies":"3 Sentries","floor":13,"turns":5},{"damage":23,"enemies":"Slime Boss","floor":16,"turns":6}],"seed_played":"1150344885331783511","potions_obtained":[{"floor":1,"key":"Block Potion"},{"floor":8,"key":"SpeedPotion"},{"floor":11,"key":"Strength Potion"}],"is_trial":false,"path_per_floor":["M","?","?","M","$","R","E","M","T","?","M","R","E","?","R","B"],"character_chosen":"DOCTOR_CLASS","items_purchased":["ats:Sunburst"],"campfire_rested":0,"item_purchase_floors":[5],"current_hp_per_floor":[72,54,54,54,54,54,54,43,43,32,22,22,16,16,16,0,0],"gold":432,"neow_bonus":"THREE_ENEMY_KILL","is_daily":false,"chose_seed":false,"campfire_upgraded":3,"win_rate":0.0,"timestamp":1610973012,"path_taken":["M","?","?","M","$","R","E","M","T","?","?","R","E","?","R","BOSS"],"items_purchased_type":["Card"],"build_version":"2020-12-22","purchased_purges":1,"victory":false,"max_hp_per_floor":[72,72,72,72,72,72,72,72,72,72,72,72,72,72,72,72,72],"card_choices":[{"not_picked":["ats:Childhood Dance","ats:Blood Oath"],"picked":"ats:Leaping Hammer","floor":1},{"not_picked":["ats:Curse Doll","ats:Flexible Camouflage","ats:Poison Spread"],"picked":"SKIP","floor":4},{"not_picked":["ats:Curse Doll","ats:Shell Defense","ats:Sword Rain"],"picked":"SKIP","floor":7},{"not_picked":["ats:Childhood Dance","ats:Beaten Up"],"picked":"ats:Shell Defense","floor":8},{"not_picked":["ats:Apocalypse","ats:Shadow Assault"],"picked":"ats:Hammer On","floor":11},{"not_picked":["ats:Shell Defense","ats:Encircling Forest","ats:Consecutive Shot Auto"],"picked":"SKIP","floor":13}],"player_experience":277391,"relics_obtained":[{"floor":7,"key":"ats:Originium"},{"floor":7,"key":"Smiling Mask"},{"floor":13,"key":"ats:Originium"},{"floor":13,"key":"StoneCalendar"}],"event_choices":[{"damage_healed":0,"gold_gain":0,"player_choice":"Take Damage","damage_taken":18,"relics_obtained":["Golden Idol"],"max_hp_gain":0,"max_hp_loss":0,"event_name":"Golden Idol","floor":2,"gold_loss":0},{"damage_healed":0,"gold_gain":175,"player_choice":"AGREE","damage_taken":0,"max_hp_gain":0,"max_hp_loss":0,"event_name":"Liars Game","floor":3,"gold_loss":0,"cards_obtained":["Doubt"]},{"damage_healed":0,"gold_gain":75,"player_choice":"Gather Gold","damage_taken":11,"max_hp_gain":0,"max_hp_loss":0,"event_name":"World of Goop","floor":10,"gold_loss":0},{"damage_healed":0,"gold_gain":60,"player_choice":"Gained Gold","damage_taken":0,"max_hp_gain":0,"max_hp_loss":0,"event_name":"Golden Wing","floor":14,"gold_loss":0}],"is_beta":false,"boss_relics":[],"items_purged_floors":[5],"is_endless":false,"potions_floor_spawned":[1,8,11],"killed_by":"Slime Boss","ascension_level":1}}