{"host":"ln76an1o32p2wxtf","time":1610998671,"event":{"mods":["AchievementEnabler","Act Like it!","BaseMod","BetterRewards","Colored Powertips","Energized Spire","GifTheSpireLib","Infinite Spire","Minty Spire (QoL Compilation)","Shop Mod","StSLib"],"gold_per_floor":[119,44,62,62,79,110,110,436,436,456,475,425,425,456,456,551,551,567,567,482,557,570,602,602,602,602,613,646,659,674,499,499,599,599,612,631,336,351,351,385,396,423,423,423,443,443,443],"floor_reached":46,"language":"ENG","playtime":3053,"items_purged":["Strike_R","Shame","Regret"],"score":697,"play_id":"644c7313-170a-4ff3-9b6e-d3f90cb2d007","local_time":"20210119033751","is_ascension_mode":true,"campfire_choices":[{"floor":7.0,"key":"REST"},{"floor":13.0,"key":"REST"},{"floor":15.0,"key":"REST"},{"floor":25.0,"key":"RECALL"},{"data":"Berserk","floor":32.0,"key":"SMITH"}],"circlet_count":0,"master_deck":["Defend_R+1","Defend_R","Defend_R","Bash","True Grit+1","Burning Pact+1","Flex+1","Ghostly Armor+1","Battle Trance+1","Demon Form","Reaper","Armaments+1","Bludgeon","Offering+1","Shockwave+1","Bloodletting+1","Infernal Blade+1","Dual Wield+1","Berserk+1","Exhume+1","Seeing Red+1","Panache","Jack Of All Trades+1","Thinking Ahead+1","Writhe","Metamorphosis+1"],"relics":["energizedSpire:CursedPentagram","Bronze Scales","Toxic Egg 2","Old Coin","Letter Opener","Blood Vial","Coffee Dripper","Meat on the Bone","War Paint","Bottled Tornado","Anchor","Empty Cage","Lantern","Singing Bowl","Bird Faced Urn"],"acts_visited":["Exordium","TheCity","TheBeyond"],"potions_floor_usage":[41,42,46],"damage_taken":[{"damage":0.0,"enemies":"Cultist","floor":1.0,"turns":4.0},{"damage":4.0,"enemies":"2 Louse","floor":3.0,"turns":3.0},{"damage":0.0,"enemies":"Jaw Worm","floor":5.0,"turns":4.0},{"damage":58.0,"enemies":"3 Sentries","floor":6.0,"turns":11.0},{"damage":29.0,"enemies":"Lagavulin","floor":8.0,"turns":6.0},{"damage":7.0,"enemies":"Blue Slaver","floor":10.0,"turns":3.0},{"damage":0.0,"enemies":"3 Louse","floor":11.0,"turns":3.0},{"damage":18.0,"enemies":"Gremlin Nob","floor":14.0,"turns":3.0},{"damage":24.0,"enemies":"Hexaghost","floor":16.0,"turns":8.0},{"damage":9.0,"enemies":"Spheric Guardian","floor":18.0,"turns":4.0},{"damage":26.0,"enemies":"2 Thieves","floor":22.0,"turns":3.0},{"damage":13.0,"enemies":"Book of Stabbing","floor":23.0,"turns":7.0},{"damage":12.0,"enemies":"Centurion and Healer","floor":27.0,"turns":3.0},{"damage":18.0,"enemies":"Slavers","floor":28.0,"turns":4.0},{"damage":41.0,"enemies":"Sentry and Sphere","floor":29.0,"turns":7.0},{"damage":17.0,"enemies":"Snecko","floor":30.0,"turns":3.0},{"damage":15.0,"enemies":"Champ","floor":33.0,"turns":6.0},{"damage":20.0,"enemies":"3 Darklings","floor":35.0,"turns":2.0},{"damage":50.0,"enemies":"Orb Walker","floor":36.0,"turns":4.0},{"damage":12.0,"enemies":"Sphere and 2 Shapes","floor":38.0,"turns":4.0},{"damage":18,"enemies":"Giant Head","floor":40,"turns":3},{"damage":20,"enemies":"Writhing Mass","floor":41,"turns":4},{"damage":13,"enemies":"Reptomancer","floor":42,"turns":8},{"damage":15,"enemies":"Maw","floor":45,"turns":2},{"damage":88,"enemies":"Nightmare","floor":46,"turns":6}],"seed_played":"-1248663258884161261","potions_obtained":[{"floor":1.0,"key":"Energy Potion"},{"floor":3.0,"key":"SteroidPotion"},{"floor":16.0,"key":"EssenceOfSteel"},{"floor":23.0,"key":"DistilledChaos"},{"floor":27.0,"key":"LiquidMemories"},{"floor":41,"key":"SkillPotion"},{"floor":45,"key":"CultistPotion"}],"is_trial":false,"path_per_floor":["M","$","M","T","M","E","R","E","T","M","M","?","R","E","R","B",null,"M","?","?","T","M","E","?","R","T","M","E","M","M","$","R","B",null,"M","M","$","M","?","E","M","E","T","?","M","NM"],"character_chosen":"IRONCLAD","items_purchased":["Berserk","Panache"],"campfire_rested":3,"item_purchase_floors":[31,37],"current_hp_per_floor":[80,80,76,76,76,18,42,13,13,6,6,6,30,12,36,14,80,79,79,79,79,80,67,67,67,67,80,79,59,66,66,66,53,80,80,51,51,41,41,45,58,82,82,72,69,0,0],"gold":443,"neow_bonus":"BOSS_RELIC","is_daily":false,"chose_seed":false,"campfire_upgraded":1,"win_rate":0.0,"timestamp":1610998671,"path_taken":["M","$","M","?","M","E","R","E","T","?","M","?","R","E","R","BOSS","M","?","?","?","M","E","?","R","T","M","E","M","?","$","R","BOSS","M","M","$","M","?","E","M","E","T","?","M","NM"],"items_purchased_type":["Card","Card"],"build_version":"2020-12-22","purchased_purges":3,"victory":false,"max_hp_per_floor":[80,80,80,80,80,80,80,80,80,80,80,80,80,80,80,80,80,80,80,80,80,80,80,80,80,80,80,80,80,80,80,80,80,80,80,80,80,80,80,80,80,82,82,82,84,84,84],"card_choices":[{"not_picked":["Iron Wave","Sword Boomerang","Anger"],"picked":"SKIP","floor":1.0},{"not_picked":["Rage","Shrug It Off"],"picked":"True Grit","floor":3.0},{"not_picked":["Thunderclap","Hemokinesis","Combust"],"picked":"SKIP","floor":5.0},{"not_picked":["Evolve","Rampage"],"picked":"Burning Pact+1","floor":6.0},{"not_picked":["Searing Blow","Juggernaut"],"picked":"Flex+1","floor":8.0},{"not_picked":["Wild Strike","infinitespire:OneForAll"],"picked":"Ghostly Armor+1","floor":10.0},{"not_picked":["Warcry+1","Searing Blow"],"picked":"Battle Trance+1","floor":11.0},{"not_picked":["Intimidate+1","Disarm+1"],"picked":"Demon Form","floor":14.0},{"not_picked":["Bludgeon","Berserk"],"picked":"Reaper","floor":16.0},{"not_picked":["Shrug It Off+1","Flame Barrier+1"],"picked":"Armaments+1","floor":18.0},{"not_picked":["Ghostly Armor+1","Rage+1"],"picked":"Shockwave+1","floor":22.0},{"not_picked":["True Grit+1","Inflame","Thunderclap"],"picked":"SKIP","floor":23.0},{"not_picked":["Warcry+1","Hemokinesis"],"picked":"Infernal Blade+1","floor":27.0},{"not_picked":["Power Through+1","Combust"],"picked":"Dual Wield+1","floor":28.0},{"not_picked":["Havoc+1","Twin Strike+1","Anger"],"picked":"SKIP","floor":29.0},{"not_picked":["Cleave+1","Body Slam+1","Shrug It Off+1"],"picked":"SKIP","floor":30.0},{"not_picked":["Reaper","Brutality"],"picked":"Exhume+1","floor":33.0},{"not_picked":["Havoc+1","Warcry+1"],"picked":"Seeing Red+1","floor":35.0},{"not_picked":["Second Wind+1","Anger","Uppercut+1"],"picked":"SKIP","floor":36.0},{"not_picked":["Intimidate+1","Pommel Strike","Dropkick+1"],"picked":"SKIP","floor":38.0},{"not_picked":["Body Slam","Sword Boomerang","Anger+1"],"picked":"SKIP","floor":40},{"not_picked":["Rage+1","Perfected Strike","Body Slam+1"],"picked":"SKIP","floor":41},{"not_picked":["True Grit+1","Headbutt+1","Sword Boomerang+1"],"picked":"Singing Bowl","floor":42},{"not_picked":["Thinking Ahead+1","Dark Shackles+1"],"picked":"Jack Of All Trades+1","floor":44},{"not_picked":["Good Instincts+1","Finesse+1"],"picked":"Thinking Ahead+1","floor":44},{"not_picked":["Discovery+1","Enlightenment+1"],"picked":"Metamorphosis+1","floor":44},{"not_picked":["Headbutt","Anger","Cleave+1"],"picked":"Singing Bowl","floor":45}],"player_experience":735329,"relics_obtained":[{"floor":4.0,"key":"Bronze Scales"},{"floor":6.0,"key":"Toxic Egg 2"},{"floor":8.0,"key":"Old Coin"},{"floor":9.0,"key":"Letter Opener"},{"floor":14.0,"key":"Blood Vial"},{"floor":23.0,"key":"War Paint"},{"floor":26.0,"key":"Bottled Tornado"},{"floor":28.0,"key":"Anchor"},{"floor":40,"key":"Lantern"},{"floor":42,"key":"Singing Bowl"},{"floor":43,"key":"Bird Faced Urn"}],"event_choices":[{"cards_removed":["Normality"],"damage_healed":0.0,"max_hp_gain":0.0,"max_hp_loss":0.0,"gold_gain":0.0,"event_name":"The Cleric","player_choice":"Card Removal","floor":12.0,"gold_loss":50.0,"damage_taken":0.0},{"damage_healed":0.0,"max_hp_gain":0.0,"max_hp_loss":0.0,"gold_gain":0.0,"cards_transformed":["Strike_R","Strike_R"],"event_name":"Drug Dealer","player_choice":"Became Test Subject","floor":19.0,"gold_loss":0.0,"damage_taken":0.0,"cards_obtained":["Bludgeon","Offering"]},{"damage_healed":0.0,"max_hp_gain":0.0,"max_hp_loss":0.0,"gold_gain":0.0,"event_name":"Addict","player_choice":"Obtained Relic","floor":20.0,"gold_loss":85.0,"damage_taken":0.0,"relics_obtained":["Meat on the Bone"]},{"damage_healed":0.0,"max_hp_gain":0.0,"max_hp_loss":0.0,"gold_gain":0.0,"cards_transformed":["Strike_R"],"event_name":"Transmorgrifier","player_choice":"Transformed","floor":24.0,"gold_loss":0.0,"damage_taken":0.0,"cards_obtained":["Bloodletting"]},{"damage_healed":0.0,"max_hp_gain":0.0,"max_hp_loss":0.0,"gold_gain":0.0,"event_name":"Tomb of Lord Red Mask","player_choice":"Ignored","floor":39.0,"gold_loss":0.0,"damage_taken":0.0},{"damage_healed":0,"gold_gain":0,"player_choice":"Memory 3","damage_taken":10,"max_hp_gain":0,"max_hp_loss":0,"event_name":"SensoryStone","floor":44,"gold_loss":0}],"is_beta":false,"boss_relics":[{"not_picked":["energizedSpire:DecayingSkull","energizedSpire:EnergizedDie"],"picked":"Coffee Dripper"},{"not_picked":["energizedSpire:TabascoSauce","Black Star"],"picked":"Empty Cage"}],"items_purged_floors":[2,31,37],"is_endless":false,"potions_floor_spawned":[1,3,16,23,27,38,41,45],"killed_by":"Nightmare","ascension_level":1}}