{"host":"i0avyit1s6jb1siw","time":1610977232,"event":{"mods":["BaseMod","DeckTracker","Dota2Spire","Highlight Path","Minty Spire (QoL Compilation)","Quick Restart","StSLib","SuperFastMode"],"gold_per_floor":[360,360,409,73,90,90,105,138,138,138,158,169,184,212,212,212,212],"floor_reached":16,"language":"ENG","playtime":384,"items_purged":[],"score":224,"play_id":"60fbb65a-6d3a-4efc-9491-7f17f6b8c3eb","local_time":"20210118144032","is_ascension_mode":true,"campfire_choices":[{"data":"Shockwave","floor":6,"key":"SMITH"},{"data":"Pommel Strike","floor":10,"key":"SMITH"},{"data":"Limit Break","floor":15,"key":"SMITH"}],"circlet_count":0,"master_deck":["AscendersBane","Strike_R+1","Strike_R","Strike_R","Strike_R","Strike_R","Defend_R","Defend_R","Defend_R","Defend_R+1","Bash","Shockwave+1","Pommel Strike+1","Perfected Strike","Feel No Pain","Limit Break+1","Evolve","Flex","Power Through","Flame Barrier"],"relics":["Burning Blood","Dota2Spire:MagicBottle","Prayer Wheel","Dota2Spire:Butterfly","Centennial Puzzle"],"acts_visited":["Exordium"],"potions_floor_usage":[8,13,16],"damage_taken":[{"damage":4,"enemies":"Small Slimes","floor":1,"turns":4},{"damage":11,"enemies":"Jaw Worm","floor":5,"turns":3},{"damage":4,"enemies":"Cultist","floor":7,"turns":3},{"damage":31,"enemies":"3 Sentries","floor":8,"turns":7},{"damage":2,"enemies":"Blue Slaver","floor":11,"turns":4},{"damage":31,"enemies":"Gremlin Gang","floor":12,"turns":5},{"damage":8,"enemies":"2 Fungi Beasts","floor":13,"turns":4},{"damage":16,"enemies":"Lagavulin","floor":14,"turns":6},{"damage":47,"enemies":"Hexaghost","floor":16,"turns":9}],"seed_played":"-8384066230451818782","potions_obtained":[{"floor":7,"key":"BloodPotion"},{"floor":8,"key":"BloodPotion"},{"floor":13,"key":"Strength Potion"}],"is_trial":false,"path_per_floor":["M","?","T","$","M","R","M","E","T","R","M","M","M","E","R","B"],"character_chosen":"IRONCLAD","items_purchased":["Prayer Wheel"],"campfire_rested":0,"item_purchase_floors":[4],"current_hp_per_floor":[52,29,29,29,30,30,38,37,37,37,41,16,29,28,28,0,0],"gold":212,"neow_bonus":"TWO_FIFTY_GOLD","is_daily":false,"chose_seed":false,"campfire_upgraded":3,"win_rate":0.0,"timestamp":1610977232,"path_taken":["M","?","?","$","M","R","M","E","T","R","M","M","?","E","R","BOSS"],"items_purchased_type":["Relic"],"build_version":"2020-12-22","purchased_purges":0,"victory":false,"max_hp_per_floor":[75,75,75,75,75,75,75,75,75,75,75,75,75,75,75,75,75],"card_choices":[{"not_picked":["Twin Strike","Whirlwind"],"picked":"Shockwave","floor":1},{"not_picked":["Heavy Blade","Perfected Strike"],"picked":"Pommel Strike","floor":5},{"not_picked":["Armaments","Warcry"],"picked":"Perfected Strike","floor":5},{"not_picked":["Reckless Charge","Warcry"],"picked":"Feel No Pain","floor":7},{"not_picked":["Hemokinesis","Entrench","Shockwave"],"picked":"SKIP","floor":7},{"not_picked":["Anger","Flex"],"picked":"Limit Break","floor":8},{"not_picked":["Dark Embrace","Combust"],"picked":"Evolve","floor":11},{"not_picked":["Body Slam","Clothesline","Twin Strike"],"picked":"SKIP","floor":11},{"not_picked":["Iron Wave","Searing Blow"],"picked":"Flex","floor":12},{"not_picked":["Shockwave","Evolve","Iron Wave"],"picked":"SKIP","floor":12},{"not_picked":["Clash","Seeing Red"],"picked":"Power Through","floor":13},{"not_picked":["Headbutt","Pommel Strike","Armaments"],"picked":"SKIP","floor":13},{"not_picked":["Headbutt","Seeing Red"],"picked":"Flame Barrier","floor":14}],"player_experience":2280869,"relics_obtained":[{"floor":3,"key":"Dota2Spire:MagicBottle"},{"floor":8,"key":"Dota2Spire:Butterfly"},{"floor":14,"key":"Centennial Puzzle"}],"event_choices":[{"damage_healed":0,"gold_gain":0,"player_choice":"Entered Light","damage_taken":23,"max_hp_gain":0,"max_hp_loss":0,"event_name":"Shining Light","floor":2,"gold_loss":0,"cards_upgraded":["Strike_R","Defend_R"]}],"is_beta":false,"boss_relics":[],"items_purged_floors":[],"is_endless":false,"potions_floor_spawned":[7,8,13],"killed_by":"Hexaghost","ascension_level":20}}