{"host":"1a3cjta80tad0aqj","time":1610996123,"event":{"mods":["2.2 Compatiblity","AchievementEnabler","BaseMod","Colored Map","DeckTracker","KOR Keyword Fix","Keyboard Shortcuts","Minty Spire (QoL Compilation)","Permanent Neow","Quick Restart","Random Character Button","StSLib","SuperFastMode","everything is the same but u backflip on backflip"],"gold_per_floor":[114,129,144,159,174,204,204,234,234,264,21,36,36,51,51,151,151,166,91,91,91,106,106,106,106,131,161,161,186,216,66,66,166,166,181,31,0,0,0,0,15,15,15,15,15,15,15,15,15,15,15],"floor_reached":50,"language":"KOR","playtime":2114,"items_purged":["True Grit"],"score":482,"play_id":"4da9a67a-0c62-4c2e-9b63-9d20f27a31b8","local_time":"20210119035523","daily_mods":["Draft","Flight","Lethality"],"is_ascension_mode":false,"campfire_choices":[{"data":"Armaments","floor":7.0,"key":"SMITH"},{"data":"True Grit","floor":13.0,"key":"SMITH"},{"data":"Rampage","floor":15.0,"key":"SMITH"},{"floor":23.0,"key":"REST"},{"data":"Headbutt","floor":25.0,"key":"SMITH"},{"floor":28,"key":"REST"},{"floor":32,"key":"REST"},{"data":"Entrench","floor":40,"key":"SMITH"},{"data":"Double Tap","floor":42,"key":"SMITH"},{"data":"Hemokinesis","floor":44,"key":"SMITH"},{"data":"Sever Soul","floor":46,"key":"SMITH"},{"data":"Offering","floor":49,"key":"SMITH"}],"circlet_count":0,"master_deck":["Rampage+1","Feel No Pain","Hemokinesis+1","Armaments+1","Sword Boomerang","Entrench+1","True Grit+1","Dual Wield","Dropkick","Feel No Pain","Shrug It Off","Shrug It Off","Barricade+1","Thunderclap","Reaper","Sever Soul+1","Headbutt+1","Offering+1","Power Through","Double Tap+1","Heavy Blade+1","Clothesline+1","Havoc+1","Pommel Strike+1","Madness","Madness","Headbutt+1","Deep Breath"],"relics":["Burning Blood","Juzu Bracelet","Tiny Chest","Boot","Bird Faced Urn","Mark of Pain","Omamori","Happy Flower","Pocketwatch","Lantern","PreservedInsect","Akabeko","Astrolabe","Regal Pillow","Red Mask","Darkstone Periapt","HornCleat"],"acts_visited":["Exordium","TheCity","TheBeyond"],"potions_floor_usage":[27,27,50],"damage_taken":[{"damage":0.0,"enemies":"Cultist","floor":1.0,"turns":2.0},{"damage":2.0,"enemies":"2 Louse","floor":2.0,"turns":1.0},{"damage":2.0,"enemies":"Small Slimes","floor":3.0,"turns":3.0},{"damage":4.0,"enemies":"Blue Slaver","floor":4.0,"turns":2.0},{"damage":11.0,"enemies":"Looter","floor":5.0,"turns":3.0},{"damage":12.0,"enemies":"Lagavulin","floor":6.0,"turns":5.0},{"damage":30.0,"enemies":"Gremlin Nob","floor":8.0,"turns":5.0},{"damage":13.0,"enemies":"3 Louse","floor":12.0,"turns":2.0},{"damage":15.0,"enemies":"Gremlin Gang","floor":14.0,"turns":2.0},{"damage":51.0,"enemies":"Slime Boss","floor":16.0,"turns":11.0},{"damage":35.0,"enemies":"2 Thieves","floor":18.0,"turns":5.0},{"damage":47.0,"enemies":"Shell Parasite","floor":22.0,"turns":4.0},{"damage":45,"enemies":"Book of Stabbing","floor":27,"turns":4},{"damage":60,"enemies":"Slavers","floor":30,"turns":6},{"damage":26,"enemies":"Champ","floor":33,"turns":14},{"damage":6,"enemies":"3 Shapes","floor":35,"turns":2},{"damage":23,"enemies":"3 Darklings","floor":41,"turns":6},{"damage":103,"enemies":"Awakened One","floor":50,"turns":11}],"seed_played":"-1283480827410872575","potions_obtained":[{"floor":1.0,"key":"Energy Potion"},{"floor":4.0,"key":"LiquidBronze"},{"floor":5.0,"key":"HeartOfIron"},{"floor":8.0,"key":"Weak Potion"},{"floor":18.0,"key":"EssenceOfSteel"},{"floor":22.0,"key":"Energy Potion"},{"floor":41,"key":"Fire Potion"}],"is_trial":false,"path_per_floor":["M","M","M","M","M","E","R","E","T","?","$","M","R","M","R","B",null,"M","?","$","$","M","R","?","R","T","E","R","T","E","$","R","B",null,"M","$","?","?","?","R","M","R","T","R","T","R","$","?","R","B"],"character_chosen":"IRONCLAD","items_purchased":["Sever Soul","FairyPotion","Akabeko","Regal Pillow"],"campfire_rested":3,"item_purchase_floors":[11,11,31,36],"current_hp_per_floor":[80,80,80,80,75,69,69,45,45,45,45,48,48,71,71,39,80,69,69,69,69,40,64,64,64,64,35,59,59,23,23,47,49,80,80,80,80,70,70,70,64,64,64,64,64,64,64,64,64,0,0],"gold":15,"neow_bonus":"","is_daily":true,"chose_seed":false,"campfire_upgraded":9,"win_rate":0.0,"timestamp":1610996123,"path_taken":["M","M","M","M","M","E","R","E","T","?","$","M","R","M","R","BOSS","M","?","$","$","M","R","?","R","T","E","R","?","E","$","R","BOSS","M","$","?","?","?","R","M","R","T","R","?","R","?","?","R","BOSS"],"items_purchased_type":["Card","Potion","Relic","Relic"],"build_version":"2020-12-22","purchased_purges":1,"victory":false,"max_hp_per_floor":[80,80,80,80,80,80,80,80,80,80,80,80,80,80,80,80,80,80,80,80,80,80,80,80,80,80,80,80,80,80,80,80,80,80,80,80,80,80,80,80,80,80,80,80,80,80,80,80,80,80,80],"card_choices":[{"not_picked":["Second Wind","True Grit"],"picked":"Rampage","floor":0.0},{"not_picked":["Cleave","Metallicize"],"picked":"Feel No Pain","floor":0.0},{"not_picked":["Flex","Anger"],"picked":"Hemokinesis","floor":0.0},{"not_picked":["Twin Strike","Clash"],"picked":"Armaments","floor":0.0},{"not_picked":["Hemokinesis","Armaments"],"picked":"Sword Boomerang","floor":0.0},{"not_picked":["Cleave","Inflame"],"picked":"Sentinel","floor":0.0},{"not_picked":["Iron Wave","Wild Strike"],"picked":"Entrench","floor":0.0},{"not_picked":["Heavy Blade","Cleave"],"picked":"True Grit","floor":0.0},{"not_picked":["Cleave","Thunderclap"],"picked":"Dual Wield","floor":0.0},{"not_picked":["Flex","Armaments"],"picked":"Dropkick","floor":0.0},{"not_picked":["True Grit","Anger"],"picked":"Feel No Pain","floor":0.0},{"not_picked":["Anger","Clothesline"],"picked":"Sentinel","floor":0.0},{"not_picked":["Armaments","Anger"],"picked":"True Grit","floor":0.0},{"not_picked":["Wild Strike","Flex"],"picked":"Armaments","floor":0.0},{"not_picked":["Warcry","Bloodletting"],"picked":"Shrug It Off","floor":0.0},{"not_picked":["Body Slam","True Grit","Cleave"],"picked":"SKIP","floor":1.0},{"not_picked":["Flex","Anger","Wild Strike"],"picked":"SKIP","floor":2.0},{"not_picked":["Evolve","Pommel Strike"],"picked":"Seeing Red","floor":3.0},{"not_picked":["Pommel Strike","Searing Blow"],"picked":"Shrug It Off","floor":4.0},{"not_picked":["Combust","Heavy Blade"],"picked":"Barricade","floor":5.0},{"not_picked":["Twin Strike","Disarm"],"picked":"Thunderclap","floor":6.0},{"not_picked":["Armaments","Dual Wield"],"picked":"Reaper","floor":8.0},{"not_picked":["Searing Blow","Warcry","Clash"],"picked":"SKIP","floor":12.0},{"not_picked":["Cleave","Burning Pact"],"picked":"Headbutt","floor":14.0},{"not_picked":["Double Tap","Corruption"],"picked":"Offering","floor":16.0},{"not_picked":["Iron Wave","Fire Breathing","Clash"],"picked":"SKIP","floor":18.0},{"not_picked":["Blood for Blood","Clothesline","Shrug It Off"],"picked":"SKIP","floor":22.0},{"not_picked":["Headbutt+1","Heavy Blade"],"picked":"Power Through","floor":27},{"not_picked":["Heavy Blade","Pommel Strike","Metallicize"],"picked":"SKIP","floor":30},{"not_picked":["Brutality","Corruption"],"picked":"Double Tap","floor":33},{"not_picked":["Clash","Sword Boomerang+1"],"picked":"Pommel Strike+1","floor":35},{"not_picked":["Twin Strike","Clash+1"],"picked":"Headbutt+1","floor":41},{"not_picked":["Chrysalis","Swift Strike"],"picked":"Deep Breath","floor":48}],"player_experience":750562,"relics_obtained":[{"floor":6.0,"key":"Juzu Bracelet"},{"floor":8.0,"key":"Tiny Chest"},{"floor":9.0,"key":"Boot"},{"floor":26.0,"key":"Happy Flower"},{"floor":27,"key":"Pocketwatch"},{"floor":29,"key":"Lantern"},{"floor":30,"key":"PreservedInsect"},{"floor":43,"key":"Darkstone Periapt"},{"floor":45,"key":"HornCleat"}],"event_choices":[{"damage_healed":0.0,"max_hp_gain":0.0,"max_hp_loss":0.0,"gold_gain":30.0,"event_name":"Dead Adventurer","player_choice":"Searched \u00273\u0027 times","floor":10.0,"gold_loss":0.0,"damage_taken":0.0,"relics_obtained":["Bird Faced Urn"]},{"cards_removed":["Armaments"],"damage_healed":0.0,"max_hp_gain":0.0,"max_hp_loss":0.0,"gold_gain":0.0,"event_name":"Beggar","player_choice":"Gave Gold","floor":19.0,"gold_loss":75.0,"damage_taken":0.0},{"damage_healed":0.0,"max_hp_gain":0.0,"max_hp_loss":0.0,"gold_gain":0.0,"event_name":"The Mausoleum","player_choice":"Opened","floor":24.0,"gold_loss":0.0,"damage_taken":0.0,"relics_obtained":["Omamori"]},{"damage_healed":0,"gold_gain":0,"player_choice":"Paid","damage_taken":0,"relics_obtained":["Red Mask"],"max_hp_gain":0,"max_hp_loss":0,"event_name":"Tomb of Lord Red Mask","floor":37,"gold_loss":31},{"damage_healed":0,"gold_gain":0,"player_choice":"Embrace Madness","damage_taken":10,"max_hp_gain":0,"max_hp_loss":0,"event_name":"Winding Halls","floor":38,"gold_loss":0,"cards_obtained":["Madness","Madness"]},{"damage_healed":0,"gold_gain":0,"player_choice":"Upgraded","damage_taken":0,"max_hp_gain":0,"max_hp_loss":0,"event_name":"Upgrade Shrine","floor":39,"gold_loss":0,"cards_upgraded":["Barricade"]},{"damage_healed":0,"gold_gain":0,"player_choice":"Memory 1","damage_taken":0,"max_hp_gain":0,"max_hp_loss":0,"event_name":"SensoryStone","floor":48,"gold_loss":0}],"is_beta":false,"boss_relics":[{"not_picked":["Runic Dome","Sozu"],"picked":"Mark of Pain"},{"not_picked":["Velvet Choker","Coffee Dripper"],"picked":"Astrolabe"}],"items_purged_floors":[11],"is_endless":false,"potions_floor_spawned":[1,4,5,8,14,18,22,41],"killed_by":"Awakened One","ascension_level":0}}