{"host":"r6jigiblrojhp6xe","time":1610976251,"event":{"mods":["AchievementEnabler","BaseMod","DeckTracker","Minty Spire (QoL Compilation)","Quick Restart","Rare Cards Sparkle","Relic Stats","StSLib","SuperFastMode","The Cursed","everything is the same but u backflip on backflip"],"gold_per_floor":[114,131,206,44,44,71,71,71,125,125,142,173,186,186,186,186,186],"floor_reached":16,"language":"KOR","playtime":321,"items_purged":["Strike_G"],"score":266,"play_id":"a2cc9c07-27de-44ca-b91c-15b841e88bbd","local_time":"20210118222411","is_ascension_mode":true,"campfire_choices":[{"data":"Noxious Fumes","floor":7,"key":"SMITH"},{"floor":10,"key":"REST"},{"data":"Dagger Throw","floor":15,"key":"SMITH"}],"circlet_count":0,"master_deck":["AscendersBane","Strike_G","Strike_G","Strike_G","Strike_G","Defend_G","Defend_G","Defend_G","Defend_G","Defend_G","Survivor","Neutralize","Dagger Throw+1","Noxious Fumes+1","Tactician","After Image","Prepared","Flying Knee"],"relics":["Ring of the Snake","NeowsBlessing","Incense Burner","Gremlin Horn","Lantern","Omamori"],"acts_visited":["Exordium"],"potions_floor_usage":[12,16],"damage_taken":[{"damage":0,"enemies":"Cultist","floor":1,"turns":1},{"damage":0,"enemies":"Jaw Worm","floor":2,"turns":1},{"damage":0,"enemies":"Gremlin Nob","floor":6,"turns":1},{"damage":0,"enemies":"2 Louse","floor":11,"turns":2},{"damage":16,"enemies":"3 Sentries","floor":12,"turns":9},{"damage":10,"enemies":"Exordium Wildlife","floor":13,"turns":5},{"damage":8,"enemies":"Hexaghost","floor":16,"turns":9}],"seed_played":"7552374875178575589","potions_obtained":[{"floor":2,"key":"Ancient Potion"},{"floor":11,"key":"PowerPotion"},{"floor":12,"key":"PowerPotion"}],"is_trial":false,"path_per_floor":["M","M","?","$","?","E","R","$","T","R","M","E","M","?","R","B"],"character_chosen":"THE_SILENT","items_purchased":["Noxious Fumes"],"campfire_rested":1,"item_purchase_floors":[4],"current_hp_per_floor":[59,59,48,48,13,13,13,13,13,32,32,16,6,6,6,0,0],"gold":186,"neow_bonus":"THREE_ENEMY_KILL","is_daily":false,"chose_seed":false,"campfire_upgraded":2,"win_rate":0.0,"timestamp":1610976251,"path_taken":["M","M","?","$","?","E","R","$","T","R","M","E","M","?","R","BOSS"],"items_purchased_type":["Card"],"build_version":"2020-12-22","purchased_purges":1,"victory":false,"max_hp_per_floor":[66,66,66,66,66,66,66,66,66,66,66,66,66,66,66,66,66],"relic_stats":{"Gremlin Horn":[4,4],"counters":[7,28],"obtain_stats":[{"Lantern":9,"NeowsBlessing":0,"Gremlin Horn":6,"Incense Burner":5,"Omamori":12,"Ring of the Snake":0},{"Lantern":3,"NeowsBlessing":0,"Gremlin Horn":3,"Incense Burner":2,"Omamori":5,"Ring of the Snake":0},{"Lantern":3,"NeowsBlessing":0,"Gremlin Horn":3,"Incense Burner":2,"Omamori":14,"Ring of the Snake":0}],"Ring of the Snake":[14]},"card_choices":[{"not_picked":["Quick Slash","Riddle With Holes"],"picked":"Dagger Throw","floor":1},{"not_picked":["Poisoned Stab","Underhanded Strike","Sucker Punch"],"picked":"SKIP","floor":2},{"not_picked":["Dodge and Roll","Deflect"],"picked":"Tactician","floor":6},{"not_picked":["Dodge and Roll","Acrobatics"],"picked":"After Image","floor":11},{"not_picked":["Poisoned Stab","Dagger Throw"],"picked":"Prepared","floor":12},{"not_picked":["Endless Agony","Concentrate"],"picked":"Flying Knee","floor":13}],"player_experience":577941,"relics_obtained":[{"floor":6,"key":"Gremlin Horn"},{"floor":9,"key":"Lantern"},{"floor":12,"key":"Omamori"}],"event_choices":[{"damage_healed":0,"gold_gain":75,"player_choice":"Gather Gold","damage_taken":11,"max_hp_gain":0,"max_hp_loss":0,"event_name":"World of Goop","floor":3,"gold_loss":0},{"damage_healed":0,"gold_gain":0,"player_choice":"Success","damage_taken":35,"relics_obtained":["Incense Burner"],"max_hp_gain":0,"max_hp_loss":0,"event_name":"Scrap Ooze","floor":5,"gold_loss":0},{"damage_healed":0,"gold_gain":0,"player_choice":"Ignored","damage_taken":0,"max_hp_gain":0,"max_hp_loss":0,"event_name":"Shining Light","floor":14,"gold_loss":0}],"is_beta":false,"boss_relics":[],"items_purged_floors":[4],"is_endless":false,"potions_floor_spawned":[2,11,12],"killed_by":"Hexaghost","ascension_level":20}}