{"host":"exy3zpg5dyhzfzxn","time":1610982834,"event":{"mods":["2.2 Compatiblity","Aspiration","BaseMod","Better Third Choice","BetterRewards","Energized Spire","GifTheSpireLib","Hubris","Infinite Spire","Jedi Mod","Minty Spire (QoL Compilation)","Replay The Spire","StSLib","vexMod"],"gold_per_floor":[113,113,113,129,144,144,156,187,210,243,92,92,122,45,45,145,145,156,172,172,172,186,217,217,252,252,252],"floor_reached":26,"language":"RUS","playtime":1119,"items_purged":["Strike_B"],"score":497,"play_id":"2110eccb-c6f1-40ed-afbb-983c33f9e596","local_time":"20210118181354","is_ascension_mode":true,"campfire_choices":[{"data":"Doom and Gloom","floor":6,"key":"SMITH"},{"data":"Loop","floor":12,"key":"SMITH"},{"data":"White Noise","floor":15,"key":"SMITH"},{"floor":20,"key":"REST"},{"floor":24,"key":"REST"}],"circlet_count":0,"master_deck":["Strike_B+1","Strike_B+1","Strike_B","Defend_B+1","Defend_B","Defend_B+1","Defend_B","Zap+1","FIFO Queue+1","Compile Driver","Doom and Gloom+1","Lockon","White Noise+1","Loop+1","Storm","Buffer+1","infinitespire:UltimateForm","Chill","jedi:BurstFrost+1"],"relics":["Cracked Core","jedi:arcanewood","aspiration:Nostalgia","Burning Blood","Whetstone","vexMod:PaidLearning","hubris:OldNail","Anchor","jedi:matchstick","Letter Opener","PreservedInsect","infinitespire:Lucky Rock","Gremlin Food","Replay:Wax Seal","infinitespire:Cupcake","aspiration:KaomsHeart"],"acts_visited":["Exordium","TheCity"],"potions_floor_usage":[13,13,16,19],"damage_taken":[{"damage":0,"enemies":"2 Louse","floor":1,"turns":2},{"damage":1,"enemies":"Cultist","floor":4,"turns":3},{"damage":0,"enemies":"Jaw Worm","floor":5,"turns":3},{"damage":4,"enemies":"Red Slaver","floor":7,"turns":2},{"damage":10,"enemies":"Gremlin Nob","floor":8,"turns":3},{"damage":0,"enemies":"Replay:BlueRogue","floor":10,"turns":3},{"damage":20,"enemies":"Gremlin Nob","floor":13,"turns":3},{"damage":12,"enemies":"The Guardian","floor":16,"turns":7},{"damage":22,"enemies":"Spheric Guardian","floor":18,"turns":4},{"damage":19,"enemies":"Shell Parasite","floor":19,"turns":5},{"damage":20,"enemies":"Shelled Parasite and Fungi","floor":22,"turns":4},{"damage":92,"enemies":"Nightmare","floor":23,"turns":9},{"damage":40,"enemies":"Replay:Snechameleon","floor":25,"turns":5}],"seed_played":"5119979328079194754","potions_obtained":[{"floor":5,"key":"Milkshake"},{"floor":8,"key":"Adrenaline Potion"},{"floor":13,"key":"Energy Potion"},{"floor":18,"key":"Toxic Potion"}],"is_trial":false,"path_per_floor":["M","?","?","M","M","R","M","E","T","E","$","R","E","$","R","B",null,"M","M","R","AVR","M","NM","R","E","T"],"character_chosen":"DEFECT","items_purchased":["jedi:arcanewood","aspiration:Nostalgia","FIFO Queue+1","Whetstone","vexMod:PaidLearning","hubris:OldNail","Anchor","Loop","Replay:Wax Seal"],"campfire_rested":2,"item_purchase_floors":[0,0,0,0,0,0,0,11,14],"current_hp_per_floor":[36,61,61,66,72,72,74,70,70,75,75,75,61,61,61,55,75,59,46,68,168,154,68,120,86,86,86],"gold":252,"neow_bonus":"","is_daily":false,"chose_seed":false,"campfire_upgraded":3,"win_rate":0.0,"timestamp":1610982834,"path_taken":["M","?","?","?","M","R","M","E","T","E","$","R","E","?","R","BOSS","M","M","?","AVR","M","NM","R","E","T"],"items_purchased_type":["Relic","Relic","Card","Relic","Relic","Relic","Relic","Card","Relic"],"build_version":"2020-12-22","purchased_purges":1,"victory":false,"max_hp_per_floor":[75,75,75,75,75,75,75,75,75,75,75,75,75,75,75,75,75,75,75,75,175,175,175,175,175,175,175],"card_choices":[{"not_picked":["Leap","Hologram"],"picked":"Compile Driver","floor":1},{"not_picked":["Rebound","Barrage","aspiration:Polymerization"],"picked":"SKIP","floor":4},{"not_picked":["Beam Cell","Turbo"],"picked":"Doom and Gloom","floor":5},{"not_picked":["Coolheaded","jedi:blockon"],"picked":"Lockon","floor":7},{"not_picked":["Multi-Cast","Redo"],"picked":"White Noise","floor":8},{"not_picked":["Scrape","ReplayTheSpireMod:Reroute Power","jedi:BurstFrost"],"picked":"SKIP","floor":10},{"not_picked":["Lockon","Chill"],"picked":"Storm","floor":13},{"not_picked":["hubris:DoWhile","Hyperbeam"],"picked":"Buffer","floor":16},{"not_picked":["BootSequence","Reprogram+1","ReplayGash+1"],"picked":"SKIP","floor":18},{"not_picked":["Panic Button","Go for the Eyes","Steam"],"picked":"SKIP","floor":19},{"not_picked":["hubris:PowerSurge","Redo","Panic Button"],"picked":"SKIP","floor":22},{"not_picked":["infinitespire:NeuralNetwork","infinitespire:SealOfDarkness+"],"picked":"infinitespire:UltimateForm","floor":23},{"not_picked":["Steam Power","jedi:spotbugs"],"picked":"Chill","floor":23},{"not_picked":["hubris:Ukulele","Double Energy"],"picked":"jedi:BurstFrost+1","floor":25}],"player_experience":342026,"relics_obtained":[{"floor":8,"key":"Letter Opener"},{"floor":9,"key":"PreservedInsect"},{"floor":10,"key":"infinitespire:Lucky Rock"},{"floor":13,"key":"Gremlin Food"},{"floor":23,"key":"aspiration:KMNothing"},{"floor":25,"key":"aspiration:KMNothing"},{"floor":26,"key":"aspiration:KMNothing"}],"event_choices":[{"damage_healed":25,"gold_gain":0,"player_choice":"Banana","damage_taken":0,"max_hp_gain":0,"max_hp_loss":0,"event_name":"Big Fish","floor":2,"gold_loss":0},{"cards_removed":["Dualcast"],"damage_healed":0,"gold_gain":0,"player_choice":"Offered Basic","damage_taken":0,"max_hp_gain":0,"max_hp_loss":0,"event_name":"Bonfire Elementals","floor":3,"gold_loss":0}],"is_beta":false,"boss_relics":[{"not_picked":["Coffee Dripper","Kintsugi","energizedSpire:StickyHand"]}],"items_purged_floors":[11],"is_endless":true,"potions_floor_spawned":[5,8,13,18],"ascension_level":3}}