{"host":"aj5bfr65dldogjgi","time":1610973623,"event":{"mods":["BaseMod","Colored Map","Colored Powertips","Friendly Minions","Marisa£®ÏF”Í°°ƒß¿Ì…≥£©","Minty Spire (QoL Compilation)","Remilia£®¿Ÿ√◊¿Ú—«£©","Replay The Spire","Shop Mod","StSLib","Youmu£®ªÍ∆«—˝√Œ£©","Yuyuko"],"gold_per_floor":[110,110,122,297,310,336,336,349,349,366,366,381,16,33,33,129,129,141,160,180,191,208,208,235,235,314,314,346,346,346,364,364,462,462,475,495,135,135,135],"floor_reached":40,"language":"ZHS","playtime":2751,"items_purged":["Strike_MRS","Strike_MRS"],"score":485,"play_id":"3252ec69-37e8-4755-a3c1-e8ff1e1edc2b","local_time":"20210118204023","is_ascension_mode":false,"campfire_choices":[{"data":"MagicChant","floor":7,"key":"SMITH"},{"floor":11,"key":"REST"},{"data":"OortCloud","floor":23,"key":"SMITH"},{"floor":25,"key":"REST"},{"floor":27,"key":"REST"},{"floor":30,"key":"REST"},{"floor":32,"key":"DIG"}],"circlet_count":0,"master_deck":["Strike_MRS","Strike_MRS","Defend_MRS","Defend_MRS","Defend_MRS","Defend_MRS","MasterSpark","UpSweep+1","NonDirectionalLaser","UnstableBomb","Doubt","EnergyFlow","MagicChant+1","Acceleration+1","ManaConvection","OortCloud","BinaryStars","SuperNova","MysteriousBeam+1","OortCloud+1","MilkyWay+1","MagicAbsorber","ShootingEcho","Occultation","Languid","UnstableBomb","NonDirectionalLaser","AbsoluteMagnitude","ChargeUpSpray+1","UnstableBomb+1","NonDirectionalLaser+1"],"relics":["MiniHakkero","ReplayTheSpireMod:Lightbulb","Replay:Bottled Snecko","Boot","ClockworkSouvenir","ChewingGum","Prayer Wheel","Darkstone Periapt","Red Mask","Ring of Fury","ReplayTheSpireMod:Ring of Addiction","Potion Belt","White Beast Statue","Juzu Bracelet","Black Star","HandmadeGrimoire"],"acts_visited":["Exordium","TheCity","TheBeyond"],"potions_floor_usage":[6,24,31,33,36,39,39,39,39,39],"damage_taken":[{"damage":6,"enemies":"Jaw Worm","floor":1,"turns":3},{"damage":0,"enemies":"Small Slimes","floor":3,"turns":3},{"damage":1,"enemies":"Cultist","floor":5,"turns":3},{"damage":31,"enemies":"Lagavulin","floor":6,"turns":5},{"damage":0,"enemies":"Looter","floor":8,"turns":2},{"damage":8,"enemies":"2 Fungi Beasts","floor":10,"turns":4},{"damage":8,"enemies":"Lots of Slimes","floor":12,"turns":3},{"damage":5,"enemies":"3 Louse","floor":14,"turns":3},{"damage":0,"enemies":"Slime Boss","floor":16,"turns":6},{"damage":7,"enemies":"2 Thieves","floor":18,"turns":4},{"damage":7,"enemies":"3 Byrds","floor":19,"turns":4},{"damage":13,"enemies":"3 Cultists","floor":20,"turns":4},{"damage":5,"enemies":"Sentry and Sphere","floor":21,"turns":4},{"damage":6,"enemies":"Shelled Parasite and Fungi","floor":22,"turns":4},{"damage":31,"enemies":"Slavers","floor":24,"turns":5},{"damage":16,"enemies":"Masked Bandits","floor":28,"turns":6},{"damage":7,"enemies":"Centurion and Healer","floor":31,"turns":6},{"damage":23,"enemies":"Collector","floor":33,"turns":8},{"damage":0,"enemies":"3 Shapes","floor":35,"turns":3},{"damage":1,"enemies":"Orb Walker","floor":36,"turns":3},{"damage":68,"enemies":"Replay:Hell Engine","floor":39,"turns":9}],"seed_played":"-8258013605932919512","potions_obtained":[{"floor":3,"key":"Energy Potion"},{"floor":8,"key":"PowerPotion"},{"floor":10,"key":"AttackPotion"},{"floor":14,"key":"BottledSpark"},{"floor":29,"key":"PowerPotion"},{"floor":29,"key":"AttackPotion"},{"floor":29,"key":"SkillPotion"},{"floor":31,"key":"BlessingOfTheForge"},{"floor":33,"key":"Toxic Potion"},{"floor":36,"key":"Languid Potion"}],"is_trial":false,"path_per_floor":["M","?","M","?","M","E","R","M","T","M","R","M","$","M","R_BF","B",null,"M","M","M","M","M","R","E","R","T","R","?","?","R","M","R_BF","B",null,"M","M","$","?","B",null],"character_chosen":"MARISA","items_purchased":["Boot","ClockworkSouvenir","HandmadeGrimoire"],"campfire_rested":4,"item_purchase_floors":[13,13,37],"current_hp_per_floor":[76,76,76,76,75,44,44,44,44,36,60,52,52,47,71,71,82,75,68,55,50,44,44,13,37,37,61,45,51,77,70,70,47,88,88,87,87,87,19],"gold":135,"neow_bonus":"TEN_PERCENT_HP_BONUS","is_daily":false,"chose_seed":false,"campfire_upgraded":2,"win_rate":0.0,"timestamp":1610973623,"path_taken":["M","?","M","?","M","E","R","M","T","M","R","M","?","M","R_BF","BOSS","M","M","M","M","M","R","E","R","T","R","?","?","R","M","R_BF","BOSS","M","M","$","?","BOSS"],"items_purchased_type":["Relic","Relic","Relic"],"build_version":"2020-12-22","purchased_purges":2,"victory":true,"max_hp_per_floor":[82,82,82,82,82,82,82,82,82,82,82,82,82,82,82,82,82,82,82,82,82,82,82,82,82,82,82,82,88,88,88,88,88,88,88,88,88,88,88],"card_choices":[{"not_picked":["DC","DeepEcoloBomb"],"picked":"NonDirectionalLaser","floor":1},{"not_picked":["PropBag","IllusionStar"],"picked":"UnstableBomb","floor":3},{"not_picked":["DoubleSpark","MysteriousBeam"],"picked":"EnergyFlow","floor":5},{"not_picked":["StarDustReverie","PulseMagic"],"picked":"MagicChant","floor":6},{"not_picked":["Singularity","GrandCross"],"picked":"Acceleration","floor":8},{"not_picked":["LuminesStrike","OpenUniverse"],"picked":"ManaConvection","floor":10},{"not_picked":["BlazeAway","EnergyRecoil"],"picked":"OortCloud","floor":12},{"not_picked":["EnergyRecoil","DarkSpark"],"picked":"BinaryStars","floor":14},{"not_picked":["CasketOfStar","BigCrunch"],"picked":"SuperNova","floor":16},{"not_picked":["WitchOfGreed","EventHorizon"],"picked":"MysteriousBeam+1","floor":18},{"not_picked":["Robbery","PropBag"],"picked":"OortCloud","floor":19},{"not_picked":["MagicAbsorber","EnergyFlow+1"],"picked":"MilkyWay+1","floor":20},{"not_picked":["AlicesGift","AsteroidBelt","IllusionStar"],"picked":"SKIP","floor":21},{"not_picked":["DarkSpark","PowerUp"],"picked":"MagicAbsorber","floor":22},{"not_picked":["DarkSpark","GravityBeat"],"picked":"ShootingEcho","floor":24},{"not_picked":["MilkyWay+1","DC"],"picked":"Occultation","floor":28},{"not_picked":["DragonMeteor","SprinkleStarSeal"],"picked":"UnstableBomb","floor":31},{"not_picked":["SprinkleStarSeal","Acceleration"],"picked":"NonDirectionalLaser","floor":31},{"not_picked":["MillisecondPulsars","StarDustReverie"],"picked":"AbsoluteMagnitude","floor":33},{"not_picked":["DeepEcoloBomb+1","StarBarrage+1"],"picked":"ChargeUpSpray+1","floor":35},{"not_picked":["WitchLeyline+1","MeteoricShower+1"],"picked":"UnstableBomb+1","floor":35},{"not_picked":["IllusionStar+1","ShootingEcho"],"picked":"NonDirectionalLaser+1","floor":36},{"not_picked":["GravityBeat","DoubleSpark+1","OpenUniverse+1"],"picked":"SKIP","floor":36}],"player_experience":143802,"relics_obtained":[{"floor":6,"key":"ReplayTheSpireMod:Lightbulb"},{"floor":9,"key":"Replay:Bottled Snecko"},{"floor":24,"key":"Prayer Wheel"},{"floor":26,"key":"Darkstone Periapt"},{"floor":28,"key":"Red Mask"},{"floor":29,"key":"Ring of Fury"},{"floor":29,"key":"ReplayTheSpireMod:Ring of Addiction"},{"floor":29,"key":"Potion Belt"},{"floor":29,"key":"White Beast Statue"},{"floor":32,"key":"Juzu Bracelet"}],"event_choices":[{"damage_healed":0,"gold_gain":175,"player_choice":"AGREE","damage_taken":0,"max_hp_gain":0,"max_hp_loss":0,"event_name":"Liars Game","floor":4,"gold_loss":0,"cards_obtained":["Doubt"]},{"damage_healed":0,"gold_gain":0,"player_choice":"Fought Bandits","damage_taken":0,"max_hp_gain":0,"max_hp_loss":0,"event_name":"Masked Bandits","floor":28,"gold_loss":0},{"damage_healed":0,"gold_gain":0,"player_choice":"Took Portal","damage_taken":0,"max_hp_gain":0,"max_hp_loss":0,"event_name":"SecretPortal","floor":38,"gold_loss":0}],"is_beta":false,"boss_relics":[{"not_picked":["BewitchedHakkero","Philosopher\u0027s Stone"],"picked":"ChewingGum"},{"not_picked":["Replay:Grab Bag","Astrolabe"],"picked":"Black Star"}],"items_purged_floors":[13,37],"is_endless":false,"potions_floor_spawned":[3,8,10,14,18,22,31,33,35,36],"ascension_level":0}}