{"host":"x7btokbb0w2jhl7e","time":1610980415,"event":{"mods":["ATMod(°¢èªMod)","Act Like it!","BaseMod","Gensokyo","Marisa£¨ìFÓê¡¡Ä§ÀíÉ³£©","Minty Spire (QoL Compilation)","Quick Restart","StSLib"],"gold_per_floor":[114,114,132,132,132,160,170,170,197,197,232,232,232,232,232,334,334,344,344,344,364,377,377,408,418,445,475,400,400,419,446,446,541,541,553,564,564,564,464,489,489,506,533,114,148,148,179,179,179,179,179,179,29,58,58],"floor_reached":56,"language":"ZHS","playtime":2491,"items_purged":["Strike_MRS","Defend_MRS","MaximisePower+1","Defend_MRS"],"score":1675,"play_id":"1df2be3a-0a25-49a6-aab6-5a25dc7664c4","local_time":"20210118223335","is_ascension_mode":true,"campfire_choices":[{"data":"EnergyFlow","floor":8.0,"key":"SMITH"},{"data":"UpSweep","floor":10.0,"key":"SMITH"},{"data":"Orbital","floor":12.0,"key":"SMITH"},{"data":"Acceleration","floor":15.0,"key":"SMITH"},{"data":"MaximisePower","floor":23.0,"key":"SMITH"},{"data":"EnergyRecoil","floor":32.0,"key":"SMITH"},{"floor":41.0,"key":"RECALL"},{"data":"SuperNova","floor":49.0,"key":"SMITH"},{"data":"Defend_MRS","floor":52.0,"key":"SMITH"}],"circlet_count":0,"master_deck":["Defend_MRS+1","UpSweep+1","AT_IchimonjiDouble+1","EnergyFlow+1","SuperNova+1","Acceleration+1","Orbital+1","GalacticHalo+1","EnergyRecoil+1","Gensokyo:Dawn+1"],"relics":["MiniHakkero","AT_ATBox","NeowsBlessing","MealTicket","Darkstone Periapt","Gensokyo:Mercy","Velvet Choker","Gensokyo:MosesMiracle","Pear","Bag of Preparation","Potion Belt","BreadOfAWashokuLover","AT_TrinityForce","HandmadeGrimoire","Gremlin Horn","OrangePellets","Bag of Marbles","AT_ArchangelStaff","AT_DeathDance","Bronze Scales"],"acts_visited":["Gensokyo:Gensokyo","Gensokyo:Gensokyoer","Gensokyo:Gensokyoest","TheEnding"],"potions_floor_usage":[55,55],"damage_taken":[{"damage":0.0,"enemies":"Gensokyo:Gryphon","floor":1.0,"turns":1.0},{"damage":0.0,"enemies":"Gensokyo:2_Kodama","floor":3.0,"turns":1.0},{"damage":0.0,"enemies":"Gensokyo:Aya","floor":6.0,"turns":1.0},{"damage":0.0,"enemies":"Gensokyo:Python","floor":7.0,"turns":2.0},{"damage":9.0,"enemies":"Gensokyo:Mamizou","floor":11.0,"turns":5.0},{"damage":13.0,"enemies":"Gensokyo:Yukari","floor":16.0,"turns":6.0},{"damage":6.0,"enemies":"Gensokyo:AngelMirror","floor":18.0,"turns":2.0},{"damage":0.0,"enemies":"Gensokyo:Chomper","floor":21.0,"turns":3.0},{"damage":0.0,"enemies":"Gensokyo:Wraith","floor":22.0,"turns":3.0},{"damage":3.0,"enemies":"Gensokyo:Tenshi","floor":24.0,"turns":4.0},{"damage":11.0,"enemies":"Gensokyo:Monolith_and_Dog","floor":25.0,"turns":4.0},{"damage":7.0,"enemies":"Gensokyo:Reisen","floor":27.0,"turns":4.0},{"damage":5.0,"enemies":"Gensokyo:Mirror_and_Dog","floor":30.0,"turns":3.0},{"damage":0.0,"enemies":"Gensokyo:Koishi","floor":31.0,"turns":4.0},{"damage":29.0,"enemies":"Gensokyo:Kaguya","floor":33.0,"turns":7.0},{"damage":0.0,"enemies":"Gensokyo:3_Boulders","floor":35.0,"turns":4.0},{"damage":0.0,"enemies":"Gensokyo:AncientGuardian","floor":36.0,"turns":3.0},{"damage":5.0,"enemies":"Gensokyo:Kasen","floor":40.0,"turns":4.0},{"damage":0.0,"enemies":"Gensokyo:SeedOfUnknown","floor":42.0,"turns":3.0},{"damage":0.0,"enemies":"Gensokyo:Marisa","floor":45.0,"turns":4.0},{"damage":0.0,"enemies":"Gensokyo:Marisa","floor":46.0,"turns":3.0},{"damage":0.0,"enemies":"Gensokyo:Kasen","floor":47.0,"turns":4.0},{"damage":0.0,"enemies":"Gensokyo:Scarlet_Devils","floor":50.0,"turns":4.0},{"damage":0,"enemies":"Shield and Spear","floor":54,"turns":3},{"damage":0,"enemies":"The Heart","floor":55,"turns":4}],"seed_played":"4646820545160723983","potions_obtained":[{"floor":1.0,"key":"SpeedPotion"},{"floor":6.0,"key":"BottledSpark"},{"floor":21.0,"key":"DistilledChaos"},{"floor":25.0,"key":"PowerPotion"},{"floor":27.0,"key":"FearPotion"},{"floor":30.0,"key":"FairyPotion"},{"floor":33.0,"key":"DuplicationPotion"}],"is_trial":false,"path_per_floor":["M","?","M","?","?","E","M","R","T","R","E","R","?","?","R","B",null,"M","?","?","M","M","R","E","M","T","E","$","?","M","E","R","B",null,"M","M","?","T","$","E","R","M","T","$","E","?","E","?","R","B",null,"R","$","E","B",null],"character_chosen":"MARISA","items_purchased":["OrangePellets","Bag of Marbles"],"campfire_rested":0,"item_purchase_floors":[44,44],"current_hp_per_floor":[75,75,75,75,75,75,75,75,75,75,66,66,66,66,66,55,75,69,69,69,69,69,69,76,65,65,58,73,73,68,68,68,45,85,85,85,85,85,85,80,80,80,80,85,85,85,85,85,85,85,85,85,85,85,85],"gold":58,"neow_bonus":"THREE_ENEMY_KILL","is_daily":false,"chose_seed":false,"campfire_upgraded":8,"win_rate":0.0,"timestamp":1610980415,"path_taken":["M","?","M","?","?","E","?","R","T","R","E","R","?","?","R","BOSS","M","?","?","M","M","R","E","M","T","E","$","?","?","E","R","BOSS","M","M","?","?","$","E","R","M","T","$","E","?","E","?","R","BOSS","R","$","E","BOSS"],"items_purchased_type":["Relic","Relic"],"build_version":"2020-12-22","purchased_purges":4,"victory":true,"max_hp_per_floor":[75,75,75,75,75,75,75,75,75,75,75,75,75,75,75,75,75,75,75,75,75,75,75,85,85,85,85,85,85,85,85,85,85,85,85,85,85,85,85,85,85,85,85,85,85,85,85,85,85,85,85,85,85,85,85],"card_choices":[{"not_picked":["WitchOfGreed","DC"],"picked":"EnergyFlow","floor":1.0},{"not_picked":["MilkyWay","OneTimeOff"],"picked":"Acceleration","floor":3.0},{"not_picked":["ManaRampage","PowerUp","AsteroidBelt"],"picked":"SKIP","floor":6.0},{"not_picked":["ManaRampage","PowerUp","AsteroidBelt"],"picked":"SKIP","floor":6.0},{"not_picked":["NonDirectionalLaser","Singularity","StarlightTyphoon"],"picked":"SKIP","floor":7.0},{"not_picked":["GrandCross","MeteoricShower"],"picked":"Orbital","floor":11.0},{"not_picked":["StarDustReverie","CollectingQuirk"],"picked":"MaximisePower","floor":16.0},{"not_picked":["PulseMagic+1","Acceleration","OrrerysSun"],"picked":"SKIP","floor":18.0},{"not_picked":["NonDirectionalLaser","ManaConvection+1","MysteriousBeam"],"picked":"SKIP","floor":21.0},{"not_picked":["PulseMagic","ShootingEcho"],"picked":"GalacticHalo+1","floor":22.0},{"not_picked":["FairyDestructionRay","DC+1","StarlightTyphoon"],"picked":"SKIP","floor":24.0},{"not_picked":["WitchOfGreed","SporeBomb"],"picked":"EnergyRecoil","floor":25.0},{"not_picked":["RefractionSpark","ChargingUp","LuminesStrike+1"],"picked":"SKIP","floor":27.0},{"not_picked":["MagicAbsorber","SporeBomb","MaximisePower"],"picked":"SKIP","floor":30.0},{"not_picked":["ChargingUp","GravityBeat+1","NonDirectionalLaser+1"],"picked":"SKIP","floor":31.0},{"not_picked":["AsteroidBelt","IllusionStar","SporeBomb+1"],"picked":"SKIP","floor":35.0},{"not_picked":["MagicAbsorber+1","DC","GrandCross+1"],"picked":"SKIP","floor":36.0},{"not_picked":["ShootingEcho+1","MagicChant+1","OpenUniverse"],"picked":"SKIP","floor":40.0},{"not_picked":["SporeBomb","Occultation","PowerUp+1"],"picked":"SKIP","floor":42.0},{"not_picked":["SatelliteIllusion","UnstableBomb","Acceleration+1"],"picked":"SKIP","floor":45.0},{"not_picked":["Gensokyo:UnlikelyAid+1","Gensokyo:DreamlikeParadise+1"],"picked":"Gensokyo:Dawn+1","floor":46.0},{"not_picked":["6A+1","SporeBomb+1","EnergyRecoil+1"],"picked":"SKIP","floor":47.0},{"not_picked":["EscapeVelocity","DragonMeteor","WitchLeyline+1"],"picked":"SKIP","floor":54},{"not_picked":["EscapeVelocity","DragonMeteor","WitchLeyline+1"],"picked":"SKIP","floor":54}],"player_experience":247421,"relics_obtained":[{"floor":6.0,"key":"Blood Vial"},{"floor":9.0,"key":"MealTicket"},{"floor":11.0,"key":"Darkstone Periapt"},{"floor":24.0,"key":"Gensokyo:MosesMiracle"},{"floor":24.0,"key":"Pear"},{"floor":26.0,"key":"Bag of Preparation"},{"floor":27.0,"key":"Potion Belt"},{"floor":31.0,"key":"BreadOfAWashokuLover"},{"floor":38.0,"key":"HandmadeGrimoire"},{"floor":40.0,"key":"Gremlin Horn"},{"floor":45.0,"key":"AT_ArchangelStaff"},{"floor":47.0,"key":"AT_DeathDance"},{"floor":54,"key":"Bronze Scales"}],"event_choices":[],"is_beta":false,"boss_relics":[{"not_picked":["AT_MortalBlade","Sozu"],"picked":"Velvet Choker"},{"not_picked":["Black Star","Cursed Key"],"picked":"AT_TrinityForce"}],"items_purged_floors":[28,39,44,53],"is_endless":false,"potions_floor_spawned":[1,6,21,25,27,30,33,36,45,47,54],"ascension_level":1}}