{"host":"8aoim7owc9xd4zca","time":1610938122,"event":{"mods":["BaseMod","Colored Powertips","Minty Spire (QoL Compilation)","Replay The Spire","StSLib"],"gold_per_floor":[112,124,124,124,124,12,37,81,81,117,140,177,26,201,225,257,257,402,402,434,237,272,272,311,360,360,396,396,426,426,426,426,468,468,500,500,652,652,680,731,731,771,811,884,884,931,958,958,989,1071,27,71,71,109,109,109,5,60,104],"floor_reached":60,"language":"ENG","playtime":6130,"items_purged":["Injury","Doubt","Pain"],"score":1434,"play_id":"31f2aeff-012f-41e5-90a6-1c65d6103369","local_time":"20210117184842","is_ascension_mode":true,"campfire_choices":[{"floor":9.0,"key":"REST"},{"floor":17.0,"key":"REST"},{"floor":26.0,"key":"REST"},{"floor":30.0,"key":"DIG"},{"floor":34.0,"key":"DIG"},{"floor":36.0,"key":"REST"},{"floor":45.0,"key":"REST"},{"floor":53.0,"key":"RECALL"},{"floor":56.0,"key":"DIG"}],"circlet_count":0,"master_deck":["Strike_R","Strike_R","Strike_R","Strike_R","Strike_R","Defend_R","Defend_R","Defend_R","Defend_R","Bash","Sword Boomerang","Seeing Red","Inflame","Offering+1","Anger","Inflame","Anger","Thunderclap","Spot Weakness","Offering+1","CurseOfTheBell","Dual Wield+1","Trip+1","Warcry+1","Perfected Strike","Hemogenesis","Anger+1","ReplayReversal+1","Twin Strike","Brutality+1","Disarm+1","Battle Trance+1","Metallicize","Massacre+1","Life Link+1","Pot Of Greed+1","Pot Of Greed+1","Pot Of Greed+1","Pot Of Greed+1","Heavy Blade","Hallucinations","Rage+1","Pummel","Sadistic Nature","Sadistic Nature","Heavy Blade","Feel No Pain","Dark Embrace+1","Flex+1","Flex+1","Feel No Pain","Pot Of Greed+1","Warcry+1","ReplayTheSpireMod:Stacked+1"],"relics":["Fusion Hammer","Golden Idol","Bag of Preparation","Nunchaku","Replay:Bandana","Brimstone","Calling Bell","Toxic Egg 2","Shovel","Blue Doll","Eternal Feather","Self Forming Clay","Replay:Bottled Steam","Replay:Kaleidoscope","Honey Jar","WarpedTongs","Grinning Jar","ReplayTheSpireMod:Ring of Addiction","White Beast Statue","SacredBark","Ring of Chaos","Ginger","Guide Book","HornCleat","Replay:Rubber Ducky","Pear","ReplayTheSpireMod:Shallot"],"acts_visited":["Exordium","TheCity","TheBeyond","TheEnding"],"potions_floor_usage":[59,59],"damage_taken":[{"damage":1.0,"enemies":"Cultist","floor":1.0,"turns":3.0},{"damage":4.0,"enemies":"2 Louse","floor":2.0,"turns":2.0},{"damage":6.0,"enemies":"Jaw Worm","floor":7.0,"turns":2.0},{"damage":26.0,"enemies":"3 Sentries","floor":8.0,"turns":7.0},{"damage":6.0,"enemies":"Gremlin Nob","floor":10.0,"turns":2.0},{"damage":13.0,"enemies":"3 Louse","floor":12.0,"turns":2.0},{"damage":6.0,"enemies":"Looter","floor":15.0,"turns":2.0},{"damage":6.0,"enemies":"Red Slaver","floor":16.0,"turns":2.0},{"damage":38.0,"enemies":"The Guardian","floor":18.0,"turns":5.0},{"damage":30.0,"enemies":"2 Thieves","floor":20.0,"turns":3.0},{"damage":15.0,"enemies":"Shell Parasite","floor":22.0,"turns":2.0},{"damage":6.0,"enemies":"Centurion and Healer","floor":24.0,"turns":2.0},{"damage":15.0,"enemies":"Book of Stabbing","floor":25.0,"turns":2.0},{"damage":22.0,"enemies":"Chosen and Byrds","floor":27.0,"turns":3.0},{"damage":12.0,"enemies":"Snake Plant","floor":29.0,"turns":2.0},{"damage":12.0,"enemies":"Snecko","floor":33.0,"turns":1.0},{"damage":12.0,"enemies":"Shelled Parasite and Fungi","floor":35.0,"turns":1.0},{"damage":50.0,"enemies":"Automaton","floor":37.0,"turns":6.0},{"damage":11.0,"enemies":"Orb Walker","floor":39.0,"turns":2.0},{"damage":30.0,"enemies":"3 Darklings","floor":40.0,"turns":3.0},{"damage":25.0,"enemies":"Sphere and 2 Shapes","floor":42.0,"turns":2.0},{"damage":33.0,"enemies":"Jaw Worm Horde","floor":43.0,"turns":3.0},{"damage":22.0,"enemies":"Reptomancer","floor":44.0,"turns":3.0},{"damage":26.0,"enemies":"Spire Growth","floor":46.0,"turns":3.0},{"damage":12.0,"enemies":"Sphere and 2 Shapes","floor":49.0,"turns":2.0},{"damage":9.0,"enemies":"2 Orb Walkers","floor":50.0,"turns":3.0},{"damage":1.0,"enemies":"Jaw Worm Horde","floor":52.0,"turns":2.0},{"damage":24.0,"enemies":"Donu and Deca","floor":54.0,"turns":3.0},{"damage":16.0,"enemies":"Shield and Spear","floor":58.0,"turns":3.0},{"damage":62,"enemies":"The Heart","floor":59,"turns":5}],"seed_played":"-7159110655887048263","potions_obtained":[{"floor":2.0,"key":"Strength Potion"},{"floor":10.0,"key":"Milkshake"},{"floor":12.0,"key":"DuplicationPotion"},{"floor":24.0,"key":"BlessingOfTheForge"},{"floor":29.0,"key":"Toxic Potion"},{"floor":40.0,"key":"SpeedPotion"},{"floor":44.0,"key":"Energy Potion"},{"floor":48.0,"key":"BlessingOfTheForge"},{"floor":48.0,"key":"Elixir"},{"floor":48.0,"key":"Swift Potion"},{"floor":49.0,"key":"DuplicationPotion"},{"floor":50.0,"key":"SkillPotion"},{"floor":52.0,"key":"SteroidPotion"},{"floor":58.0,"key":"Energy Potion"}],"is_trial":false,"path_per_floor":["M","M","?","PTL","PTL","$","M","E","R","E","T","M","$","?","M","M","R","B",null,"M","$","M","?","M","E","R","M","T","M","R","PTL","PTL","M","R","M","R","B",null,"M","M","?","M","M","E","R","M","T","?","M","?","$","M","R","B",null,"R","$","E","B",null],"character_chosen":"IRONCLAD","items_purchased":["Inflame","Brimstone","Trip+1","BloodPotion","BloodPotion","Sadistic Nature","Heavy Blade","Guide Book","HornCleat","Feel No Pain","Replay:Rubber Ducky","ElixirPotion","Flex+1","Feel No Pain","Warcry+1"],"campfire_rested":5,"item_purchase_floors":[6,13,21,51,51,51,51,51,51,51,51,51,57,57,57],"current_hp_per_floor":[79,75,75,75,75,75,69,43,67,61,61,48,48,48,42,36,60,22,80,50,50,35,35,29,14,53,31,31,28,43,43,43,40,55,43,80,35,80,69,39,39,45,37,15,63,37,37,37,25,16,80,79,80,56,80,90,90,72,15],"gold":104,"neow_bonus":"BOSS_RELIC","is_daily":false,"chose_seed":false,"campfire_upgraded":0,"win_rate":0.0,"timestamp":1610938122,"path_taken":["M","?","?","PTL","PTL","?","M","E","R","E","T","M","$","?","M","M","R","BOSS","M","$","M","?","?","E","R","M","T","M","R","PTL","PTL","M","R","M","R","BOSS","M","M","?","M","M","E","R","?","T","?","M","?","$","M","R","BOSS","R","$","E","BOSS"],"items_purchased_type":["Card","Relic","Card","Potion","Potion","Card","Card","Relic","Relic","Card","Relic","Potion","Card","Card","Card"],"build_version":"2020-12-22","purchased_purges":3,"victory":true,"max_hp_per_floor":[80,80,80,80,80,80,80,80,80,80,80,80,80,80,80,80,80,80,80,80,80,80,80,80,80,80,80,80,80,80,80,80,80,80,80,80,80,80,80,80,80,80,80,80,80,80,80,80,80,80,80,80,80,80,80,90,90,88,88],"card_choices":[{"not_picked":["Body Slam","ReplayTheSpireMod:Strike From Hell"],"picked":"Sword Boomerang","floor":1.0},{"not_picked":["Perfected Strike","Warcry"],"picked":"Seeing Red","floor":2.0},{"not_picked":["Clothesline","Massacre"],"picked":"Offering","floor":7.0},{"not_picked":["Entrench","Sword Boomerang"],"picked":"Anger","floor":8.0},{"not_picked":["Clash","Reckless Charge"],"picked":"Inflame","floor":10.0},{"not_picked":["True Grit","Cleave"],"picked":"Anger","floor":12.0},{"not_picked":["Shockwave","Havoc"],"picked":"Thunderclap","floor":15.0},{"not_picked":["Headbutt","Anger"],"picked":"Spot Weakness","floor":16.0},{"not_picked":["Immolate","Replay:Many Hands"],"picked":"Offering","floor":18.0},{"not_picked":["Run Through+1","Replay:Undeath\u0027s Touch+1"],"picked":"Dual Wield+1","floor":20.0},{"not_picked":["ReplayTheSpireMod:Corrosion Curse+1","Carnage+1"],"picked":"Warcry+1","floor":22.0},{"not_picked":["Burning Pact+1","Headbutt"],"picked":"Perfected Strike","floor":24.0},{"not_picked":["True Grit+1","Havoc+1"],"picked":"Hemogenesis","floor":25.0},{"not_picked":["Sever Soul","Wild Strike"],"picked":"Anger+1","floor":27.0},{"not_picked":["ReplayTheSpireMod:Limb From Limb","Headbutt"],"picked":"ReplayReversal+1","floor":29.0},{"not_picked":["Searing Blow","Feed"],"picked":"Twin Strike","floor":33.0},{"not_picked":["Havoc+1","Thunderclap","ReplayTheSpireMod:Strike From Hell"],"picked":"SKIP","floor":35.0},{"not_picked":["Corruption","Barricade"],"picked":"Brutality","floor":37.0},{"not_picked":["Ghostly Armor+1","Entrench+1","Sword Boomerang"],"picked":"Disarm+1","floor":39.0},{"not_picked":["Run Through+1","Wild Strike+1","Twin Strike+1"],"picked":"Battle Trance+1","floor":40.0},{"not_picked":["Wild Strike+1","True Grit+1","Thunderclap"],"picked":"Metallicize","floor":42.0},{"not_picked":["Wild Strike","Run Through+1","Iron Wave"],"picked":"Massacre+1","floor":43.0},{"not_picked":["Intimidate+1","Havoc+1","Clash"],"picked":"Life Link+1","floor":44.0},{"not_picked":["Cleave","Clothesline","Iron Wave"],"picked":"Heavy Blade","floor":46.0},{"not_picked":["Clash+1","Feed","Sword Boomerang"],"picked":"Rage+1","floor":49.0},{"not_picked":["Clash","Run Through+1","Second Wind+1"],"picked":"Pummel","floor":50.0},{"not_picked":["Evolve","Metallicize","Clothesline"],"picked":"Dark Embrace+1","floor":52.0},{"not_picked":["Evolve+1","Iron Wave+1","Shrug It Off+1"],"picked":"ReplayTheSpireMod:Stacked+1","floor":58.0}],"player_experience":252052,"relics_obtained":[{"floor":8.0,"key":"Bag of Preparation"},{"floor":10.0,"key":"Nunchaku"},{"floor":11.0,"key":"Replay:Bandana"},{"floor":19.0,"key":"Toxic Egg 2"},{"floor":19.0,"key":"Shovel"},{"floor":19.0,"key":"Blue Doll"},{"floor":25.0,"key":"Eternal Feather"},{"floor":28.0,"key":"Self Forming Clay"},{"floor":30.0,"key":"Replay:Bottled Steam"},{"floor":34.0,"key":"Replay:Kaleidoscope"},{"floor":44.0,"key":"Grinning Jar"},{"floor":48.0,"key":"ReplayTheSpireMod:Ring of Addiction"},{"floor":48.0,"key":"White Beast Statue"},{"floor":48.0,"key":"SacredBark"},{"floor":48.0,"key":"Ring of Chaos"},{"floor":50.0,"key":"Ginger"},{"floor":56.0,"key":"Pear"},{"floor":58.0,"key":"ReplayTheSpireMod:Shallot"}],"event_choices":[{"damage_healed":0.0,"max_hp_gain":0.0,"max_hp_loss":0.0,"gold_gain":0.0,"event_name":"Golden Idol","player_choice":"Take Wound","floor":3.0,"gold_loss":0.0,"damage_taken":0.0,"relics_obtained":["Golden Idol"],"cards_obtained":["Injury"]},{"damage_healed":0.0,"max_hp_gain":0.0,"max_hp_loss":0.0,"gold_gain":175.0,"event_name":"Liars Game","player_choice":"AGREE","floor":14.0,"gold_loss":0.0,"damage_taken":0.0,"cards_obtained":["Doubt"]},{"damage_healed":0.0,"max_hp_gain":0.0,"max_hp_loss":0.0,"gold_gain":0.0,"event_name":"Upgrade Shrine","player_choice":"Upgraded","floor":23.0,"gold_loss":0.0,"damage_taken":0.0,"cards_upgraded":["Offering"]},{"damage_healed":0.0,"max_hp_gain":0.0,"max_hp_loss":0.0,"gold_gain":0.0,"event_name":"Accursed Blacksmith","player_choice":"Rummage","floor":41.0,"gold_loss":0.0,"damage_taken":0.0,"relics_obtained":["WarpedTongs"],"cards_obtained":["Pain"]},{"damage_healed":0.0,"max_hp_gain":0.0,"max_hp_loss":0.0,"gold_gain":0.0,"event_name":"Mysterious Sphere","player_choice":"Fight","floor":50.0,"gold_loss":0.0,"damage_taken":0.0}],"is_beta":false,"boss_relics":[{"not_picked":["Painkiller Herb","Replay:Bronze Core"],"picked":"Calling Bell"},{"not_picked":["Busted Crown","Runic Cube"],"picked":"Honey Jar"}],"items_purged_floors":[6,21,51],"is_endless":false,"potions_floor_spawned":[2,10,12,15,24,29,40,44,49,50,52,58],"ascension_level":1}}