{"host":"p5axfb00mxhraew6","time":1610959141,"event":{"mods":["Abigail Mod","Act Like it!","BaseMod","CapriCore","Friendly Minions","GifTheSpireLib","Jedi Mod","KomeijiMod","Lobotomy","MarisaÅiñ∂âJÅ@ñÇóùçπÅj","Minty Spire (QoL Compilation)","Prisma Mod","ReimuÅiîé??öÎÅj","RemiliaÅiÂQïƒ‰ª?Åj","SOSÅiézîb?îVéqÅj","StSLib","Td1madao Mod","The Alterego","The Immortal","The Problem Sleuth","Yakumo Yukari mod"],"gold_per_floor":[20,20,20,31,48,48,80,4,86,86,14,47,66,94,94,198,198,214,214,214,232,0,33,33,67,67,67,102,102,122,26,26,130,130,149,149,249,261,272,306,324,324,324,359,369,400,417,39,39,39,39,39,39,39,71,71],"floor_reached":57,"language":"ENG","playtime":3262,"items_purged":["Lust_TH"],"score":2283,"play_id":"25703d7d-154a-4961-94b9-309a1b229ef9","local_time":"20210118173901","is_ascension_mode":true,"campfire_choices":[{"data":"SpreadBorder2:ReiMu","floor":6.0,"key":"SMITH"},{"floor":10.0,"key":"REST"},{"floor":15.0,"key":"REST"},{"floor":24,"key":"REST"},{"floor":27,"key":"RECALL"},{"floor":29,"key":"REST"},{"floor":32,"key":"REST"},{"floor":42,"key":"REST"},{"floor":49,"key":"REST"},{"floor":53,"key":"REST"}],"circlet_count":0,"master_deck":["Strike_Lin:ReiMu","Strike_Lin:ReiMu","Strike_Lin:ReiMu","Defend_Lin:ReiMu","Defend_Lin:ReiMu","Defend_Lin:ReiMu","Defend_Lin:ReiMu","NB:ReiMu+1","Stagnation:ReiMu","SubAcupoint:ReiMu","ShadowOfCrow2:ReiMu+1","SpreadBorder2:ReiMu+1","Amulet:ReiMu","OctopathBindingBorder2:ReiMu+1","KyokaiOfKami:ReiMu+1","FantasyMoon:ReiMu+1","SpringWay:ReiMu+1","CleanRite:ReiMu+1","WonderfulDomain:ReiMu+1","SubcavityFantasy:ReiMu+1","Amulet:ReiMu+1","NineCharacters:ReiMu+1","OctopathBindingBorder2:ReiMu+1","YinYangSange:ReiMu+1","AlertArray:ReiMu+1","Amulet:ReiMu+1","Enchanting:ReiMu+1","EmergencyTakeOff:ReiMu+1","OctopathBindingBorder2:ReiMu+1","Amulet:ReiMu+1","SubcavityFantasy:ReiMu+1","CardOfSanctity:ReiMu+1","SpreadBorder2:ReiMu+1","OctopathBindingBorder2:ReiMu+1","NineCharacters:ReiMu+1","YinYangSign:ReiMu+1","UpKicking:ReiMu+1","MikOfLucky:ReiMu+1","SpreadBorder2:ReiMu+1","EmergencyTakeOff:ReiMu+1","AlertArray:ReiMu+1","RainPray2:ReiMu+1","AirManeuver:ReiMu+1","OctopathBindingBorder2:ReiMu+1","EmergencyTakeOff:ReiMu+1"],"relics":["FlyPower:ReiMu","Gambling Chip","Frozen Egg 2","FadedRune:ReiMu","Toxic Egg 2","RuthlessExorcism:ReiMu","Dream Catcher","Fusion Hammer","Centennial Puzzle","TentaclePot:ReiMu","Regal Pillow","Eternal Feather","Bottled Lightning","jedi:HeartOfTheCards","TungstenRod","Strawberry","Smiling Mask","Salt:ReiMu"],"acts_visited":["Exordium","TheCity","TheBeyond","TheEnding"],"potions_floor_usage":[21,40,40,55],"damage_taken":[{"damage":7.0,"enemies":"Cultist","floor":1.0,"turns":5.0},{"damage":0.0,"enemies":"2 Louse","floor":4.0,"turns":3.0},{"damage":1.0,"enemies":"Jaw Worm","floor":5.0,"turns":4.0},{"damage":35.0,"enemies":"Gremlin Nob","floor":7.0,"turns":6.0},{"damage":0.0,"enemies":"Lagavulin","floor":12.0,"turns":7.0},{"damage":2.0,"enemies":"Exordium Thugs","floor":13.0,"turns":4.0},{"damage":9.0,"enemies":"Gremlin Nob","floor":14.0,"turns":4.0},{"damage":0.0,"enemies":"Slime Boss","floor":16.0,"turns":12.0},{"damage":9.0,"enemies":"2 Thieves","floor":18.0,"turns":5.0},{"damage":5,"enemies":"Shell Parasite","floor":21,"turns":6},{"damage":18,"enemies":"Slavers","floor":23,"turns":5},{"damage":0,"enemies":"Gremlin Leader","floor":25,"turns":6},{"damage":0,"enemies":"Book of Stabbing","floor":28,"turns":5},{"damage":1,"enemies":"Shelled Parasite and Fungi","floor":30,"turns":7},{"damage":0,"enemies":"Collector","floor":33,"turns":8},{"damage":0,"enemies":"3 Darklings","floor":35,"turns":4},{"damage":0,"enemies":"3 Shapes","floor":38,"turns":3},{"damage":8,"enemies":"Maw","floor":39,"turns":7},{"damage":23,"enemies":"Reptomancer","floor":40,"turns":6},{"damage":1,"enemies":"Spire Growth","floor":41,"turns":5},{"damage":7,"enemies":"Nemesis","floor":44,"turns":7},{"damage":0,"enemies":"Jaw Worm Horde","floor":45,"turns":4},{"damage":0,"enemies":"Giant Head","floor":46,"turns":7},{"damage":6,"enemies":"Transient","floor":47,"turns":5},{"damage":0,"enemies":"Awakened One","floor":50,"turns":14},{"damage":24,"enemies":"Shield and Spear","floor":55,"turns":7},{"damage":13,"enemies":"The Heart","floor":56,"turns":11}],"seed_played":"-2744929658782150650","potions_obtained":[{"floor":1.0,"key":"jedi:tentaclejuice"},{"floor":12.0,"key":"DuplicationPotion"},{"floor":14.0,"key":"ColorlessPotion"},{"floor":30,"key":"PinkPotion:ReiMu"},{"floor":33,"key":"GrandPatriotsElixir:ReiMu"},{"floor":35,"key":"Regen Potion"},{"floor":39,"key":"jedi:StrikingPotion"},{"floor":40,"key":"GrandPatriotsElixir:ReiMu"},{"floor":47,"key":"GamblersBrew"},{"floor":55,"key":"Explosive Potion"}],"is_trial":false,"path_per_floor":["M","T","?","M","M","R","E","$","T","R","$","E","M","E","R","B",null,"M","?","?","M","$","E","R","E","T","R","E","R","M","$","R","B",null,"M","?","?","M","M","E","M","R","T","E","M","E","M","$","R","B",null,null,"R","$","E","B",null],"character_chosen":"REIMU","items_purchased":["OctopathBindingBorder2:ReiMu+1","KyokaiOfKami:ReiMu+1","TentaclePot:ReiMu","OctopathBindingBorder2:ReiMu+1","Amulet:ReiMu+1","Salt:ReiMu","AirManeuver:ReiMu+1"],"campfire_rested":8,"item_purchase_floors":[8,11,22,31,31,48,48],"current_hp_per_floor":[52,52,45,45,44,44,9,9,9,28,28,28,26,17,36,36,58,49,49,49,44,44,26,60,60,60,65,65,65,64,64,65,65,65,65,65,65,65,57,45,44,65,65,65,65,65,59,59,72,72,72,72,72,72,48,35],"gold":71,"neow_bonus":"ONE_RARE_RELIC","is_daily":false,"chose_seed":false,"campfire_upgraded":1,"win_rate":0.0,"timestamp":1610959141,"path_taken":["M","?","?","M","?","R","E","?","T","R","$","E","M","E","R","BOSS","M","?","?","M","$","E","R","E","T","R","E","R","?","?","R","BOSS","M","?","?","M","M","E","M","R","T","E","?","E","M","$","R","BOSS","R","$","E","BOSS"],"items_purchased_type":["Card","Card","Relic","Card","Card","Relic","Card"],"build_version":"2020-12-22","purchased_purges":1,"victory":true,"max_hp_per_floor":[65,65,65,65,65,65,65,65,65,65,65,65,65,65,65,65,65,65,65,65,65,65,65,65,65,65,65,65,65,65,65,65,65,65,65,65,65,65,65,65,65,65,65,72,72,72,72,72,72,72,72,72,72,72,72,72],"card_choices":[{"not_picked":["PassingAway:ReiMu","WonderfulDomain:ReiMu"],"picked":"SubAcupoint:ReiMu","floor":1.0},{"not_picked":["RainPray2:ReiMu","AlertArray:ReiMu"],"picked":"ShadowOfCrow2:ReiMu","floor":4.0},{"not_picked":["SubcavityInstant:ReiMu","SafetyPray:ReiMu"],"picked":"SpreadBorder2:ReiMu","floor":5.0},{"not_picked":["YinYangSange:ReiMu+1","MountainWay:ReiMu"],"picked":"Amulet:ReiMu","floor":7.0},{"not_picked":["Dreaming:ReiMu","Enchanting:ReiMu+1"],"picked":"FantasyMoon:ReiMu+1","floor":12.0},{"not_picked":["CareerPray:ReiMu+1","AirStrike:ReiMu"],"picked":"SpringWay:ReiMu+1","floor":13.0},{"not_picked":["SubcavityInstant:ReiMu+1","Enchanting:ReiMu+1"],"picked":"CleanRite:ReiMu+1","floor":14.0},{"not_picked":["Conquer:ReiMu","SafetyPray:ReiMu+1"],"picked":"WonderfulDomain:ReiMu+1","floor":15.0},{"not_picked":["CardOfSanctity:ReiMu+1","Determination:ReiMu"],"picked":"SubcavityFantasy:ReiMu+1","floor":16.0},{"not_picked":["Conquer:ReiMu","KamiSacrifice:ReiMu+1"],"picked":"Amulet:ReiMu+1","floor":18.0},{"not_picked":["WonderfulDomain:ReiMu+1","FineLineFantasy:ReiMu+1"],"picked":"NineCharacters:ReiMu+1","floor":21},{"not_picked":["Mountainwind:ReiMu+1","YinYangSange:ReiMu+1"],"picked":"OctopathBindingBorder2:ReiMu+1","floor":23},{"not_picked":["AlertArray:ReiMu+1","YinYangSign:ReiMu"],"picked":"YinYangSange:ReiMu+1","floor":24},{"not_picked":["SpiritualOutbreak2:ReiMu","Intuition:ReiMu+1"],"picked":"AlertArray:ReiMu+1","floor":25},{"not_picked":["UniversalSpiritual:ReiMu+1","OrbThrow:ReiMu"],"picked":"Amulet:ReiMu+1","floor":28},{"not_picked":["Meditation:ReiMu+1","BarrageOfMoneybags:ReiMu+1"],"picked":"Enchanting:ReiMu+1","floor":29},{"not_picked":["WonderfulDomain:ReiMu+1","Amulet:ReiMu+1"],"picked":"EmergencyTakeOff:ReiMu+1","floor":30},{"not_picked":["DoubleButterfly:ReiMu","RainPray2:ReiMu+1"],"picked":"SubcavityFantasy:ReiMu+1","floor":32},{"not_picked":["CeremonyResonance:ReiMu+1","Free:ReiMu+1"],"picked":"CardOfSanctity:ReiMu+1","floor":33},{"not_picked":["SubcavityInstant:ReiMu+1","FineLineFantasy:ReiMu+1"],"picked":"SpreadBorder2:ReiMu+1","floor":35},{"not_picked":["SpringWay:ReiMu+1","AirStrike:ReiMu"],"picked":"OctopathBindingBorder2:ReiMu+1","floor":38},{"not_picked":["AirStrike:ReiMu","Enchanting:ReiMu+1"],"picked":"NineCharacters:ReiMu+1","floor":39},{"not_picked":["SafetyPray:ReiMu+1","MountainWay:ReiMu+1"],"picked":"YinYangSign:ReiMu+1","floor":40},{"not_picked":["FantasyBorder:ReiMu+1","Intuition:ReiMu+1"],"picked":"UpKicking:ReiMu+1","floor":41},{"not_picked":["SafetyPray:ReiMu+1","SpreadBorder2:ReiMu+1"],"picked":"MikOfLucky:ReiMu+1","floor":42},{"not_picked":["Revelation:ReiMu+1","PrepareRite:ReiMu+1"],"picked":"SpreadBorder2:ReiMu+1","floor":44},{"not_picked":["Enchanting:ReiMu+1","Determination:ReiMu"],"picked":"EmergencyTakeOff:ReiMu+1","floor":45},{"not_picked":["Conquer:ReiMu","Meditation:ReiMu+1"],"picked":"AlertArray:ReiMu+1","floor":46},{"not_picked":["LearningPray:ReiMu+1","YinYangSange:ReiMu+1"],"picked":"RainPray2:ReiMu+1","floor":47},{"not_picked":["SpringWay:ReiMu+1","InherentArray:ReiMu+1"],"picked":"OctopathBindingBorder2:ReiMu+1","floor":49},{"not_picked":["RainPray2:ReiMu+1","OctopathSalyBorderN:ReiMu"],"picked":"EmergencyTakeOff:ReiMu+1","floor":55}],"player_experience":1248544,"relics_obtained":[{"floor":2.0,"key":"Frozen Egg 2"},{"floor":7.0,"key":"FadedRune:ReiMu"},{"floor":9.0,"key":"Toxic Egg 2"},{"floor":12.0,"key":"RuthlessExorcism:ReiMu"},{"floor":14.0,"key":"Dream Catcher"},{"floor":19.0,"key":"Centennial Puzzle"},{"floor":23,"key":"Regal Pillow"},{"floor":25,"key":"Eternal Feather"},{"floor":26,"key":"Bottled Lightning"},{"floor":28,"key":"jedi:HeartOfTheCards"},{"floor":40,"key":"TungstenRod"},{"floor":44,"key":"Strawberry"},{"floor":46,"key":"Smiling Mask"}],"event_choices":[{"cards_removed":["Strike_Lin:ReiMu"],"damage_healed":0.0,"max_hp_gain":0.0,"max_hp_loss":0.0,"gold_gain":0.0,"event_name":"Golden Wing","player_choice":"Card Removal","floor":3.0,"gold_loss":0.0,"damage_taken":7.0},{"damage_healed":0,"gold_gain":0,"player_choice":"Ignored","damage_taken":0,"max_hp_gain":0,"max_hp_loss":0,"event_name":"Tomb of Lord Red Mask","floor":36,"gold_loss":0},{"damage_healed":0,"gold_gain":100,"player_choice":"Pray","damage_taken":0,"max_hp_gain":0,"max_hp_loss":0,"event_name":"Golden Shrine","floor":37,"gold_loss":0}],"is_beta":false,"boss_relics":[{"not_picked":["RedLine:ReiMu","Cursed Key"],"picked":"Fusion Hammer"},{"not_picked":["Coffee Dripper","Sozu","Runic Dome"]}],"items_purged_floors":[22],"is_endless":false,"potions_floor_spawned":[1,12,14,30,33,35,39,40,47,55],"ascension_level":9}}