{"host":"1a3cjta80tad0aqj","time":1610987635,"event":{"mods":["2.2 Compatiblity","AchievementEnabler","BaseMod","Colored Map","DeckTracker","KOR Keyword Fix","Keyboard Shortcuts","Minty Spire (QoL Compilation)","Permanent Neow","Quick Restart","Random Character Button","StSLib","SuperFastMode","everything is the same but u backflip on backflip"],"gold_per_floor":[110,110,120,130,76,76,89,89,143,143,159,175,175,175,175,175,175],"floor_reached":16,"language":"KOR","playtime":549,"items_purged":[],"score":166,"play_id":"07273f9e-e20d-4af2-ba8d-744a3ff2e9cc","local_time":"20210119013355","is_ascension_mode":true,"campfire_choices":[{"data":"Eruption","floor":6.0,"key":"SMITH"},{"data":"ClearTheMind","floor":8.0,"key":"SMITH"},{"data":"Tantrum","floor":10.0,"key":"SMITH"},{"data":"Adaptation","floor":13,"key":"SMITH"},{"floor":15,"key":"REST"}],"circlet_count":0,"master_deck":["AscendersBane","Strike_P","Strike_P","Strike_P","Strike_P","Defend_P","Defend_P","Defend_P","Eruption+1","Vigilance","SashWhip","CutThroughFate","Tantrum+1","ClearTheMind+1","EmptyFist","Adaptation+1"],"relics":["PureWater","Toy Ornithopter"],"acts_visited":[],"potions_floor_usage":[],"damage_taken":[{"damage":9.0,"enemies":"2 Louse","floor":1.0,"turns":3.0},{"damage":2.0,"enemies":"Cultist","floor":3.0,"turns":4.0},{"damage":2.0,"enemies":"Jaw Worm","floor":4.0,"turns":4.0},{"damage":12.0,"enemies":"3 Louse","floor":7.0,"turns":2.0},{"damage":0.0,"enemies":"Large Slime","floor":11.0,"turns":4.0},{"damage":5,"enemies":"Gremlin Gang","floor":12,"turns":2},{"damage":48,"enemies":"The Guardian","floor":16,"turns":10}],"seed_played":"-3726508197202251339","potions_obtained":[{"floor":7.0,"key":"LiquidBronze"}],"is_trial":false,"path_per_floor":["M","?","M","M","$","R","M","R","T","R","M","M","R","?","R","B"],"character_chosen":"WATCHER","items_purchased":["ClearTheMind"],"campfire_rested":1,"item_purchase_floors":[5],"current_hp_per_floor":[52,52,50,48,48,48,36,36,36,36,36,31,31,31,51,3,3],"gold":175,"neow_bonus":"THREE_CARDS","is_daily":false,"chose_seed":false,"campfire_upgraded":4,"win_rate":0.0,"timestamp":1610987635,"path_taken":["M","?","M","M","$","R","M","R","T","R","M","?","R","?","R","BOSS"],"items_purchased_type":["Card"],"build_version":"2020-12-22","purchased_purges":0,"victory":false,"max_hp_per_floor":[68,68,68,68,68,68,68,68,68,68,68,68,68,68,68,68,68],"card_choices":[{"not_picked":["WaveOfTheHand","Consecrate"],"picked":"SashWhip","floor":0.0},{"not_picked":["Evaluate","FlurryOfBlows"],"picked":"CutThroughFate","floor":1.0},{"not_picked":["SashWhip","Wireheading","JustLucky"],"picked":"SKIP","floor":3.0},{"not_picked":["SignatureMove","Sanctity"],"picked":"Tantrum","floor":4.0},{"not_picked":["Wireheading","ThirdEye","JustLucky"],"picked":"SKIP","floor":7.0},{"not_picked":["CrushJoints","FlyingSleeves"],"picked":"EmptyFist","floor":11.0},{"not_picked":["Wireheading","Protect"],"picked":"Adaptation","floor":12}],"player_experience":746027,"relics_obtained":[{"floor":9.0,"key":"Toy Ornithopter"}],"event_choices":[{"cards_removed":["Defend_P"],"damage_healed":0.0,"max_hp_gain":0.0,"max_hp_loss":0.0,"gold_gain":0.0,"event_name":"Bonfire Elementals","player_choice":"Offered Basic","floor":2.0,"gold_loss":0.0,"damage_taken":0.0},{"damage_healed":0,"gold_gain":0,"player_choice":"Ignored","damage_taken":0,"max_hp_gain":0,"max_hp_loss":0,"event_name":"Liars Game","floor":14,"gold_loss":0}],"is_beta":false,"boss_relics":[],"items_purged_floors":[],"is_endless":false,"potions_floor_spawned":[7],"killed_by":"The Guardian","ascension_level":16}}