{"host":"txhhdwa0hqfs4jhb","time":1610999103,"event":{"mods":["BaseMod","Better Third Choice","Filter the Spire","Fox Events","Minty Spire (QoL Compilation)","Relic Stats","Replay The Spire","StSLib","Thieving Mod"],"gold_per_floor":[113,45,45,62,62,94,52,78,104,114,131,131,56,73,73,174,174,194,30,30,570,588,588,37,57,81,97,123,161,161,214,214,350,350,375,18,41,41,65,65,123,123,150,204,248,248,96,96,96,148],"floor_reached":51,"language":"ENG","playtime":1571,"items_purged":["Strike_P","Strike_P","Strike_P","Writhe"],"score":1245,"play_id":"9dc0423c-8767-432c-972a-f4e18a0901eb","local_time":"20210118194502","is_ascension_mode":true,"campfire_choices":[{"floor":12.0,"key":"REST"},{"data":"Ragnarok","floor":15.0,"key":"SMITH"},{"floor":23,"key":"REST"},{"floor":30,"key":"REST"},{"floor":32,"key":"DIG"},{"data":"ReplayTheSpireMod:Omega Cannon","floor":40,"key":"SMITH"},{"data":"TalkToTheHand","floor":42,"key":"SMITH"},{"data":"Doubt","floor":49,"key":"PURGE"}],"circlet_count":0,"master_deck":["Strike_P","Defend_P+1","Defend_P","Defend_P","Eruption","Vigilance","AbeCurse","PathToVictory+1","Wallop","MentalFortress+1","FollowUp","MentalFortress","Ragnarok+1","WheelKick","Ragnarok","Omniscience","Crippling Poison","ReplayTheSpireMod:Omega Cannon+1","CurseOfTheBell","Blood for Blood+1","Ragnarok+1","TalkToTheHand+1","Quick Slash+1","Reinforced Body+1","Heavy Blade+1"],"relics":["PureWater","Snecko Eye","Abe\u0027s Treasure","Gremlin Food","PreservedInsect","Regal Pillow","betterThird:SlimedRelic","Toy Ornithopter","Replay:Baseball","Black Star","Ginger","PrismaticShard","Damaru","Ancient Tea Set","Vajra","Replay:Bandana","Incense Burner","Happy Flower","Replay:Mystery Machine","Dream Catcher","Calling Bell","Bronze Scales","Sundial","Peace Pipe","DollysMirror","Pocketwatch","Orichalcum","Anchor","Darkstone Periapt","ReplayFunnel","ReplayTheSpireMod:TigerMarble","ReplayTheSpireMod:Ring of Addiction","White Beast Statue","SacredBark","Ring of Fury","ReplayTheSpireMod:CursedCoin","Oddly Smooth Stone"],"acts_visited":["Exordium","TheCity","TheBeyond"],"potions_floor_usage":[50,50,50],"damage_taken":[{"damage":9.0,"enemies":"Jaw Worm","floor":1.0,"turns":2.0},{"damage":0.0,"enemies":"Cultist","floor":4.0,"turns":2.0},{"damage":0.0,"enemies":"Lagavulin","floor":6.0,"turns":4.0},{"damage":16.0,"enemies":"3 Sentries","floor":8.0,"turns":3.0},{"damage":0.0,"enemies":"Small Slimes","floor":10.0,"turns":2.0},{"damage":0.0,"enemies":"2 Fungi Beasts","floor":11.0,"turns":3.0},{"damage":0.0,"enemies":"3 Louse","floor":14.0,"turns":1.0},{"damage":0.0,"enemies":"Slime Boss","floor":16.0,"turns":3.0},{"damage":0.0,"enemies":"3 Byrds","floor":18.0,"turns":2.0},{"damage":0,"enemies":"Chosen","floor":22,"turns":1},{"damage":0,"enemies":"Snecko","floor":25,"turns":2},{"damage":0,"enemies":"Snake Plant","floor":27,"turns":2},{"damage":0,"enemies":"Gremlin Leader","floor":28,"turns":2},{"damage":0,"enemies":"Shelled Parasite and Fungi","floor":29,"turns":2},{"damage":0,"enemies":"Slavers","floor":31,"turns":3},{"damage":1,"enemies":"Champ","floor":33,"turns":5},{"damage":0,"enemies":"Orb Walker","floor":35,"turns":1},{"damage":0,"enemies":"Reptomancer","floor":41,"turns":1},{"damage":10,"enemies":"3 Darklings","floor":44,"turns":2},{"damage":16,"enemies":"4 Shapes","floor":45,"turns":2},{"damage":0,"enemies":"Awakened One","floor":50,"turns":4}],"seed_played":"1116666771178409045","potions_obtained":[{"floor":4.0,"key":"Ancient Potion"},{"floor":6.0,"key":"SpeedPotion"},{"floor":11.0,"key":"Venom Potion"},{"floor":14.0,"key":"ColorlessPotion"},{"floor":22,"key":"CultistPotion"}],"is_trial":false,"path_per_floor":["M","$","?","M","$","E","?","E","T","M","M","R","$","M","R","B",null,"M","$","?","?","M","R","$","M","T","M","E","M","R","E","R","B",null,"M","$","?","$","T","R","E","R","T","M","M","?","$","?","R","B",null],"character_chosen":"WATCHER","items_purchased":["Wallop","Omniscience","PrismaticShard","Damaru","Ancient Tea Set","DollysMirror","TalkToTheHand","ReplayTheSpireMod:CursedCoin","Oddly Smooth Stone"],"campfire_rested":3,"item_purchase_floors":[2,19,24,24,24,36,36,47,47],"current_hp_per_floor":[63,63,63,63,63,63,52,36,36,36,36,72,72,72,72,72,72,72,72,72,15,15,51,51,51,51,51,51,51,72,72,72,71,72,72,72,72,72,72,72,72,72,72,62,46,46,52,84,84,82],"gold":148,"neow_bonus":"DOUBLE_BOSS_RELIC","is_daily":false,"chose_seed":false,"campfire_upgraded":3,"win_rate":0.0,"timestamp":1610999102,"path_taken":["M","$","?","?","$","E","?","E","T","M","M","R","$","M","R","BOSS","M","$","?","?","M","R","$","M","T","?","E","M","R","E","R","BOSS","M","$","?","?","?","R","E","R","T","?","M","?","$","?","R","BOSS"],"items_purchased_type":["Card","Card","Relic","Relic","Relic","Relic","Card","Relic","Relic"],"build_version":"2020-12-22","purchased_purges":4,"victory":true,"max_hp_per_floor":[72,72,72,72,72,72,72,72,72,72,72,72,72,72,72,72,72,72,72,72,72,72,72,72,72,72,72,72,72,72,72,72,72,72,72,72,72,72,72,72,72,72,72,72,72,72,78,84,84,82],"relic_stats":{"Darkstone Periapt":12,"Regal Pillow":30,"Happy Flower":[5],"counters":[21,49],"PreservedInsect":201,"Ginger":[3],"Orichalcum":[12],"Peace Pipe":1,"Dream Catcher":0,"Sundial":[0],"Bronze Scales":[21],"Snecko Eye":[95,78,92,77],"Black Star":3,"obtain_stats":[{"Darkstone Periapt":41,"ReplayFunnel":41,"Regal Pillow":6,"SacredBark":46,"Vajra":26,"Incense Burner":28,"Ginger":19,"Replay:Mystery Machine":31,"PrismaticShard":24,"Ancient Tea Set":24,"Replay:Bandana":28,"Dream Catcher":32,"Sundial":34,"DollysMirror":36,"Gremlin Food":2,"Happy Flower":31,"ReplayTheSpireMod:CursedCoin":47,"ReplayTheSpireMod:Ring of Addiction":46,"Damaru":24,"Oddly Smooth Stone":47,"PreservedInsect":5,"Orichalcum":38,"White Beast Statue":46,"Calling Bell":34,"Peace Pipe":34,"Replay:Baseball":9,"Anchor":39,"betterThird:SlimedRelic":7,"Bronze Scales":34,"Snecko Eye":0,"Ring of Fury":46,"Black Star":17,"ReplayTheSpireMod:TigerMarble":43,"PureWater":0,"Abe\u0027s Treasure":0,"Toy Ornithopter":8,"Pocketwatch":37},{"Darkstone Periapt":18,"ReplayFunnel":18,"Regal Pillow":3,"SacredBark":20,"Vajra":11,"Incense Burner":13,"Ginger":9,"Replay:Mystery Machine":15,"PrismaticShard":10,"Ancient Tea Set":10,"Replay:Bandana":13,"Dream Catcher":15,"Sundial":16,"DollysMirror":17,"Gremlin Food":1,"Happy Flower":15,"ReplayTheSpireMod:CursedCoin":20,"ReplayTheSpireMod:Ring of Addiction":20,"Damaru":10,"Oddly Smooth Stone":20,"PreservedInsect":2,"Orichalcum":17,"White Beast Statue":20,"Calling Bell":16,"Peace Pipe":16,"Replay:Baseball":4,"Anchor":17,"betterThird:SlimedRelic":3,"Bronze Scales":16,"Snecko Eye":0,"Ring of Fury":20,"Black Star":8,"ReplayTheSpireMod:TigerMarble":18,"PureWater":0,"Abe\u0027s Treasure":0,"Toy Ornithopter":4,"Pocketwatch":17},{"Darkstone Periapt":41,"ReplayFunnel":41,"Regal Pillow":8,"SacredBark":45,"Vajra":25,"Incense Burner":29,"Ginger":22,"Replay:Mystery Machine":34,"PrismaticShard":23,"Ancient Tea Set":23,"Replay:Bandana":29,"Dream Catcher":34,"Sundial":39,"DollysMirror":40,"Gremlin Food":2,"Happy Flower":34,"ReplayTheSpireMod:CursedCoin":45,"ReplayTheSpireMod:Ring of Addiction":45,"Damaru":23,"Oddly Smooth Stone":45,"PreservedInsect":4,"Orichalcum":40,"White Beast Statue":45,"Calling Bell":39,"Peace Pipe":39,"Replay:Baseball":11,"Anchor":40,"betterThird:SlimedRelic":8,"Bronze Scales":39,"Snecko Eye":0,"Ring of Fury":45,"Black Star":20,"ReplayTheSpireMod:TigerMarble":41,"PureWater":0,"Abe\u0027s Treasure":0,"Toy Ornithopter":11,"Pocketwatch":40}],"Toy Ornithopter":0,"Pocketwatch":[3]},"card_choices":[{"not_picked":["FlyingSleeves","MentalFortress"],"picked":"PathToVictory","floor":1.0},{"not_picked":["EmptyMind","EmptyBody"],"picked":"MentalFortress","floor":4.0},{"not_picked":["Halt","Sanctity","FlurryOfBlows"],"picked":"SKIP","floor":6.0},{"not_picked":["Collect","Sanctity","Evaluate"],"picked":"SKIP","floor":8.0},{"not_picked":["EmptyBody","Prostrate"],"picked":"FollowUp","floor":10.0},{"not_picked":["ClearTheMind","EmptyFist"],"picked":"MentalFortress","floor":11.0},{"not_picked":["CarveReality","SashWhip"],"picked":"WheelKick","floor":14.0},{"not_picked":["SpiritShield","Replay:LoomingThreat"],"picked":"Ragnarok","floor":16.0},{"not_picked":["JustLucky","Crescendo+1","ThirdEye"],"picked":"SKIP","floor":18.0},{"not_picked":["ClearTheMind","Meditate","Replay:Battleflow"],"picked":"SKIP","floor":22},{"not_picked":["Replay:BluntJabs+1","Concentrate","ThirdEye"],"picked":"SKIP","floor":25},{"not_picked":["Venomology","Blade Dance","Armaments"],"picked":"SKIP","floor":27},{"not_picked":["Sweeping Beam","ReachHeaven","Replay:AllIn"],"picked":"SKIP","floor":28},{"not_picked":["Poisoned Stab","ReplayGash+1"],"picked":"Crippling Poison","floor":29},{"not_picked":["Infernal Blade","Blade Dance","Prepared"],"picked":"SKIP","floor":31},{"not_picked":["Transmutation","Envenom"],"picked":"ReplayTheSpireMod:Omega Cannon","floor":33},{"not_picked":["ReplayTheSpireMod:Exploit Weakness+1","Go for the Eyes+1"],"picked":"Blood for Blood+1","floor":35},{"not_picked":["Genetic Algorithm","Sweeping Beam+1"],"picked":"Quick Slash+1","floor":37},{"not_picked":["Replay:Undeath\u0027s Touch+1","Anger","Panacea+1"],"picked":"SKIP","floor":41},{"not_picked":["Cleave+1","Replay:Undeath\u0027s Touch+1"],"picked":"Reinforced Body+1","floor":44},{"not_picked":["PiercingWail","ClearTheMind"],"picked":"Heavy Blade+1","floor":45}],"player_experience":262762,"relics_obtained":[{"floor":6.0,"key":"Regal Pillow"},{"floor":8.0,"key":"Toy Ornithopter"},{"floor":9.0,"key":"Replay:Baseball"},{"floor":26,"key":"Vajra"},{"floor":28,"key":"Replay:Bandana"},{"floor":28,"key":"Incense Burner"},{"floor":31,"key":"Happy Flower"},{"floor":31,"key":"Replay:Mystery Machine"},{"floor":32,"key":"Dream Catcher"},{"floor":34,"key":"Bronze Scales"},{"floor":34,"key":"Sundial"},{"floor":34,"key":"Peace Pipe"},{"floor":37,"key":"Pocketwatch"},{"floor":39,"key":"Anchor"},{"floor":41,"key":"Darkstone Periapt"},{"floor":41,"key":"ReplayFunnel"},{"floor":43,"key":"ReplayTheSpireMod:TigerMarble"},{"floor":46,"key":"ReplayTheSpireMod:Ring of Addiction"},{"floor":46,"key":"White Beast Statue"},{"floor":46,"key":"SacredBark"},{"floor":46,"key":"Ring of Fury"}],"event_choices":[{"cards_removed":["Defend_P"],"damage_healed":0.0,"max_hp_gain":0.0,"max_hp_loss":0.0,"gold_gain":0.0,"event_name":"Bonfire Elementals","player_choice":"Offered Basic","floor":3.0,"gold_loss":0.0,"damage_taken":0.0},{"damage_healed":0.0,"max_hp_gain":0.0,"max_hp_loss":0.0,"gold_gain":0.0,"event_name":"betterThird:BetterGoop","player_choice":"Slimed","floor":7.0,"gold_loss":42.0,"damage_taken":11.0},{"damage_healed":0,"gold_gain":0,"player_choice":"Ignored","damage_taken":0,"max_hp_gain":0,"max_hp_loss":0,"event_name":"Vampires","floor":20,"gold_loss":0},{"damage_healed":0,"gold_gain":540,"player_choice":"GOLD GOLD GOLD GOLD GOLD GOLD ","damage_taken":57,"max_hp_gain":0,"max_hp_loss":0,"event_name":"Knowing Skull","floor":21,"potions_obtained":[],"gold_loss":0,"cards_obtained":[]},{"damage_healed":26,"gold_gain":0,"player_choice":"Heal","damage_taken":0,"max_hp_gain":0,"max_hp_loss":0,"event_name":"MindBloom","floor":48,"gold_loss":0,"cards_obtained":["Doubt"]}],"is_beta":false,"boss_relics":[{"not_picked":["Ring of Chaos","Busted Crown"],"picked":"Black Star"},{"not_picked":["Astrolabe","Coffee Dripper"],"picked":"Calling Bell"}],"items_purged_floors":[13,24,36,47],"is_endless":false,"potions_floor_spawned":[4,6,11,14,22,27,29,33],"ascension_level":5}}