{"host":"7l2t4psy44vpcd9q","time":1610934271,"event":{"mods":["AchievementEnabler","BaseMod","DeckTracker","Minty Spire (QoL Compilation)","SuperFastMode"],"gold_per_floor":[114,128,138,155,168,168,197,197,197,231,245,256,181,200,200,277,277,297,315,6,26,40,40,40,40,40],"floor_reached":25,"language":"KOR","playtime":1018,"items_purged":["Strike_B","Strike_B"],"score":488,"play_id":"d116a172-1926-4e5a-928b-21999367deb1","local_time":"20210118104431","is_ascension_mode":true,"campfire_choices":[{"floor":6,"key":"REST"},{"data":"Consume","floor":8,"key":"SMITH"},{"floor":15,"key":"REST"},{"floor":23,"key":"REST"}],"circlet_count":0,"master_deck":["AscendersBane","Strike_B","Strike_B","Defend_B","Defend_B","Defend_B","Defend_B","Zap+1","Dualcast","Ball Lightning","Steam Power+1","Consume+1","Leap","Cold Snap","Ball Lightning","Blizzard","Chaos","Echo Form+1","Hologram+1","Heatsinks+1","Loop+1","Undo","FTL","Self Repair+1"],"relics":["Cracked Core","InkBottle","Cables","Frozen Egg 2","Nuclear Battery","Membership Card"],"acts_visited":["Exordium","TheCity"],"potions_floor_usage":[7,16,16,19,21,22],"damage_taken":[{"damage":0,"enemies":"Cultist","floor":1,"turns":3},{"damage":2,"enemies":"Jaw Worm","floor":2,"turns":3},{"damage":8,"enemies":"2 Louse","floor":3,"turns":2},{"damage":17,"enemies":"Lots of Slimes","floor":4,"turns":3},{"damage":20,"enemies":"2 Fungi Beasts","floor":5,"turns":4},{"damage":0,"enemies":"Lagavulin","floor":7,"turns":6},{"damage":11,"enemies":"Gremlin Nob","floor":10,"turns":3},{"damage":5,"enemies":"Looter","floor":11,"turns":3},{"damage":0,"enemies":"Red Slaver","floor":12,"turns":3},{"damage":0,"enemies":"Large Slime","floor":14,"turns":4},{"damage":9,"enemies":"Hexaghost","floor":16,"turns":6},{"damage":26,"enemies":"3 Byrds","floor":18,"turns":4},{"damage":5,"enemies":"Shell Parasite","floor":19,"turns":5},{"damage":17,"enemies":"Snecko","floor":21,"turns":5},{"damage":8,"enemies":"Centurion and Healer","floor":22,"turns":7},{"damage":34,"enemies":"Cultist and Chosen","floor":25,"turns":4}],"seed_played":"-6516550338219411958","potions_obtained":[{"floor":4,"key":"ColorlessPotion"},{"floor":5,"key":"Dexterity Potion"},{"floor":10,"key":"Weak Potion"},{"floor":16,"key":"Dexterity Potion"},{"floor":19,"key":"Energy Potion"}],"is_trial":false,"path_per_floor":["M","M","M","M","M","R","E","R","T","E","M","M","$","M","R","B",null,"M","M","$","M","M","R","?","M"],"character_chosen":"DEFECT","items_purchased":["Membership Card","Loop+1","Undo","DistilledChaos"],"campfire_rested":3,"item_purchase_floors":[20,20,20,20],"current_hp_per_floor":[64,62,54,37,17,38,38,38,38,27,22,22,22,22,43,34,62,36,31,31,14,6,27,27,0,0],"gold":40,"neow_bonus":"UPGRADE_CARD","is_daily":false,"chose_seed":false,"campfire_upgraded":1,"win_rate":0.0,"timestamp":1610934271,"path_taken":["M","M","M","M","M","R","E","R","T","E","M","M","?","M","R","BOSS","M","M","$","M","M","R","?","?"],"items_purchased_type":["Relic","Card","Card","Potion"],"build_version":"2020-12-22","purchased_purges":2,"victory":false,"max_hp_per_floor":[71,71,71,71,71,71,71,71,71,71,71,71,71,71,71,71,71,71,71,71,71,71,71,71,71,71],"card_choices":[{"not_picked":["Stack","Turbo","Blizzard"],"picked":"SKIP","floor":1},{"not_picked":["Hologram","Rebound"],"picked":"Ball Lightning","floor":2},{"not_picked":["Double Energy","Hello World"],"picked":"Steam Power","floor":3},{"not_picked":["Recycle","Streamline"],"picked":"Consume","floor":4},{"not_picked":["Aggregate","Lockon"],"picked":"Leap","floor":5},{"not_picked":["Streamline","Ball Lightning"],"picked":"Cold Snap","floor":7},{"not_picked":["Coolheaded","Force Field"],"picked":"Ball Lightning","floor":10},{"not_picked":["Steam Power","Streamline"],"picked":"Blizzard","floor":11},{"not_picked":["Barrage","Stack"],"picked":"Chaos","floor":12},{"not_picked":["Sweeping Beam","Storm+1","Go for the Eyes"],"picked":"SKIP","floor":14},{"not_picked":["Fission","Seek"],"picked":"Echo Form+1","floor":16},{"not_picked":["Gash","BootSequence"],"picked":"Hologram+1","floor":18},{"not_picked":["Rebound","Gash"],"picked":"Heatsinks+1","floor":19},{"not_picked":["Undo","Leap"],"picked":"FTL","floor":21},{"not_picked":["Scrape","White Noise"],"picked":"Self Repair+1","floor":22}],"player_experience":1252937,"relics_obtained":[{"floor":7,"key":"InkBottle"},{"floor":9,"key":"Cables"},{"floor":10,"key":"Frozen Egg 2"}],"event_choices":[{"damage_healed":0,"gold_gain":0,"player_choice":"Forge","damage_taken":0,"max_hp_gain":0,"max_hp_loss":0,"event_name":"Accursed Blacksmith","floor":24,"gold_loss":0,"cards_upgraded":["Steam Power"]}],"is_beta":false,"boss_relics":[{"not_picked":["Pandora\u0027s Box","Runic Dome"],"picked":"Nuclear Battery"}],"items_purged_floors":[13,20],"is_endless":false,"potions_floor_spawned":[4,5,10,12,16,19],"killed_by":"Cultist and Chosen","ascension_level":20}}