{"host":"hzswyuuwdl03wwzr","time":1610959895,"event":{"mods":["100% Spire Juice","ATMod(∞¢Ë™Mod)","AchievementEnabler","Act Like it!","Arknights The Spire","BaseMod","Gensokyo","Hallownest","Marisa£®ÏF”Í°°ƒß¿Ì…≥£©","Minty Spire (QoL Compilation)","Remilia£®¿Ÿ√◊¿Ú—«£©","Replay The Spire","Robot Space Explorer","StSLib","The Bug Knight","The Dragon Tamer","The Marked","The Servant 0.9.4","Yakumo Yukari mod","Youmu£®ªÍ∆«—˝√Œ£©","°æπ¶ƒ‹Mod°øªÏ„Á÷Æª∑–ﬁ∏¥≤π∂°","°æ“≈ŒÔø®≈∆°øREMEMod"],"gold_per_floor":[112,112,112,112,129,160,160,184,209,60,60,78,88,99,99,99,99],"floor_reached":16,"language":"ZHS","playtime":408,"items_purged":[],"score":125,"play_id":"89458cab-91ba-46f9-a15e-dce694728405","local_time":"20210118165135","is_ascension_mode":false,"campfire_choices":[{"data":"theMarked:HeritageOfTheMarked","floor":7,"key":"SMITH"},{"data":"theMarked:MaelstromOfLightning","floor":15,"key":"SMITH"}],"circlet_count":0,"master_deck":["theMarked:Strike","theMarked:Strike","theMarked:Strike","theMarked:Strike","theMarked:Strike","theMarked:Defend","theMarked:Defend","theMarked:Defend","theMarked:Defend","theMarked:SoldierOfQuellstein+1","theMarked:Frustration","Hallownest:curseDreamersLament","theMarked:HeritageOfTheMarked+1","theMarked:AttractMetal","theMarked:Defy","theMarked:MaelstromOfLightning+1"],"relics":["theMarked:ArtifactOfAir","AT_ATBox","REME_ComplimentaryCards","NeowsBlessing","Hallownest:TeacherSealRelic","Vajra","AT_SpeedBoots","ReplayTheSpireMod:TigerMarble"],"acts_visited":["Hallownest:Greenpath"],"potions_floor_usage":[16,16,16],"damage_taken":[{"damage":0,"enemies":"Hallownest:monsterHuskWarrior","floor":1,"turns":1},{"damage":1,"enemies":"Hallownest:monsterHuskGuard","floor":5,"turns":1},{"damage":0,"enemies":"Hallownest:eliteCrystalGuardian","floor":6,"turns":1},{"damage":0,"enemies":"Hallownest:2_Baldur","floor":12,"turns":1},{"damage":20,"enemies":"Hallownest:1_Baldur_1_Crawlid_1_Warrior","floor":13,"turns":5},{"damage":10,"enemies":"Hallownest:Guard_and_Warrior","floor":14,"turns":6},{"damage":40,"enemies":"Hallownest:BossHornet","floor":16,"turns":6}],"seed_played":"1126783283995082378","potions_obtained":[{"floor":5,"key":"ColorlessPotion"},{"floor":6,"key":"Dexterity Potion"},{"floor":14,"key":"Strength Potion"}],"is_trial":false,"path_per_floor":["M","?","?","?","M","E","R","T","T","$","?","M","M","M","R","B"],"character_chosen":"THE_DEFAULT","items_purchased":["ReplayTheSpireMod:TigerMarble"],"campfire_rested":0,"item_purchase_floors":[10],"current_hp_per_floor":[70,70,70,70,69,69,69,69,69,69,69,69,49,39,39,0,0],"gold":99,"neow_bonus":"THREE_ENEMY_KILL","is_daily":false,"chose_seed":false,"campfire_upgraded":2,"win_rate":0.0,"timestamp":1610959895,"path_taken":["M","?","?","?","M","E","R","?","T","$","?","M","?","M","R","BOSS"],"items_purchased_type":["Relic"],"build_version":"2020-12-22","purchased_purges":0,"victory":false,"max_hp_per_floor":[70,70,70,70,70,70,70,70,70,70,70,70,70,70,70,70,70],"card_choices":[{"not_picked":["theMarked:WastefulDefense","theMarked:MaelstromOfLightning"],"picked":"theMarked:Frustration","floor":1},{"not_picked":["theMarked:HeightenedSenses","theMarked:Static","theMarked:Improvise"],"picked":"SKIP","floor":5},{"not_picked":["theMarked:ParalyzingBlade","theMarked:WastefulAttack"],"picked":"theMarked:HeritageOfTheMarked","floor":6},{"not_picked":["theMarked:Static","theMarked:Parkour"],"picked":"theMarked:AttractMetal","floor":12},{"not_picked":["theMarked:ParalyzingBlade","theMarked:TunnelVision"],"picked":"theMarked:Defy","floor":13},{"not_picked":["theMarked:DeterminationOfTheMarked","theMarked:Indomitable"],"picked":"theMarked:MaelstromOfLightning","floor":14}],"player_experience":29717,"relics_obtained":[{"floor":6,"key":"Vajra"},{"floor":8,"key":"AT_SpeedBoots"}],"event_choices":[],"is_beta":false,"boss_relics":[],"items_purged_floors":[],"is_endless":false,"potions_floor_spawned":[5,6,14],"killed_by":"Hallownest:BossHornet","ascension_level":0}}