{"host":"rolltorest","time":1610931417,"event":{"mods":["BaseMod","Minty Spire (QoL Compilation)","Relic Stats","Slay the Relics Exporter","StSLib"],"gold_per_floor":[99,99,99,99,18,18,18,18,18,18,18,18,18,18,18,18,18,0,0,0,0,0,0,0,0,0,0,0,0,0,0,0,0,0,0,0,0,0,0,0,0,0,0,0,0,0,0,0,0,0,0,0],"floor_reached":51,"language":"ENG","playtime":1336,"items_purged":[],"score":1736,"play_id":"3b239b18-265b-419e-8605-1ed6b3510c1c","local_time":"20210117165657","is_ascension_mode":true,"campfire_choices":[{"data":"Perfected Strike","floor":11,"key":"SMITH"},{"data":"Thunderclap","floor":15,"key":"SMITH"},{"data":"Immolate","floor":24,"key":"SMITH"},{"data":"Disarm","floor":32,"key":"SMITH"},{"data":"Heavy Blade","floor":42,"key":"SMITH"},{"floor":46,"key":"RECALL"},{"floor":49,"key":"REST"}],"circlet_count":0,"master_deck":["AscendersBane","Strike_R","Strike_R","Strike_R","Defend_R+1","Defend_R","Defend_R","Defend_R","Bash","Perfected Strike+1","Perfected Strike+1","Battle Trance+1","Thunderclap+1","Dark Embrace+1","Immolate+1","Clothesline","True Grit+1","Necronomicurse","Evolve+1","Double Tap","Normality","Metallicize+1","Armaments+1","Reckless Charge","Disarm+1","Offering","Spot Weakness","Shrug It Off","Sentinel+1","Writhe","Shockwave","Heavy Blade+1","Clumsy","Pommel Strike+1","Parasite","Battle Trance"],"relics":["Ectoplasm","PreservedInsect","Meat on the Bone","Frozen Egg 2","Gremlin Horn","StrikeDummy","Cursed Key","Necronomicon","War Paint","Du-Vu Doll","Matryoshka","Gambling Chip","Ancient Tea Set","SacredBark","Pantograph","Mango","Calipers","Strawberry","Bronze Scales","The Courier"],"acts_visited":["Exordium","TheCity","TheBeyond"],"potions_floor_usage":[20,33,51],"damage_taken":[{"damage":1,"enemies":"Cultist","floor":1,"turns":4},{"damage":0,"enemies":"Small Slimes","floor":4,"turns":2},{"damage":7,"enemies":"Jaw Worm","floor":6,"turns":2},{"damage":0,"enemies":"Gremlin Nob","floor":7,"turns":2},{"damage":5,"enemies":"3 Sentries","floor":12,"turns":4},{"damage":0,"enemies":"Blue Slaver","floor":14,"turns":1},{"damage":33,"enemies":"The Guardian","floor":16,"turns":8},{"damage":17,"enemies":"2 Thieves","floor":18,"turns":2},{"damage":11,"enemies":"Shell Parasite","floor":19,"turns":2},{"damage":14,"enemies":"Cultist and Chosen","floor":20,"turns":4},{"damage":1,"enemies":"Slavers","floor":23,"turns":3},{"damage":14,"enemies":"Book of Stabbing","floor":25,"turns":3},{"damage":0,"enemies":"Centurion and Healer","floor":27,"turns":2},{"damage":9,"enemies":"Gremlin Leader","floor":28,"turns":2},{"damage":0,"enemies":"Slavers","floor":30,"turns":1},{"damage":5,"enemies":"Shelled Parasite and Fungi","floor":31,"turns":2},{"damage":19,"enemies":"Champ","floor":33,"turns":6},{"damage":0,"enemies":"3 Darklings","floor":35,"turns":1},{"damage":19,"enemies":"3 Shapes","floor":38,"turns":1},{"damage":20,"enemies":"Giant Head","floor":40,"turns":5},{"damage":3,"enemies":"2 Orb Walkers","floor":41,"turns":2},{"damage":29,"enemies":"Nemesis","floor":44,"turns":3},{"damage":6,"enemies":"Writhing Mass","floor":45,"turns":2},{"damage":16,"enemies":"Maw","floor":47,"turns":4},{"damage":0,"enemies":"Spire Growth","floor":48,"turns":2},{"damage":73,"enemies":"Time Eater","floor":50,"turns":7},{"damage":56,"enemies":"Donu and Deca","floor":51,"turns":5}],"seed_played":"-4730861858600984791","potions_obtained":[{"floor":4,"key":"DuplicationPotion"},{"floor":6,"key":"Regen Potion"},{"floor":25,"key":"EssenceOfSteel"},{"floor":27,"key":"DistilledChaos"},{"floor":31,"key":"Strength Potion"},{"floor":33,"key":"PowerPotion"}],"is_trial":false,"path_per_floor":["M","?","?","M","$","M","E","T","T","?","R","E","$","M","R","B",null,"M","M","M","?","?","E","R","E","T","M","E","$","E","M","R","B",null,"M","?","$","M","T","E","?","R","T","E","M","R","M","M","R","B","B"],"character_chosen":"IRONCLAD","items_purchased":["Battle Trance"],"campfire_rested":1,"item_purchase_floors":[5],"current_hp_per_floor":[67,67,62,62,62,55,55,55,55,48,48,43,43,43,43,22,62,45,46,44,23,75,74,74,60,60,60,51,51,51,46,46,39,66,66,66,66,47,47,53,50,50,57,40,46,46,42,54,82,35,4,4],"gold":0,"neow_bonus":"BOSS_RELIC","is_daily":false,"chose_seed":false,"campfire_upgraded":5,"win_rate":0.0,"timestamp":1610931417,"path_taken":["M","?","?","M","?","M","E","?","T","?","R","E","?","M","R","BOSS","M","M","M","?","?","E","R","E","T","M","E","$","E","?","R","BOSS","M","?","?","M","?","E","?","R","T","E","M","R","M","M","R","BOSS","BOSS"],"items_purchased_type":["Card"],"build_version":"2020-12-18","purchased_purges":0,"victory":false,"max_hp_per_floor":[75,75,75,75,75,75,75,75,75,75,75,75,75,75,75,75,75,75,75,75,75,75,75,75,75,75,75,75,75,75,75,75,75,75,75,75,75,75,75,89,89,89,96,96,96,96,96,96,96,96,96,96],"relic_stats":{"Gremlin Horn":[11,12],"counters":[27,82],"Gambling Chip":[32],"Pantograph":39,"Bronze Scales":[52],"Ectoplasm":754,"PreservedInsect":422,"Necronomicon":[42],"War Paint":["Defend_R","Battle Trance"],"Cursed Key":3,"obtain_stats":[{"Calipers":41,"Gremlin Horn":9,"SacredBark":34,"Mango":40,"PreservedInsect":3,"The Courier":44,"Frozen Egg 2":8,"War Paint":23,"Cursed Key":17,"Ancient Tea Set":30,"Burning Blood":0,"Du-Vu Doll":25,"Matryoshka":26,"Gambling Chip":28,"Pantograph":39,"Strawberry":43,"Bronze Scales":43,"Ectoplasm":0,"Necronomicon":21,"StrikeDummy":12,"Meat on the Bone":7},{"Calipers":21,"Gremlin Horn":4,"SacredBark":17,"Mango":20,"PreservedInsect":1,"The Courier":22,"Frozen Egg 2":4,"War Paint":11,"Cursed Key":7,"Ancient Tea Set":15,"Burning Blood":0,"Du-Vu Doll":12,"Matryoshka":12,"Gambling Chip":14,"Pantograph":19,"Strawberry":21,"Bronze Scales":21,"Ectoplasm":0,"Necronomicon":10,"StrikeDummy":5,"Meat on the Bone":4},{"Calipers":59,"Gremlin Horn":10,"SacredBark":50,"Mango":57,"PreservedInsect":4,"The Courier":62,"Frozen Egg 2":10,"War Paint":34,"Cursed Key":23,"Ancient Tea Set":42,"Burning Blood":0,"Du-Vu Doll":37,"Matryoshka":37,"Gambling Chip":41,"Pantograph":52,"Strawberry":59,"Bronze Scales":59,"Ectoplasm":0,"Necronomicon":31,"StrikeDummy":14,"Meat on the Bone":10}],"Meat on the Bone":108},"card_choices":[{"not_picked":["Iron Wave","Warcry"],"picked":"Perfected Strike","floor":1},{"not_picked":["Havoc","Metallicize"],"picked":"Perfected Strike","floor":4},{"not_picked":["Perfected Strike","Warcry","Havoc"],"picked":"SKIP","floor":6},{"not_picked":["Twin Strike","Searing Blow"],"picked":"Thunderclap","floor":7},{"not_picked":["Wild Strike","Rupture+1"],"picked":"Battle Trance","floor":12},{"not_picked":["Sword Boomerang","Searing Blow"],"picked":"Dark Embrace+1","floor":14},{"not_picked":["Limit Break","Fiend Fire"],"picked":"Immolate","floor":16},{"not_picked":["Anger","Havoc","Body Slam"],"picked":"SKIP","floor":18},{"not_picked":["Clash","True Grit"],"picked":"Clothesline","floor":19},{"not_picked":["Cleave","Rage"],"picked":"True Grit+1","floor":20},{"not_picked":["Sever Soul","Armaments+1"],"picked":"Evolve+1","floor":23},{"not_picked":["Evolve+1","Dual Wield"],"picked":"Double Tap","floor":25},{"not_picked":["True Grit","Anger+1"],"picked":"Metallicize+1","floor":27},{"not_picked":["Cleave","Thunderclap"],"picked":"Armaments+1","floor":28},{"not_picked":["Rampage","Juggernaut+1"],"picked":"Reckless Charge","floor":30},{"not_picked":["Clothesline","Armaments"],"picked":"Disarm","floor":31},{"not_picked":["Berserk+1","Impervious"],"picked":"Offering","floor":33},{"not_picked":["Cleave","True Grit+1"],"picked":"Spot Weakness","floor":35},{"not_picked":["Rage","Infernal Blade"],"picked":"Sentinel+1","floor":38},{"not_picked":["Headbutt","Sword Boomerang"],"picked":"Shockwave","floor":40},{"not_picked":["True Grit","Warcry"],"picked":"Heavy Blade","floor":41},{"not_picked":["Body Slam+1","Warcry"],"picked":"Pommel Strike+1","floor":44},{"not_picked":["Rupture+1","Pommel Strike","Body Slam+1"],"picked":"SKIP","floor":45},{"not_picked":["Reckless Charge","Immolate"],"picked":"Battle Trance","floor":47},{"not_picked":["Whirlwind","Sword Boomerang+1","Warcry"],"picked":"SKIP","floor":48}],"player_experience":1723164,"relics_obtained":[{"floor":7,"key":"Meat on the Bone"},{"floor":8,"key":"Frozen Egg 2"},{"floor":9,"key":"Gremlin Horn"},{"floor":12,"key":"StrikeDummy"},{"floor":21,"key":"Necronomicon"},{"floor":23,"key":"War Paint"},{"floor":25,"key":"Du-Vu Doll"},{"floor":26,"key":"Matryoshka"},{"floor":28,"key":"Gambling Chip"},{"floor":30,"key":"Ancient Tea Set"},{"floor":39,"key":"Pantograph"},{"floor":40,"key":"Mango"},{"floor":41,"key":"Calipers"},{"floor":43,"key":"Strawberry"},{"floor":43,"key":"Bronze Scales"},{"floor":44,"key":"The Courier"}],"event_choices":[{"damage_healed":0,"gold_gain":0,"player_choice":"Grow","damage_taken":0,"max_hp_gain":0,"max_hp_loss":0,"event_name":"Living Wall","floor":2,"gold_loss":0,"cards_upgraded":["Perfected Strike"]},{"damage_healed":0,"gold_gain":0,"player_choice":"Success","damage_taken":5,"relics_obtained":["PreservedInsect"],"max_hp_gain":0,"max_hp_loss":0,"event_name":"Scrap Ooze","floor":3,"gold_loss":0},{"cards_removed":["Strike_R"],"damage_healed":0,"gold_gain":0,"player_choice":"Card Removal","damage_taken":7,"max_hp_gain":0,"max_hp_loss":0,"event_name":"Golden Wing","floor":10,"gold_loss":0},{"damage_healed":0,"gold_gain":0,"player_choice":"Obtained Book","damage_taken":21,"max_hp_gain":0,"max_hp_loss":0,"event_name":"Cursed Tome","floor":21,"gold_loss":0},{"cards_removed":["Battle Trance"],"damage_healed":52,"gold_gain":0,"player_choice":"Offered Uncommon","damage_taken":0,"max_hp_gain":0,"max_hp_loss":0,"event_name":"Bonfire Elementals","floor":22,"gold_loss":0},{"damage_healed":0,"gold_gain":0,"cards_transformed":["Strike_R"],"player_choice":"Transformed","damage_taken":0,"max_hp_gain":0,"max_hp_loss":0,"event_name":"Transmorgrifier","floor":36,"gold_loss":0,"cards_obtained":["Shrug It Off"]},{"damage_healed":0,"gold_gain":0,"player_choice":"Fight","damage_taken":0,"max_hp_gain":0,"max_hp_loss":0,"event_name":"Mysterious Sphere","floor":41,"gold_loss":0}],"is_beta":true,"boss_relics":[{"not_picked":["Velvet Choker","Runic Cube"],"picked":"Cursed Key"},{"not_picked":["Tiny House","Coffee Dripper"],"picked":"SacredBark"}],"items_purged_floors":[],"is_endless":false,"potions_floor_spawned":[4,6,12,25,27,31,33,38,40,47],"killed_by":"Donu and Deca","ascension_level":20}}