{"host":"363c1o4m0ew2jbar","time":1610964688,"event":{"mods":["AchievementEnabler","BaseMod","Better Note","Downfall","Hubris","Minty Spire (QoL Compilation)","StSLib"],"gold_per_floor":[99,109,121,135,135,135,159,69,69,69,69,88,88,99,119,217,217,117,117,2,22,34,19,99,99,124,124,137,162,62,62,22,124,124,124,141,157,157,169,169,169,204,216,216,116,128,128,128],"floor_reached":47,"language":"ENG","playtime":2596,"items_purged":["hubris:Despair","bronze:Strike"],"score":465,"play_id":"9ab77c2d-f008-49e6-893f-d99dd585ba85","local_time":"20210118001128","is_ascension_mode":false,"campfire_choices":[{"floor":1,"key":"RECALL"},{"data":"bronze:Optimize","floor":9,"key":"SMITH"},{"data":"bronze:ChosenStrike","floor":11,"key":"SMITH"},{"data":"bronze:Terminator","floor":18,"key":"SMITH"},{"data":"bronze:Shell","floor":25,"key":"SMITH"},{"data":"bronze:GetLatest","floor":27,"key":"SMITH"},{"data":"bronze:ItsAFeature","floor":30,"key":"SMITH"},{"data":"bronze:Verify","floor":35,"key":"SMITH"},{"floor":40,"key":"REST"},{"floor":45,"key":"REST"}],"circlet_count":0,"master_deck":["bronze:Strike","bronze:Strike","bronze:Defend","bronze:Defend","bronze:Defend","bronze:Defend","bronze:Replicate","bronze:Goto","bronze:Optimize+1","bronze:ChosenStrike+1","bronze:Branch","bronze:ChildClass","bronze:GetLatest+1","bronze:Terminator+1","bronze:Constructor","bronze:AlphaBuild","bronze:Safeguard+1","bronze:ItsAFeature+1","bronze:Shell+1","bronze:BronzeOrb+1","bronze:Fortify+1","bronze:Verify+1","bronze:ClassDefault","bronze:ForceShield","hubris:NaturalOne","bronze:Repulsor","Parasite"],"relics":["bronze:BronzeCore","FossilizedHelix","hubris:Icosahedron","hubris:TinFlute","Orichalcum","Centennial Puzzle","SacredBark","downfall:HeartBlessingRed","Sundial","hexamod:BolsterEngine","downfall:HeartBlessingGreen","downfall:RedIOU","Philosopher\u0027s Stone","hubris:MedicalManual","downfall:HeartBlessingBlue"],"acts_visited":["Exordium","TheCity","TheBeyond"],"potions_floor_usage":[16,16,22,29,33,37,42],"damage_taken":[{"damage":0,"enemies":"Small Slimes","floor":2,"turns":3},{"damage":14,"enemies":"Jaw Worm","floor":3,"turns":4},{"damage":0,"enemies":"Cultist","floor":4,"turns":4},{"damage":0,"enemies":"downfall:FleeingMerchant","floor":8,"turns":4},{"damage":0,"enemies":"Exordium Wildlife","floor":12,"turns":3},{"damage":0,"enemies":"3 Louse","floor":14,"turns":3},{"damage":7,"enemies":"Blue Slaver","floor":15,"turns":3},{"damage":5,"enemies":"DF_ARCHETYPE_STREAMLINE","floor":16,"turns":10},{"damage":3,"enemies":"downfall:FleeingMerchant","floor":20,"turns":4},{"damage":0,"enemies":"Shell Parasite","floor":21,"turns":4},{"damage":0,"enemies":"Chosen","floor":22,"turns":3},{"damage":0,"enemies":"downfall:FleeingMerchant","floor":23,"turns":4},{"damage":0,"enemies":"Centurion and Healer","floor":28,"turns":4},{"damage":15,"enemies":"Slavers","floor":29,"turns":6},{"damage":0,"enemies":"Shelled Parasite and Fungi","floor":32,"turns":6},{"damage":5,"enemies":"IC_MUSHROOM_ARCHETYPE","floor":33,"turns":10},{"damage":0,"enemies":"Orb Walker","floor":36,"turns":2},{"damage":48,"enemies":"3 Darklings","floor":37,"turns":15},{"damage":0,"enemies":"Sphere and 2 Shapes","floor":39,"turns":9},{"damage":46,"enemies":"Reptomancer","floor":42,"turns":8},{"damage":35,"enemies":"Spire Growth","floor":43,"turns":8},{"damage":24,"enemies":"Writhing Mass","floor":46,"turns":6},{"damage":17,"enemies":"3 Darklings","floor":47,"turns":2}],"seed_played":"-5299301877256675956","potions_obtained":[{"floor":3,"key":"bronze:BuildAFunctionPotion"},{"floor":12,"key":"Weak Potion"},{"floor":16,"key":"FairyPotion"},{"floor":21,"key":"Swift Potion"},{"floor":28,"key":"AttackPotion"},{"floor":32,"key":"Fire Potion"},{"floor":36,"key":"DuplicationPotion"},{"floor":39,"key":"Energy Potion"}],"is_trial":false,"path_per_floor":["R","M","M","M","?","T","T","$","R","?","R","M","?","M","M","B",null,"R","?","$","M","M","$","T","R","T","R","M","E","R","?","M","B",null,"R","M","M","?","M","R","T","E","M","?","R","M","M"],"character_chosen":"THE_AUTOMATON","items_purchased":[],"campfire_rested":2,"item_purchase_floors":[],"current_hp_per_floor":[70,70,56,56,56,56,56,70,70,70,70,70,63,63,56,51,70,70,70,67,67,70,70,70,70,70,70,70,55,55,55,55,50,70,70,70,22,22,22,43,43,42,7,7,41,17,0,0],"gold":128,"neow_bonus":"ONE_RARE_RELIC","is_daily":false,"chose_seed":false,"campfire_upgraded":7,"win_rate":0.0,"timestamp":1610964688,"path_taken":["R","M","M","M","?","?","T","$","R","?","R","M","?","?","M","BOSS","R","?","$","M","M","$","T","R","?","R","M","E","R","?","M","BOSS","R","M","M","?","M","R","T","E","?","?","R","M","?"],"items_purchased_type":[],"build_version":"2020-12-22","purchased_purges":2,"victory":false,"max_hp_per_floor":[70,70,70,70,70,70,70,70,70,70,70,70,70,70,70,70,70,70,70,70,70,70,70,70,70,70,70,70,70,70,70,70,70,70,70,70,70,70,70,70,70,70,70,70,80,80,80,80],"card_choices":[{"not_picked":["bronze:Allocate","bronze:Return"],"picked":"bronze:Optimize","floor":2},{"not_picked":["bronze:BugBarrage","bronze:BronzeArmor","bronze:Overload"],"picked":"SKIP","floor":3},{"not_picked":["bronze:DelayedSlice","bronze:Overheat"],"picked":"bronze:ChosenStrike","floor":4},{"not_picked":["bronze:Overheat","bronze:FineTuning"],"picked":"bronze:Branch","floor":8},{"not_picked":["bronze:Overheat","bronze:WildBeam"],"picked":"bronze:GetLatest","floor":12},{"not_picked":["bronze:Separator","bronze:Optimize"],"picked":"bronze:Terminator","floor":14},{"not_picked":["bronze:FineTuning","bronze:Shield"],"picked":"bronze:Constructor","floor":15},{"not_picked":["bronze:CleanCode","bronze:SpaghettiCode"],"picked":"bronze:AlphaBuild","floor":16},{"not_picked":["bronze:DelayedSlice","bronze:Turbo"],"picked":"bronze:Safeguard+1","floor":20},{"not_picked":["bronze:OilSpill","bronze:BuggyMess","bronze:CloningBeam"],"picked":"SKIP","floor":21},{"not_picked":["bronze:GetLatest","bronze:Optimize"],"picked":"bronze:ItsAFeature","floor":22},{"not_picked":["bronze:FindAndReplace","bronze:Invalidate+1"],"picked":"bronze:Shell","floor":23},{"not_picked":["bronze:ChosenStrike","bronze:ClassDefault"],"picked":"bronze:BronzeOrb+1","floor":28},{"not_picked":["bronze:Philosophize","bronze:GetLatest","bronze:DigitalCarnage+1"],"picked":"SKIP","floor":29},{"not_picked":["bronze:CutThrough+1","bronze:Allocate+1"],"picked":"bronze:Fortify+1","floor":32},{"not_picked":["bronze:Virus","bronze:SpaghettiCode"],"picked":"bronze:Verify","floor":33},{"not_picked":["bronze:CutThrough","bronze:Philosophize+1"],"picked":"bronze:ClassDefault","floor":36},{"not_picked":["bronze:CutThrough","bronze:Constructor+1"],"picked":"bronze:ForceShield","floor":37},{"not_picked":["bronze:DarkDash","bronze:Iterate+1","bronze:Invalidate"],"picked":"SKIP","floor":39},{"not_picked":["bronze:Constructor+1","bronze:Iterate"],"picked":"bronze:Repulsor","floor":42},{"not_picked":["bronze:BitShift+1","bronze:Fortify","bronze:ItsAFeature"],"picked":"SKIP","floor":43},{"not_picked":["bronze:Branch+1","bronze:Iterate","bronze:BurnOut"],"picked":"SKIP","floor":46}],"player_experience":1207792,"relics_obtained":[{"floor":6,"key":"hubris:TinFlute"},{"floor":7,"key":"Orichalcum"},{"floor":24,"key":"Sundial"},{"floor":26,"key":"hexamod:BolsterEngine"},{"floor":29,"key":"Bag of Marbles"},{"floor":42,"key":"hubris:MedicalManual"}],"event_choices":[{"damage_healed":0,"gold_gain":0,"player_choice":"Success","damage_taken":7,"relics_obtained":["Centennial Puzzle"],"max_hp_gain":0,"max_hp_loss":0,"event_name":"Scrap Ooze","floor":13,"gold_loss":0},{"cards_removed":["bronze:Strike"],"damage_healed":0,"gold_gain":0,"player_choice":"Give","damage_taken":0,"max_hp_gain":0,"max_hp_loss":0,"event_name":"betterNote:BetterNote","floor":19,"gold_loss":0,"cards_obtained":["bronze:Strike"]}],"is_beta":false,"boss_relics":[{"not_picked":["Tiny House","Coffee Dripper"],"picked":"SacredBark"},{"not_picked":["Runic Dome","Cursed Key"],"picked":"Philosopher\u0027s Stone"}],"items_purged_floors":[8,20],"is_endless":false,"potions_floor_spawned":[3,12,16,21,28,32,36,39],"killed_by":"3 Darklings","ascension_level":0}}