{"host":"1a3cjta80tad0aqj","time":1610988829,"event":{"mods":["2.2 Compatiblity","AchievementEnabler","BaseMod","Colored Map","DeckTracker","KOR Keyword Fix","Keyboard Shortcuts","Minty Spire (QoL Compilation)","Permanent Neow","Quick Restart","Random Character Button","StSLib","SuperFastMode","everything is the same but u backflip on backflip"],"gold_per_floor":[116,134,151,151,169,169,203,158,158,170,192,218,230,260,272,355,367,393,93,93,93,120,120,120],"floor_reached":23,"language":"KOR","playtime":765,"items_purged":["Defend_P"],"score":434,"play_id":"db3e131f-8a25-4ff5-a701-2dd4c3ff707e","local_time":"20210119015349","is_ascension_mode":true,"campfire_choices":[{"data":"Eruption","floor":6.0,"key":"SMITH"},{"data":"Adaptation","floor":10.0,"key":"SMITH"},{"data":"Wallop","floor":15.0,"key":"SMITH"}],"circlet_count":0,"master_deck":["AscendersBane","Strike_P","Strike_P","Strike_P","Strike_P","Defend_P","Defend_P","Defend_P","Eruption+1","Vigilance","Tantrum","Wallop+1","SashWhip","BowlingBash","InnerPeace","Adaptation+1","Halt","Blasphemy","MentalFortress"],"relics":["PureWater","Art of War","Meat on the Bone","MawBank","Busted Crown","TheAbacus","Orichalcum"],"acts_visited":["Exordium","TheCity"],"potions_floor_usage":[],"damage_taken":[{"damage":2.0,"enemies":"Jaw Worm","floor":1.0,"turns":3.0},{"damage":0.0,"enemies":"2 Louse","floor":2.0,"turns":2.0},{"damage":5.0,"enemies":"Small Slimes","floor":3.0,"turns":3.0},{"damage":3.0,"enemies":"Blue Slaver","floor":5.0,"turns":2.0},{"damage":7.0,"enemies":"Lagavulin","floor":7.0,"turns":5.0},{"damage":5.0,"enemies":"2 Fungi Beasts","floor":11.0,"turns":2.0},{"damage":0.0,"enemies":"Large Slime","floor":12.0,"turns":3.0},{"damage":25.0,"enemies":"3 Louse","floor":14.0,"turns":3.0},{"damage":0.0,"enemies":"Hexaghost","floor":16.0,"turns":6.0},{"damage":6.0,"enemies":"2 Thieves","floor":18.0,"turns":3.0},{"damage":35,"enemies":"Book of Stabbing","floor":23,"turns":4}],"seed_played":"3301473159878742328","potions_obtained":[{"floor":2.0,"key":"Strength Potion"},{"floor":3.0,"key":"BlessingOfTheForge"},{"floor":12.0,"key":"PowerPotion"},{"floor":14.0,"key":"AttackPotion"}],"is_trial":false,"path_per_floor":["M","M","M","?","M","R","E","$","T","R","M","M","$","M","R","B",null,"M","$","?","?","T","E"],"character_chosen":"WATCHER","items_purchased":["Adaptation","MentalFortress","TheAbacus"],"campfire_rested":0,"item_purchase_floors":[8,19,19],"current_hp_per_floor":[59,59,54,49,46,46,39,39,39,39,46,46,46,33,33,45,62,56,56,37,37,37,2,2],"gold":120,"neow_bonus":"THREE_CARDS","is_daily":false,"chose_seed":false,"campfire_upgraded":3,"win_rate":0.0,"timestamp":1610988829,"path_taken":["M","M","M","?","M","R","E","$","T","R","M","M","$","M","R","BOSS","M","$","?","?","?","E"],"items_purchased_type":["Card","Card","Relic"],"build_version":"2020-12-22","purchased_purges":1,"victory":false,"max_hp_per_floor":[68,68,68,68,68,68,68,68,68,68,68,68,68,68,68,68,68,68,68,73,73,73,73,73],"card_choices":[{"not_picked":["CutThroughFate","FollowUp"],"picked":"Tantrum","floor":0.0},{"not_picked":["CrushJoints","Protect"],"picked":"Wallop","floor":1.0},{"not_picked":["JustLucky","EmptyBody"],"picked":"SashWhip","floor":2.0},{"not_picked":["LikeWater","WaveOfTheHand","Wireheading"],"picked":"SKIP","floor":3.0},{"not_picked":["CrushJoints","ThirdEye"],"picked":"BowlingBash","floor":5.0},{"not_picked":["Protect","Swivel"],"picked":"InnerPeace","floor":7.0},{"not_picked":["Wireheading","Worship","Prostrate"],"picked":"SKIP","floor":11.0},{"not_picked":["EmptyBody","Conclude","Weave"],"picked":"SKIP","floor":12.0},{"not_picked":["Tantrum","WheelKick"],"picked":"Halt","floor":14.0},{"not_picked":["Devotion","LessonLearned"],"picked":"Blasphemy","floor":16.0},{"not_picked":["Crescendo"],"picked":"SKIP","floor":18.0}],"player_experience":746587,"relics_obtained":[{"floor":7.0,"key":"Meat on the Bone"},{"floor":9.0,"key":"MawBank"},{"floor":22.0,"key":"Orichalcum"}],"event_choices":[{"damage_healed":0.0,"max_hp_gain":0.0,"max_hp_loss":0.0,"gold_gain":0.0,"event_name":"Scrap Ooze","player_choice":"Success","floor":4.0,"gold_loss":0.0,"damage_taken":5.0,"relics_obtained":["Art of War"]},{"damage_healed":0.0,"max_hp_gain":5.0,"max_hp_loss":0.0,"gold_gain":0.0,"event_name":"Forgotten Altar","player_choice":"Shed Blood","floor":20.0,"gold_loss":0.0,"damage_taken":24.0},{"damage_healed":0.0,"max_hp_gain":0.0,"max_hp_loss":0.0,"gold_gain":0.0,"event_name":"The Mausoleum","player_choice":"Ignored","floor":21.0,"gold_loss":0.0,"damage_taken":0.0}],"is_beta":false,"boss_relics":[{"not_picked":["Velvet Choker","SacredBark"],"picked":"Busted Crown"}],"items_purged_floors":[19],"is_endless":false,"potions_floor_spawned":[2,3,12,14],"killed_by":"Book of Stabbing","ascension_level":16}}