{"host":"w9njud19qyl0lpz1","time":1610979796,"event":{"mods":["BaseMod","Minty Spire (QoL Compilation)","StSLib"],"gold_per_floor":[115,132,143,163,178,209,222,222,222,222,238,238,238,264,264,362,362,374,389,313,333,347,347,358,358,432,432,442,82,82,93,93,194,194,206,206,1205,1222,1222,1222,1235,1235,1305,1338,721,741,754,175,175,175],"floor_reached":51,"language":"ENG","playtime":4840,"items_purged":["Normality","Normality"],"score":718,"play_id":"49903876-983e-4300-b999-d6a8823bf863","local_time":"20210118092316","is_ascension_mode":false,"campfire_choices":[{"floor":8,"key":"REST"},{"data":"Berserk","floor":10,"key":"SMITH"},{"floor":13,"key":"REST"},{"data":"Fire Breathing","floor":15,"key":"SMITH"},{"data":"Armaments","floor":23,"key":"SMITH"},{"floor":30,"key":"REST"},{"floor":32,"key":"DIG"},{"floor":40,"key":"DIG"},{"floor":42,"key":"REST"},{"floor":49,"key":"DIG"}],"circlet_count":0,"master_deck":["Strike_R","Strike_R","Strike_R+1","Strike_R","Strike_R","Defend_R+1","Defend_R+1","Defend_R","Defend_R","Bash","Fire Breathing+1","Berserk+1","Armaments+1","Wild Strike+1","Seeing Red","Cleave","Shrug It Off","Immolate","CurseOfTheBell","Inflame+1","Anger","Clothesline+1","Intimidate+1","Carnage+1","Inflame+1","Ghostly Armor","Twin Strike","Feed","Twin Strike","Flame Barrier+1","Shockwave+1","Power Through","Flame Barrier+1","Reaper","The Bomb","Finesse"],"relics":["Black Blood","Letter Opener","Charon\u0027s Ashes","Centennial Puzzle","Calling Bell","Strawberry","Matryoshka","Pocketwatch","Enchiridion","Pen Nib","Sundial","Shovel","Magic Flower","Shuriken","Lantern","Gremlin Horn","War Paint","Toy Ornithopter","DollysMirror","Membership Card","InkBottle","Art of War"],"acts_visited":["Exordium","TheCity","TheBeyond"],"potions_floor_usage":[4,11,14,16,22,31,31,33,33,46,50,50,50,50,50,50],"damage_taken":[{"damage":5,"enemies":"Cultist","floor":1,"turns":4},{"damage":6,"enemies":"Jaw Worm","floor":2,"turns":4},{"damage":1,"enemies":"2 Louse","floor":3,"turns":3},{"damage":8,"enemies":"Looter","floor":4,"turns":4},{"damage":22,"enemies":"Exordium Thugs","floor":5,"turns":7},{"damage":27,"enemies":"Gremlin Nob","floor":6,"turns":4},{"damage":12,"enemies":"3 Louse","floor":7,"turns":4},{"damage":9,"enemies":"Blue Slaver","floor":11,"turns":3},{"damage":6,"enemies":"3 Sentries","floor":14,"turns":5},{"damage":57,"enemies":"Hexaghost","floor":16,"turns":10},{"damage":9,"enemies":"Shell Parasite","floor":18,"turns":4},{"damage":2,"enemies":"Spheric Guardian","floor":19,"turns":3},{"damage":18,"enemies":"Centurion and Healer","floor":21,"turns":4},{"damage":26,"enemies":"Shelled Parasite and Fungi","floor":22,"turns":5},{"damage":2,"enemies":"Cultist and Chosen","floor":24,"turns":4},{"damage":2,"enemies":"Chosen and Byrds","floor":28,"turns":3},{"damage":2,"enemies":"Centurion and Healer","floor":31,"turns":3},{"damage":35,"enemies":"Champ","floor":33,"turns":9},{"damage":10,"enemies":"Orb Walker","floor":35,"turns":4},{"damage":11,"enemies":"3 Shapes","floor":38,"turns":6},{"damage":47,"enemies":"Jaw Worm Horde","floor":41,"turns":5},{"damage":32,"enemies":"Reptomancer","floor":44,"turns":5},{"damage":22,"enemies":"Sphere and 2 Shapes","floor":46,"turns":4},{"damage":8,"enemies":"3 Darklings","floor":47,"turns":3},{"damage":100,"enemies":"Awakened One","floor":50,"turns":13}],"seed_played":"5350594482832818628","potions_obtained":[{"floor":1,"key":"EssenceOfSteel"},{"floor":5,"key":"ElixirPotion"},{"floor":6,"key":"Weak Potion"},{"floor":7,"key":"SteroidPotion"},{"floor":11,"key":"SkillPotion"},{"floor":14,"key":"LiquidMemories"},{"floor":22,"key":"SpeedPotion"},{"floor":24,"key":"BlessingOfTheForge"},{"floor":31,"key":"Weak Potion"},{"floor":44,"key":"BlessingOfTheForge"},{"floor":46,"key":"ElixirPotion"}],"is_trial":false,"path_per_floor":["M","M","M","M","M","E","M","R","T","R","M","?","R","E","R","B",null,"M","M","$","M","M","R","M","?","T","?","M","$","R","M","R","B",null,"M","?","?","M","?","R","M","R","T","E","$","M","M","$","R","B",null],"character_chosen":"IRONCLAD","items_purchased":["DuplicationPotion","Shovel","Ghostly Armor","Toy Ornithopter","DollysMirror","Fruit Juice","BlessingOfTheForge","EntropicBrew","Membership Card","InkBottle","Reaper","The Bomb","Finesse","HeartOfIron"],"campfire_rested":4,"item_purchase_floors":[20,29,29,45,45,45,45,45,48,48,48,48,48,48],"current_hp_per_floor":[88,88,88,86,70,49,43,69,69,69,66,48,74,74,74,23,95,92,95,95,83,63,63,67,51,51,51,55,55,83,87,87,61,95,95,90,90,94,94,94,70,97,97,83,83,100,105,105,105,78],"gold":175,"neow_bonus":"TEN_PERCENT_HP_BONUS","is_daily":false,"chose_seed":false,"campfire_upgraded":3,"win_rate":0.0,"timestamp":1610979796,"path_taken":["M","M","M","?","M","E","M","R","T","R","M","?","R","E","R","BOSS","M","M","$","M","M","R","M","?","T","?","M","$","R","?","R","BOSS","M","?","?","M","?","R","M","R","T","E","$","M","M","$","R","BOSS"],"items_purchased_type":["Potion","Relic","Card","Relic","Relic","Potion","Potion","Potion","Relic","Relic","Card","Card","Card","Potion"],"build_version":"2020-12-22","purchased_purges":2,"victory":true,"max_hp_per_floor":[88,88,88,88,88,88,88,88,88,88,88,88,88,88,88,88,95,95,95,95,95,95,95,95,95,95,95,95,95,95,95,95,95,95,95,90,90,94,94,94,97,97,97,97,97,105,105,105,105,105],"card_choices":[{"not_picked":["Sentinel","Heavy Blade","Body Slam"],"picked":"SKIP","floor":1},{"not_picked":["Headbutt","Sword Boomerang"],"picked":"Fire Breathing","floor":2},{"not_picked":["Cleave","Perfected Strike"],"picked":"Berserk","floor":3},{"not_picked":["Sword Boomerang","True Grit"],"picked":"Armaments","floor":4},{"not_picked":["Cleave","Thunderclap"],"picked":"Wild Strike","floor":5},{"not_picked":["Infernal Blade","Iron Wave"],"picked":"Seeing Red","floor":6},{"not_picked":["Hemokinesis","True Grit"],"picked":"Rampage","floor":7},{"not_picked":["Clothesline","Dark Embrace"],"picked":"Cleave","floor":11},{"not_picked":["Sword Boomerang","Wild Strike"],"picked":"Shrug It Off","floor":14},{"not_picked":["Berserk","Brutality"],"picked":"Immolate","floor":16},{"not_picked":["Clash","Demon Form"],"picked":"Inflame+1","floor":18},{"not_picked":["Burning Pact","Armaments"],"picked":"Anger","floor":19},{"not_picked":["Combust","Iron Wave"],"picked":"Clothesline+1","floor":21},{"not_picked":["True Grit","Heavy Blade"],"picked":"Intimidate+1","floor":22},{"not_picked":["Flex","Wild Strike"],"picked":"Carnage+1","floor":24},{"not_picked":["Anger","Pommel Strike","Warcry"],"picked":"SKIP","floor":28},{"not_picked":["Carnage","Inflame"],"picked":"Twin Strike","floor":31},{"not_picked":["Bludgeon","Barricade"],"picked":"Feed","floor":33},{"not_picked":["Wild Strike+1","Anger+1"],"picked":"Twin Strike","floor":35},{"not_picked":["Havoc+1","Burning Pact"],"picked":"Flame Barrier+1","floor":38},{"not_picked":["Thunderclap+1","Pommel Strike+1"],"picked":"Shockwave+1","floor":41},{"not_picked":["Dark Embrace","Uppercut"],"picked":"Power Through","floor":44},{"not_picked":["Searing Blow+1","Uppercut+1","Heavy Blade+1"],"picked":"SKIP","floor":46},{"not_picked":["Cleave+1","Sever Soul","Shrug It Off+1"],"picked":"SKIP","floor":47}],"player_experience":2224471,"relics_obtained":[{"floor":6,"key":"Letter Opener"},{"floor":9,"key":"Charon\u0027s Ashes"},{"floor":14,"key":"Centennial Puzzle"},{"floor":17,"key":"Strawberry"},{"floor":17,"key":"Matryoshka"},{"floor":17,"key":"Pocketwatch"},{"floor":25,"key":"Enchiridion"},{"floor":26,"key":"Pen Nib"},{"floor":26,"key":"Sundial"},{"floor":32,"key":"Magic Flower"},{"floor":40,"key":"Shuriken"},{"floor":43,"key":"Lantern"},{"floor":43,"key":"Gremlin Horn"},{"floor":44,"key":"War Paint"},{"floor":49,"key":"Art of War"}],"event_choices":[{"damage_healed":0,"gold_gain":0,"player_choice":"Entered Light","damage_taken":18,"max_hp_gain":0,"max_hp_loss":0,"event_name":"Shining Light","floor":12,"gold_loss":0,"cards_upgraded":["Wild Strike","Strike_R"]},{"damage_healed":0,"gold_gain":0,"player_choice":"Obtained Book","damage_taken":16,"max_hp_gain":0,"max_hp_loss":0,"event_name":"Cursed Tome","floor":25,"gold_loss":0},{"damage_healed":0,"gold_gain":0,"player_choice":"Copied","damage_taken":0,"max_hp_gain":0,"max_hp_loss":0,"event_name":"Duplicator","floor":27,"gold_loss":0,"cards_obtained":["Inflame"]},{"damage_healed":0,"gold_gain":0,"player_choice":"Max HP","damage_taken":0,"max_hp_gain":0,"max_hp_loss":5,"event_name":"Winding Halls","floor":36,"gold_loss":0},{"damage_healed":0,"gold_gain":999,"player_choice":"Gold","damage_taken":0,"max_hp_gain":0,"max_hp_loss":0,"event_name":"MindBloom","floor":37,"gold_loss":0,"cards_obtained":["Normality","Normality"]},{"cards_removed":["Rampage"],"damage_healed":0,"gold_gain":0,"player_choice":"Removed Attack","damage_taken":0,"max_hp_gain":0,"max_hp_loss":0,"event_name":"Falling","floor":39,"gold_loss":0}],"is_beta":false,"boss_relics":[{"not_picked":["Philosopher\u0027s Stone","Sozu"],"picked":"Calling Bell"},{"not_picked":["Runic Pyramid","Cursed Key"],"picked":"Black Blood"}],"items_purged_floors":[45,48],"is_endless":false,"potions_floor_spawned":[1,5,6,7,11,14,21,22,24,31,44,46],"ascension_level":0}}