{"host":"nj4msrt0z6tj4wtb","time":1610974362,"event":{"mods":["AchievementEnabler","BaseMod","Colored Map","Colored Powertips","DeckTracker","Highlight Path","Minty Spire (QoL Compilation)","Quick Restart","Random Character Button","StSLib","SuperFastMode"],"gold_per_floor":[115,126,126,139,150,150,183,198,224,224,244,271,290,137,137,238,288,308,326,345,357,30,65,65,65,65,65,85,85,116,129,129,234,234,254,270,270,320,320,320],"floor_reached":39,"language":"KOR","playtime":3178,"items_purged":["Strike_R","Defend_R"],"score":504,"play_id":"136f5b1b-0e87-4644-893a-99dad058f883","local_time":"20210118215242","is_ascension_mode":true,"campfire_choices":[{"data":"Body Slam","floor":6.0,"key":"SMITH"},{"data":"Pommel Strike","floor":10.0,"key":"SMITH"},{"data":"Reckless Charge","floor":15.0,"key":"SMITH"},{"data":"Dark Embrace","floor":25.0,"key":"SMITH"},{"data":"Inflame","floor":27.0,"key":"SMITH"},{"floor":32.0,"key":"REST"}],"circlet_count":0,"master_deck":["Strike_R","Strike_R+1","Strike_R","Defend_R","Defend_R","Defend_R","Bash","Second Wind+1","Dropkick","Shrug It Off+1","Body Slam+1","Pommel Strike+1","Inflame+1","Feel No Pain","Shrug It Off","Reckless Charge+1","Fiend Fire","Feed","Flex+1","Dark Embrace+1","Power Through","Rampage","Armaments+1","Barricade","Wild Strike"],"relics":["Burning Blood","Toy Ornithopter","Du-Vu Doll","Akabeko","War Paint","Tiny House","Oddly Smooth Stone","Juzu Bracelet","Tiny Chest","Potion Belt","Empty Cage","Lizard Tail"],"acts_visited":["Exordium","TheCity","TheBeyond"],"potions_floor_usage":[],"damage_taken":[{"damage":3.0,"enemies":"2 Louse","floor":1.0,"turns":4.0},{"damage":6.0,"enemies":"Cultist","floor":2.0,"turns":3.0},{"damage":5.0,"enemies":"Small Slimes","floor":4.0,"turns":5.0},{"damage":12.0,"enemies":"2 Fungi Beasts","floor":5.0,"turns":4.0},{"damage":26.0,"enemies":"3 Sentries","floor":7.0,"turns":9.0},{"damage":13.0,"enemies":"Blue Slaver","floor":8.0,"turns":3.0},{"damage":21.0,"enemies":"Exordium Thugs","floor":11.0,"turns":6.0},{"damage":16.0,"enemies":"Lagavulin","floor":12.0,"turns":4.0},{"damage":0.0,"enemies":"2 Fungi Beasts","floor":13.0,"turns":2.0},{"damage":28.0,"enemies":"The Guardian","floor":16.0,"turns":12.0},{"damage":0.0,"enemies":"Spheric Guardian","floor":18.0,"turns":3.0},{"damage":46.0,"enemies":"2 Thieves","floor":19.0,"turns":4.0},{"damage":11.0,"enemies":"Chosen and Byrds","floor":20.0,"turns":5.0},{"damage":15.0,"enemies":"Snecko","floor":21.0,"turns":4.0},{"damage":33.0,"enemies":"Book of Stabbing","floor":23.0,"turns":6.0},{"damage":10.0,"enemies":"3 Cultists","floor":28.0,"turns":5.0},{"damage":26.0,"enemies":"Slavers","floor":30.0,"turns":7.0},{"damage":26.0,"enemies":"Sentry and Sphere","floor":31.0,"turns":6.0},{"damage":76.0,"enemies":"Champ","floor":33.0,"turns":11.0},{"damage":87.0,"enemies":"3 Darklings","floor":35.0,"turns":22.0},{"damage":6.0,"enemies":"3 Shapes","floor":36.0,"turns":21.0},{"damage":12,"enemies":"Mind Bloom Boss Battle","floor":38,"turns":15},{"damage":110,"enemies":"Spire Growth","floor":39,"turns":7}],"seed_played":"-3586636533188599250","potions_obtained":[{"floor":1.0,"key":"Block Potion"},{"floor":3.0,"key":"Strength Potion"},{"floor":3.0,"key":"Energy Potion"},{"floor":3.0,"key":"PowerPotion"},{"floor":7.0,"key":"SkillPotion"},{"floor":13.0,"key":"DuplicationPotion"},{"floor":17.0,"key":"EntropicBrew"},{"floor":19.0,"key":"Energy Potion"},{"floor":20.0,"key":"BlessingOfTheForge"},{"floor":21.0,"key":"FairyPotion"},{"floor":31.0,"key":"BloodPotion"},{"floor":35.0,"key":"SteroidPotion"}],"is_trial":false,"path_per_floor":["M","M","?","M","M","R","E","M","T","R","M","E","M","$","R","B",null,"M","M","M","M","$","E","?","R","T","R","M","?","E","M","R","B",null,"M","M","?","?","M"],"character_chosen":"IRONCLAD","items_purchased":["Reckless Charge","Dark Embrace","Oddly Smooth Stone"],"campfire_rested":1,"item_purchase_floors":[14,22,22],"current_hp_per_floor":[80,80,80,80,74,74,59,52,52,52,37,37,43,43,43,26,85,85,45,48,39,39,12,41,41,41,41,40,40,28,16,45,14,97,16,16,16,13,0,0],"gold":320,"neow_bonus":"RANDOM_COMMON_RELIC","is_daily":false,"chose_seed":false,"campfire_upgraded":5,"win_rate":0.0,"timestamp":1610974362,"path_taken":["M","M","?","M","M","R","E","?","T","R","M","E","M","$","R","BOSS","M","M","M","M","$","E","?","R","T","R","M","?","E","M","R","BOSS","M","M","?","?","M"],"items_purchased_type":["Card","Card","Relic"],"build_version":"2020-12-22","purchased_purges":2,"victory":false,"max_hp_per_floor":[80,80,80,80,80,80,80,80,80,80,80,80,80,80,80,80,85,85,85,88,88,88,88,88,88,88,88,91,91,94,97,97,97,97,97,97,97,100,100,100],"card_choices":[{"not_picked":["Sentinel","Burning Pact"],"picked":"Second Wind","floor":1.0},{"not_picked":["Burning Pact","Intimidate"],"picked":"Dropkick","floor":2.0},{"not_picked":["Warcry","Cleave"],"picked":"Shrug It Off","floor":4.0},{"not_picked":["Iron Wave","Flame Barrier"],"picked":"Body Slam","floor":5.0},{"not_picked":["Reaper","Searing Blow"],"picked":"Pommel Strike","floor":7.0},{"not_picked":["Rupture","Clash"],"picked":"Perfected Strike","floor":8.0},{"not_picked":["Clothesline","Metallicize"],"picked":"Inflame","floor":11.0},{"not_picked":["Perfected Strike","Thunderclap"],"picked":"Feel No Pain","floor":12.0},{"not_picked":["Heavy Blade","Iron Wave"],"picked":"Shrug It Off","floor":13.0},{"not_picked":["Double Tap","Bludgeon"],"picked":"Fiend Fire","floor":16.0},{"not_picked":["Sword Boomerang","Havoc"],"picked":"Clash+1","floor":17.0},{"not_picked":["Carnage","Iron Wave","Headbutt"],"picked":"SKIP","floor":18.0},{"not_picked":["Heavy Blade","Rupture"],"picked":"Feed","floor":19.0},{"not_picked":["Thunderclap","Pommel Strike","Clash"],"picked":"SKIP","floor":20.0},{"not_picked":["Thunderclap","Uppercut"],"picked":"Flex+1","floor":21.0},{"not_picked":["Shrug It Off","Headbutt","Dual Wield"],"picked":"SKIP","floor":23.0},{"not_picked":["True Grit","Dark Embrace"],"picked":"Power Through","floor":28.0},{"not_picked":["Pommel Strike","Bludgeon"],"picked":"Rampage","floor":30.0},{"not_picked":["Warcry+1","True Grit"],"picked":"Armaments+1","floor":31.0},{"not_picked":["Bludgeon","Impervious"],"picked":"Barricade","floor":33.0},{"not_picked":["Warcry+1","Armaments+1"],"picked":"Wild Strike","floor":35.0},{"not_picked":["Pummel","Blood for Blood+1","Sword Boomerang+1"],"picked":"SKIP","floor":36.0}],"player_experience":635797,"relics_obtained":[{"floor":7.0,"key":"Du-Vu Doll"},{"floor":9.0,"key":"Akabeko"},{"floor":12.0,"key":"War Paint"},{"floor":23.0,"key":"Juzu Bracelet"},{"floor":26.0,"key":"Tiny Chest"},{"floor":30.0,"key":"Potion Belt"},{"floor":38,"key":"Lizard Tail"}],"event_choices":[{"damage_healed":0.0,"max_hp_gain":0.0,"max_hp_loss":0.0,"gold_gain":0.0,"event_name":"Lab","player_choice":"Got Potions","floor":3.0,"gold_loss":0.0,"damage_taken":0.0},{"damage_healed":29.0,"max_hp_gain":0.0,"max_hp_loss":0.0,"gold_gain":0.0,"event_name":"The Library","player_choice":"Heal","floor":24.0,"gold_loss":0.0,"damage_taken":0.0},{"damage_healed":0.0,"max_hp_gain":0.0,"max_hp_loss":0.0,"gold_gain":0.0,"event_name":"Vampires","player_choice":"Ignored","floor":29.0,"gold_loss":0.0,"damage_taken":0.0},{"cards_removed":["Strike_R"],"damage_healed":0.0,"max_hp_gain":0.0,"max_hp_loss":0.0,"gold_gain":0.0,"event_name":"Bonfire Elementals","player_choice":"Offered Basic","floor":37.0,"gold_loss":0.0,"damage_taken":0.0},{"damage_healed":0,"gold_gain":0,"player_choice":"Fight","damage_taken":0,"max_hp_gain":0,"max_hp_loss":0,"event_name":"MindBloom","floor":38,"gold_loss":0}],"is_beta":false,"boss_relics":[{"not_picked":["Busted Crown","Runic Cube"],"picked":"Tiny House"},{"not_picked":["Black Blood","Sozu"],"picked":"Empty Cage"}],"items_purged_floors":[14,22],"is_endless":false,"potions_floor_spawned":[1,4,7,8,13,19,20,21,31,35],"killed_by":"Spire Growth","ascension_level":2}}