{"host":"ee5exjejqz6r5zx9","time":1610970188,"event":{"mods":["Act Like it!","BaseMod","Card Forge","Colored Powertips","Custom Start","Gensokyo","HololiveMod","Lobotomy","LobotomyExtend","Minty Spire (QoL Compilation)","MostiFishMod","Pale of the Ancients","Quick Restart","Rare Cards Sparkle","Remove Card Discount Mod","Replay The Spire","RumiaBox-露米娅的神秘盒子","Ryuuou龙王","Shop Mod","StSLib","TestMod","Yakumo Yukari mod","【功能Mod】混沌之环修复补丁","【遗物卡牌】REMEMod"],"gold_per_floor":[79,2766,2777,2797,2797,2825,2825,2853,2877,2907,2918,2933,2952,2262,2262,2335,2335,2355,2374,2374,1783,1794,1794,1829,1601,1601,1613,1613,1641,1641,1682,1682,1776,1776,1822,1846,1909,1978,2006,2050,1649,1680,1680,1716,1746,1793,1416,1464,1464,1488,1508,1508,1508,741,792,822],"floor_reached":57,"language":"ZHS","playtime":1873,"items_purged":["Hololive_Strike+1","Hololive_Strike+1","Hololive_Strike+1","Hololive_Defend+1","Hololive_ManjiGathering+1","Hololive_ManjiGathering+1"],"score":3783,"play_id":"de6777fd-2a42-4eb4-bcc0-00a919403a4d","local_time":"20210118194308","is_ascension_mode":true,"campfire_choices":[{"data":"Hololive_StrengthChampion+1","floor":7,"key":"SMITH"},{"floor":15,"key":"RECALL"},{"data":"Hololive_Yoholoon","floor":23,"key":"SMITH"},{"floor":32,"key":"DIG"},{"floor":49,"key":"REST"},{"floor":53,"key":"REST"}],"circlet_count":0,"master_deck":["AscendersBane","Hololive_Rebound+1","Hololive_MaximGun+1","Hololive_StrengthChampion+4","OSAHOGD","Hololive_StrengthChampion+4","Hololive_Rebound+1","Hololive_Spy+1","Skim+1","Seek+1","Hololive_Yoholoon+1","Hololive_Thief+1","Hololive_Spy+1","MHz","Hololive_MaximGun+1","Hololive_Yoholoon+1"],"relics":["Hololive_TheStar","Hammer of Thor","Seething Fire","Anvil of the Gods","Hololive_OneManArmy","testmod-TestBox","REME_ComplimentaryCards","DaveBox","testmod-IndustrialRevolution","RhineSuit","CogitoBucket","SynthV:TestCard","Medical Kit","testmod-TurbochargingSystem","Nunchaku","LetterFromLob","Omamori","Boot","Oddly Smooth Stone","AdjustmentMirror","Divine Protection","Mirror","BrkXgEgg","Calling Bell","Bag of Marbles","ReplayTheSpireMod:Ninjato","Thread and Needle","ChangeAnything","TimeFreeze","testmod-InjuryResistance","Ice Cream","ReplayTheSpireMod:Lightbulb","GodSword6","Replay:Bandana","WantedRequest","testmod-OneHitWonder","Fusion Hammer","AtMidnight","CeramicFish","SynthV:C4","Potion Belt","OrangePellets","Replay:Ringing Soul","Juzu Bracelet","MerchantsRug","SSSystem","Incense Burner","REME_LimitBreaker","testmod-FatalChain","TheAbacus","StrikeDummy"],"acts_visited":["Exordium","TheCity","TheBeyond","TheEnding"],"potions_floor_usage":[13,38,39,40,56],"damage_taken":[{"damage":0,"enemies":"Cultist","floor":1,"turns":1},{"damage":0,"enemies":"Jaw Worm","floor":3,"turns":1},{"damage":0,"enemies":"2 Louse","floor":4,"turns":1},{"damage":0,"enemies":"Replay:BlueRogue","floor":6,"turns":1},{"damage":0,"enemies":"Lagavulin","floor":8,"turns":2},{"damage":0,"enemies":"Gremlin Nob","floor":10,"turns":2},{"damage":0,"enemies":"Exordium Thugs","floor":11,"turns":2},{"damage":0,"enemies":"2 Fungi Beasts","floor":12,"turns":2},{"damage":0,"enemies":"Exordium Wildlife","floor":13,"turns":2},{"damage":0,"enemies":"The Guardian","floor":16,"turns":4},{"damage":0,"enemies":"Chosen","floor":18,"turns":1},{"damage":0,"enemies":"2 Thieves","floor":19,"turns":1},{"damage":0,"enemies":"3 Cultists","floor":22,"turns":2},{"damage":0,"enemies":"Gremlin Leader","floor":24,"turns":1},{"damage":0,"enemies":"Snecko","floor":27,"turns":1},{"damage":0,"enemies":"Snake Plant","floor":29,"turns":2},{"damage":0,"enemies":"Replay:Snechameleon","floor":31,"turns":1},{"damage":0,"enemies":"Collector","floor":33,"turns":2},{"damage":0,"enemies":"3 Shapes","floor":35,"turns":2},{"damage":0,"enemies":"Orb Walker","floor":36,"turns":2},{"damage":0,"enemies":"2 Orb Walkers","floor":37,"turns":1},{"damage":0,"enemies":"Jaw Worm Horde","floor":39,"turns":2},{"damage":0,"enemies":"R_Hoarder","floor":40,"turns":1},{"damage":0,"enemies":"Maw","floor":42,"turns":2},{"damage":0,"enemies":"Giant Head","floor":44,"turns":1},{"damage":0,"enemies":"Sphere and 2 Shapes","floor":45,"turns":1},{"damage":0,"enemies":"Jaw Worm Horde","floor":46,"turns":2},{"damage":0,"enemies":"R_Hoarder","floor":48,"turns":3},{"damage":0,"enemies":"Donu and Deca","floor":50,"turns":1},{"damage":0,"enemies":"Awakened One","floor":51,"turns":2},{"damage":0,"enemies":"Shield and Spear","floor":55,"turns":1},{"damage":0,"enemies":"The Heart","floor":56,"turns":5}],"seed_played":"5908203342887913688","potions_obtained":[{"floor":3,"key":"Block Potion"},{"floor":4,"key":"testmod-TimePotion"},{"floor":13,"key":"SpeedPotion"},{"floor":24,"key":"Elixir"},{"floor":38,"key":"testmod-SpacePotion"},{"floor":38,"key":"Flashbang"},{"floor":45,"key":"SteroidPotion"},{"floor":46,"key":"Energy Potion"}],"is_trial":false,"path_per_floor":["M","$","M","M","?","E","R","E","T","E","M","M","M","$","R","B",null,"M","M","?","$","M","R","E","$","T","M","?","M","?","E","R","B",null,"M","M","?","?","M","E","$","M","T","E","M","M","$","E","R","B","B",null,"R","$","E","B",null],"character_chosen":"Hololive_HololiveCharacter","items_purchased":["Hololive_ManjiGathering","Medical Kit","testmod-TurbochargingSystem","Nunchaku","Divine Protection","Mirror","BrkXgEgg","Hololive_Yoholoon","TimeFreeze","testmod-InjuryResistance","ReplayTheSpireMod:Lightbulb","Potion Belt","OrangePellets","GamblersBrew","MerchantsRug","SSSystem","SpeedPotion","SpeedPotion","REME_LimitBreaker","testmod-FatalChain","TheAbacus"],"campfire_rested":2,"item_purchase_floors":[2,2,2,2,14,14,14,21,21,21,25,41,41,41,47,47,47,47,54,54,54],"current_hp_per_floor":[27,27,27,27,27,27,27,27,27,27,27,30,30,30,30,30,30,30,30,30,30,30,30,30,30,30,30,30,30,30,30,30,30,30,30,30,30,30,30,30,30,30,30,30,30,33,33,33,33,33,33,33,33,33,33,33],"gold":822,"neow_bonus":"","is_daily":false,"chose_seed":false,"campfire_upgraded":2,"win_rate":0.0,"timestamp":1610970188,"path_taken":["M","$","M","M","?","E","R","E","T","E","M","M","M","$","R","BOSS","M","M","?","$","M","R","E","$","T","?","?","M","?","E","R","BOSS","M","M","?","?","?","E","$","M","T","E","M","M","$","E","R","BOSS","BOSS","R","$","E","BOSS"],"items_purchased_type":["Card","Relic","Relic","Relic","Relic","Relic","Relic","Card","Relic","Relic","Relic","Relic","Relic","Potion","Relic","Relic","Potion","Potion","Relic","Relic","Relic"],"build_version":"2020-12-22","purchased_purges":6,"victory":true,"max_hp_per_floor":[30,30,30,30,30,30,30,30,30,30,30,30,30,30,30,30,30,30,30,30,30,30,30,30,30,30,30,30,30,30,30,30,30,30,30,30,30,30,30,30,30,30,30,30,30,33,33,33,33,33,33,33,33,33,33,33],"card_choices":[{"not_picked":["Hololive_DDD","Hololive_Drill","Hololive_Sequa"],"picked":"Hololive_StrengthChampion","floor":1},{"not_picked":["VoidDream","UniverseFragment"],"picked":"OSAHOGD","floor":3},{"not_picked":["Hololive_LuckPotion","Hololive_Teleport","Hololive_CallOzoraSubaru","Hololive_RevenueBasedLive","Hololive_FlyingPonyTail","Hololive_SummonFox"],"picked":"SKIP","floor":3},{"not_picked":["Hololive_LuckPotion","Hololive_CallAiraniIofifteen","Hololive_Breathe","Hololive_Sequa","Hololive_CallInugamiKorone","Hololive_StarCraft"],"picked":"SKIP","floor":4},{"not_picked":["Hololive_OvertimeWork","Hololive_RevenueBasedLive","Hololive_Psychosis","Hololive_Sequa","Hololive_CallArtia"],"picked":"Hololive_StrengthChampion","floor":6},{"not_picked":["Hololive_Rebirth","Hololive_DevilCharm","Hololive_CallShiroganeNoel","Hololive_CallHoushouMarine","Hololive_Sequa","Hololive_CallTokinoSora"],"picked":"SKIP","floor":8},{"not_picked":["BeautyBeast","Murderer"],"picked":"QueenOfHatred","floor":10},{"not_picked":["Hololive_CocoNews","Hololive_Breathe","Hololive_CallAkaiHaato","Hololive_CallTokinoSora","Hololive_Drill"],"picked":"Hololive_Rebound","floor":10},{"not_picked":["Hololive_CallAZKi","Hololive_ScarfAndHalo","Hololive_Rebound","Hololive_OvertimeWork","Hololive_RevenueBasedLive","Hololive_CallArtia"],"picked":"SKIP","floor":11},{"not_picked":["Hololive_CallMurasakiShion","Hololive_CallYogiri","Hololive_CallOzoraSubaru","Hololive_CallManoAloe","Hololive_OvertimeWork","Hololive_CallFriendA"],"picked":"SKIP","floor":12},{"not_picked":["Hololive_Trident","Hololive_HuntDinosaur","Hololive_FlyingPonyTail","Hololive_Sequa","Hololive_LuckPotion","Hololive_CallSpadeEcho"],"picked":"SKIP","floor":13},{"not_picked":["SpiderBud","Rudolta"],"picked":"MHz","floor":16},{"not_picked":["Hololive_WolfAndLamb+1","Hololive_ASMR+1","Hololive_IdolExercise+1","Hololive_Rebirth+1","Hololive_Thief+1"],"picked":"Hololive_MaximGun+1","floor":16},{"not_picked":["Hololive_Breathe","Hololive_CocoNews","Hololive_Rebound","Hololive_Trident","Hololive_FlyingPonyTail","Hololive_CallYukihanaLamy"],"picked":"SKIP","floor":18},{"not_picked":["Hololive_Sequa+1","Hololive_CallKiryuuCoco+1","Hololive_HuntDinosaur","Hololive_Breathe","Hololive_Psychosis","Hololive_LuckPotion"],"picked":"SKIP","floor":19},{"not_picked":["HappyTeddy","QueenOfHatred"],"picked":"Mercenary","floor":22},{"not_picked":["Hololive_Drill","Hololive_DDD+1","Hololive_HuntDinosaur","Hololive_Spy","Hololive_OvertimeWork","Hololive_Breathe"],"picked":"SKIP","floor":22},{"not_picked":["Hololive_FlyingPonyTail+1","Hololive_CallNekomataOkayu","Hololive_CallHoshimachiSuisei","Hololive_HuntDinosaur+1","Hololive_CallMurasakiShion","Hololive_CallFriendA"],"picked":"SKIP","floor":24},{"not_picked":["Hololive_CallShiranuiFlare","Hololive_HuntDinosaur","Hololive_Drill","Hololive_RevenueBasedLive","Hololive_FlyingPonyTail","Hololive_LuckPotion"],"picked":"SKIP","floor":27},{"not_picked":["Hololive_OvertimeWork","Hololive_CallAkaiHaato","Hololive_FlyingPonyTail","Hololive_RevenueBasedLive","Hololive_CocoNews","Hololive_Psychosis"],"picked":"SKIP","floor":29},{"not_picked":["Hololive_Rebirth+1","Hololive_OvertimeWork","Hololive_StrengthChampion","Hololive_Rebound","Hololive_FlareMind+1","Hololive_CallShishiroBotan"],"picked":"SKIP","floor":31},{"not_picked":["Hololive_CallAiraniIofifteen","Hololive_Trident","Hololive_CallMurasakiShion","Hololive_Sequa","Hololive_CallMomosuzuNene","Hololive_HuntDinosaur"],"picked":"SKIP","floor":35},{"not_picked":["Hololive_CallKiryuuCoco","Hololive_Sequa","Hololive_CallTokinoSora","Hololive_RevenueBasedLive","Hololive_CallRosalyn+1","Hololive_CallUsadaPekora"],"picked":"SKIP","floor":36},{"not_picked":["Hololive_StrengthChampion","Hololive_Psychosis","Hololive_CallAZKi+1","Hololive_CallFriendA+1","Hololive_Breathe","Hololive_CallTokoyamiTowa"],"picked":"SKIP","floor":39},{"not_picked":["Hololive_CallOmaruPolka+1","Hololive_ASMR+1","Hololive_Psychosis","Hololive_FlyingPonyTail","Hololive_Rebound+1","Hololive_CallKiryuuCoco"],"picked":"SKIP","floor":40},{"not_picked":["Hololive_HuntDinosaur","Hololive_Psychosis","Hololive_OvertimeWork","Hololive_CocoNews","Hololive_BeCareful+1","Hololive_CallShiranuiFlare"],"picked":"SKIP","floor":42},{"not_picked":["Hololive_FlyingPonyTail","Hololive_CallFriendA","Hololive_Watashimo","Hololive_Psychosis","Hololive_HuntDinosaur+1","Hololive_LuckPotion"],"picked":"SKIP","floor":44},{"not_picked":["Hololive_CallShishiroBotan","Hololive_WolfAndLamb+1","Hololive_CallTsunomakiWatame+1","Hololive_RevenueBasedLive","Hololive_OvertimeWork","Hololive_CallAkaiHaato"],"picked":"SKIP","floor":45},{"not_picked":["Hololive_HuntDinosaur","Hololive_CallAmaneKanata","Hololive_Trident+1","Hololive_FlyingPonyTail","Hololive_Psychosis"],"picked":"Hololive_CallAkaiHaato","floor":46},{"not_picked":["Hololive_Breathe","Hololive_BeCareful+1","Hololive_StrengthChampion","Hololive_Trident","Hololive_Rebound","Hololive_CallTokinoSora"],"picked":"SKIP","floor":48},{"not_picked":["Hololive_CallRosalyn","Hololive_Teleport","Hololive_CallHoshimachiSuisei","Hololive_ScarfAndHalo+1","Hololive_FlyingPonyTail","Hololive_CallSpadeEcho"],"picked":"SKIP","floor":55}],"player_experience":441855,"relics_obtained":[{"floor":1,"key":"SynthV:TestCard"},{"floor":3,"key":"LetterFromLob"},{"floor":6,"key":"Omamori"},{"floor":8,"key":"Boot"},{"floor":10,"key":"Oddly Smooth Stone"},{"floor":17,"key":"Bag of Marbles"},{"floor":17,"key":"ReplayTheSpireMod:Ninjato"},{"floor":17,"key":"Thread and Needle"},{"floor":24,"key":"Ice Cream"},{"floor":26,"key":"GodSword6"},{"floor":32,"key":"testmod-OneHitWonder"},{"floor":35,"key":"AtMidnight"},{"floor":37,"key":"testmod-ConstraintPeriapt"},{"floor":38,"key":"CeramicFish"},{"floor":40,"key":"SynthV:C4"},{"floor":43,"key":"Replay:Ringing Soul"},{"floor":44,"key":"Juzu Bracelet"},{"floor":48,"key":"Incense Burner"},{"floor":55,"key":"StrikeDummy"}],"event_choices":[{"damage_healed":0,"gold_gain":0,"player_choice":"Ignored","damage_taken":0,"max_hp_gain":0,"max_hp_loss":0,"event_name":"Liars Game","floor":5,"gold_loss":0},{"damage_healed":0,"gold_gain":0,"player_choice":"0 cards matched","damage_taken":0,"max_hp_gain":0,"max_hp_loss":0,"event_name":"Match and Keep!","floor":20,"gold_loss":0,"cards_obtained":[]},{"damage_healed":0,"gold_gain":0,"player_choice":"Fight","damage_taken":0,"max_hp_gain":0,"max_hp_loss":0,"event_name":"Mysterious Sphere","floor":37,"gold_loss":0}],"is_beta":false,"boss_relics":[{"not_picked":["EE1DDrone","MoonlightInvasionPlan"],"picked":"Calling Bell"},{"not_picked":["Pandora\u0027s Box","AddBug"],"picked":"Fusion Hammer"}],"items_purged_floors":[2,2,2,2,21,21],"is_endless":false,"potions_floor_spawned":[3,4,13,24,27,29,31,36,45,46],"ascension_level":20}}