{"host":"2se5dq1do2gp0x9k","time":1610939325,"event":{"mods":["AchievementEnabler","BaseMod","Block Reminder","Colored Map","Colored Powertips","Minty Spire (QoL Compilation)","Relic Stats","StSLib","SuperFastMode"],"gold_per_floor":[114,114,7,27,43,43,78,78,102,102,131,144,159,173,173,250,250,262,50,70,70,70],"floor_reached":21,"language":"ENG","playtime":661,"items_purged":["Strike_B"],"score":382,"play_id":"a6ae5d53-0252-4ecb-ae54-20be968d80a5","local_time":"20210117190845","is_ascension_mode":true,"campfire_choices":[{"data":"Defragment","floor":6.0,"key":"SMITH"},{"data":"Fusion","floor":8.0,"key":"SMITH"},{"data":"Zap","floor":10.0,"key":"SMITH"},{"floor":15,"key":"REST"}],"circlet_count":0,"master_deck":["AscendersBane","Strike_B","Strike_B","Defend_B","Defend_B","Defend_B","Defend_B","Zap+1","Dualcast","Fusion+1","Compile Driver","Beam Cell","Ball Lightning","Defragment+1","Lockon","Undo","Ball Lightning","Buffer","Glacier","Consume","Conserve Battery"],"relics":["Cracked Core","NeowsBlessing","Bag of Preparation","Blood Vial","Bag of Marbles","Inserter"],"acts_visited":["Exordium","TheCity"],"potions_floor_usage":[14,18,21],"damage_taken":[{"damage":0.0,"enemies":"Small Slimes","floor":1.0,"turns":1.0},{"damage":0.0,"enemies":"Cultist","floor":4.0,"turns":1.0},{"damage":0.0,"enemies":"Jaw Worm","floor":5.0,"turns":1.0},{"damage":35.0,"enemies":"3 Sentries","floor":7.0,"turns":6.0},{"damage":15.0,"enemies":"Lagavulin","floor":11.0,"turns":5.0},{"damage":11.0,"enemies":"Exordium Wildlife","floor":12.0,"turns":4.0},{"damage":1.0,"enemies":"3 Louse","floor":13.0,"turns":3.0},{"damage":9,"enemies":"Gremlin Gang","floor":14,"turns":5},{"damage":19,"enemies":"Hexaghost","floor":16,"turns":7},{"damage":19,"enemies":"2 Thieves","floor":18,"turns":4},{"damage":22,"enemies":"Spheric Guardian","floor":20,"turns":4},{"damage":25,"enemies":"Snake Plant","floor":21,"turns":4}],"seed_played":"-8871177714879212836","potions_obtained":[{"floor":4.0,"key":"SteroidPotion"},{"floor":11.0,"key":"Energy Potion"},{"floor":12.0,"key":"EssenceOfSteel"},{"floor":13.0,"key":"BlessingOfTheForge"},{"floor":16,"key":"ColorlessPotion"},{"floor":20,"key":"Weak Potion"}],"is_trial":false,"path_per_floor":["M","?","$","M","M","R","E","R","T","R","E","M","M","M","R","B",null,"M","$","M","M"],"character_chosen":"DEFECT","items_purchased":["Compile Driver","Beam Cell","Consume","Conserve Battery"],"campfire_rested":1,"item_purchase_floors":[3,3,19,19],"current_hp_per_floor":[64,64,64,64,64,64,29,29,29,29,16,7,8,1,22,5,55,38,38,18,0,0],"gold":70,"neow_bonus":"THREE_ENEMY_KILL","is_daily":false,"chose_seed":false,"campfire_upgraded":3,"win_rate":0.0,"timestamp":1610939325,"path_taken":["M","?","$","M","M","R","E","R","T","R","E","M","M","M","R","BOSS","M","$","?","M"],"items_purchased_type":["Card","Card","Card","Card"],"build_version":"2020-12-22","purchased_purges":1,"victory":false,"max_hp_per_floor":[71,71,71,71,71,71,71,71,71,71,71,71,71,71,71,71,71,71,71,71,71,71],"relic_stats":{"Blood Vial":16,"Inserter":[6],"counters":[12,45],"Bag of Preparation":[16],"obtain_stats":[{"Blood Vial":9,"Inserter":17,"NeowsBlessing":0,"Bag of Preparation":7,"Bag of Marbles":11,"Cracked Core":0},{"Blood Vial":4,"Inserter":9,"NeowsBlessing":0,"Bag of Preparation":4,"Bag of Marbles":5,"Cracked Core":0},{"Blood Vial":9,"Inserter":33,"NeowsBlessing":0,"Bag of Preparation":9,"Bag of Marbles":14,"Cracked Core":0}]},"card_choices":[{"not_picked":["Redo","Stack"],"picked":"Fusion","floor":1.0},{"not_picked":["Self Repair","Stack"],"picked":"Ball Lightning","floor":4.0},{"not_picked":["Steam","Leap"],"picked":"Defragment","floor":5.0},{"not_picked":["Leap","Auto Shields"],"picked":"Lockon","floor":7.0},{"not_picked":["Blizzard","Barrage","Lockon"],"picked":"SKIP","floor":11.0},{"not_picked":["Stack","Steam"],"picked":"Undo","floor":12.0},{"not_picked":["Sweeping Beam","Barrage"],"picked":"Ball Lightning","floor":13.0},{"not_picked":["Redo","Sweeping Beam","Streamline"],"picked":"SKIP","floor":14},{"not_picked":["Hyperbeam","Machine Learning"],"picked":"Buffer","floor":16},{"not_picked":["Turbo","Sweeping Beam"],"picked":"Glacier","floor":18},{"not_picked":["Aggregate","Ball Lightning","Sweeping Beam"],"picked":"SKIP","floor":20}],"player_experience":3909787,"relics_obtained":[{"floor":7.0,"key":"Bag of Preparation"},{"floor":9.0,"key":"Blood Vial"},{"floor":11.0,"key":"Bag of Marbles"}],"event_choices":[{"cards_removed":["Strike_B"],"damage_healed":0.0,"max_hp_gain":0.0,"max_hp_loss":0.0,"gold_gain":0.0,"event_name":"Purifier","player_choice":"Purged","floor":2.0,"gold_loss":0.0,"damage_taken":0.0}],"is_beta":false,"boss_relics":[{"not_picked":["FrozenCore","Coffee Dripper"],"picked":"Inserter"}],"items_purged_floors":[19],"is_endless":false,"potions_floor_spawned":[4,11,12,13,16,20],"killed_by":"Snake Plant","ascension_level":20}}