{"host":"51fyd6gkml7xavq8","time":1611006094,"event":{"mods":["BaseMod","BetterRewards","Colored Map","Energized Spire","Infinite Spire","Minty Spire (QoL Compilation)","Replay The Spire","Shop Mod","Spicy Shops","StSLib","The Blue Laboratory","[IsaacMod]????"],"gold_per_floor":[83,83,95,114,132,132,163,163,163,170,24,48,55,76,76,194,194,221,262,262,262,286,349,381,381,460,375,63,78,117,159,159,304,304,363,469,513,563,613,729,825,907,932,1027,1131,1131,1251,1350,1350,1586,1586,1693,1793,1800,1928,2208,2208,2208,2347,2347,2519,2469,2630,2802,3130,3130,3136,3136],"floor_reached":67,"language":"ENG","playtime":7023,"items_purged":["Replay:Hysterical Blindness","Decay","Writhe","Defend_G","Hallucinations","Bite"],"score":2153,"play_id":"be400cfe-735d-4fb9-a1fb-ac2fd6ede1ca","local_time":"20210118184134","is_ascension_mode":true,"campfire_choices":[{"data":"infinitespire:UltimateForm","floor":6.0,"key":"SMITH"},{"data":"Poisoned Stab","floor":8.0,"key":"SMITH"},{"data":"Noxious Fumes","floor":15.0,"key":"SMITH"},{"data":"Neutralize","floor":25.0,"key":"SMITH"},{"floor":32.0,"key":"REST"},{"data":"Panache","floor":49.0,"key":"SMITH"},{"data":"ReplayTheSpireMod:Brewmster","floor":57,"key":"SMITH"},{"floor":66,"key":"DIG"}],"circlet_count":0,"master_deck":["Defend_G+1","Defend_G+1","Defend_G","Survivor","Neutralize+1","infinitespire:UltimateForm+1","Poisoned Stab+1","Noxious Fumes+1","After Image+1","Bite+1","Bite","Bite","Bite+1","Panache+1","CurseOfTheBell","ReplayTheSpireMod:Brewmster+1","infinitespire:UltimateForm+1"],"relics":["Ring of the Snake","HushsDoor","PokeGo","TwistedFunnel","Cursed Key","SalivaCoin","PreservedInsect","Gremlin Horn","Membership Card","Art of War","energizedSpire:NeverEndingSparkler","Replay:WaspNest","Molten Egg 2","Singing Bowl","MerchantsRug","Garlic","Pen Nib","SteamSale","Peace Pipe","infinitespire:Broken Mirror","Juzu Bracelet","Dream Catcher","PrismaticShard","infinitespire:EvilPickle","DeathBook","infinitespire:Golems Mask","Replay:Rubber Ducky","Toxic Egg 2","Strange Spoon","GuppysPaw","Bird Faced Urn","TungstenRod","Gremlin Food","Lantern","Bag of Marbles","energizedSpire:OgreHead","infinitespire:Lychee Nut","Happy Flower","Chemical X","Replay:Multitool","Smiling Mask","Replay:Ringing Soul","Tiny Chest","Whetstone","Shovel","Blood Vial","ReplayTheSpireMod:CursedCoin","DollysMirror","ForgetMeNow","ReplayTheSpireMod:Shallot"],"acts_visited":["Exordium","TheCity","TheBeyond","Exordium"],"potions_floor_usage":[50,59,63,67,67,67,67],"damage_taken":[{"damage":0.0,"enemies":"Cultist","floor":1.0,"turns":4.0},{"damage":0.0,"enemies":"2 Louse","floor":3.0,"turns":2.0},{"damage":0.0,"enemies":"Small Slimes","floor":4.0,"turns":2.0},{"damage":0.0,"enemies":"Exordium Thugs","floor":5.0,"turns":6.0},{"damage":0.0,"enemies":"Gremlin Nob","floor":7.0,"turns":4.0},{"damage":2.0,"enemies":"Large Slime","floor":14.0,"turns":2.0},{"damage":3.0,"enemies":"Hexaghost","floor":16.0,"turns":9.0},{"damage":9.0,"enemies":"3 Byrds","floor":18.0,"turns":4.0},{"damage":2.0,"enemies":"Chosen","floor":19.0,"turns":3.0},{"damage":13.0,"enemies":"Centurion and Healer","floor":22.0,"turns":8.0},{"damage":38.0,"enemies":"Book of Stabbing","floor":23.0,"turns":5.0},{"damage":20.0,"enemies":"Cultist and Chosen","floor":24.0,"turns":5.0},{"damage":0.0,"enemies":"3 Cultists","floor":29.0,"turns":5.0},{"damage":27.0,"enemies":"Shelled Parasite and Fungi","floor":30.0,"turns":6.0},{"damage":23.0,"enemies":"Pondfish","floor":33.0,"turns":9.0},{"damage":20.0,"enemies":"Orb Walker","floor":35.0,"turns":4.0},{"damage":0.0,"enemies":"3 Darklings","floor":37.0,"turns":1.0},{"damage":0.0,"enemies":"Mind Bloom Boss Battle","floor":38.0,"turns":7.0},{"damage":0.0,"enemies":"Maw","floor":39.0,"turns":7.0},{"damage":42.0,"enemies":"Nightmare","floor":40.0,"turns":6.0},{"damage":29.0,"enemies":"Sphere and 2 Shapes","floor":41.0,"turns":7.0},{"damage":0.0,"enemies":"Giant Head","floor":42.0,"turns":7.0},{"damage":18.0,"enemies":"R_Hoarder","floor":44.0,"turns":6.0},{"damage":20.0,"enemies":"Jaw Worm Horde","floor":45.0,"turns":3.0},{"damage":14.0,"enemies":"Reptomancer","floor":47.0,"turns":4.0},{"damage":0.0,"enemies":"Writhing Mass","floor":48.0,"turns":5.0},{"damage":13,"enemies":"infinitespire:MassOfShapes","floor":50,"turns":10},{"damage":0,"enemies":"Small Slimes","floor":52,"turns":3},{"damage":0,"enemies":"2 Louse","floor":55,"turns":2},{"damage":15,"enemies":"Nightmare","floor":59,"turns":8},{"damage":5,"enemies":"Gremlin Nob","floor":61,"turns":5},{"damage":0,"enemies":"Cultist","floor":63,"turns":3},{"damage":5,"enemies":"Exordium Thugs","floor":64,"turns":3},{"damage":100,"enemies":"Delirium","floor":67,"turns":7}],"seed_played":"4566562896170487871","potions_obtained":[{"floor":1.0,"key":"LiquidMemories"},{"floor":3.0,"key":"Explosive Potion"},{"floor":14.0,"key":"blueLaboratory:PhilterOfMotion"},{"floor":19.0,"key":"blueLaboratory:BottledHope"},{"floor":22.0,"key":"blueLaboratory:EnragingPotion"},{"floor":30.0,"key":"blueLaboratory:AbyssPotion"},{"floor":35.0,"key":"Ancient Potion"},{"floor":37.0,"key":"blueLaboratory:PyrophylliteBrew"},{"floor":40.0,"key":"Energy Potion"},{"floor":47.0,"key":"blueLaboratory:FruitPunch"},{"floor":48.0,"key":"BlessingOfTheForge"},{"floor":55,"key":"Weak Potion"},{"floor":63,"key":"blueLaboratory:PolymorphPotion"}],"is_trial":false,"path_per_floor":["M","AVR","M","M","M","R","E","R","T","?","$","T","?","M","R","B",null,"M","M","?","?","M","E","M","R","T","?","$","M","M","$","R","B",null,"M","$","M","?","M","NM","M","E","T","E","M","AVR","E","M","R","B",null,"M","?","?","M","$","R","?","NM","T","E","?","M","M","$","R","B"],"character_chosen":"THE_SILENT","items_purchased":["TwistedFunnel","Membership Card","MerchantsRug","Panache","Garlic","Pen Nib","SteamSale","Doom Potion","LifebloodPotion","GamblersBrew","blueLaboratory:BlinkPotion","Peace Pipe","infinitespire:Broken Mirror","Juzu Bracelet","Dream Catcher","PrismaticShard","blueLaboratory:SuffocatingSmog","blueLaboratory:PolymorphPotion","FearPotion","Explosive Potion","Replay:Rubber Ducky","War Paint","BloodDonationMachine","Toxic Egg 2","Strange Spoon","Lee\u0027s Waffle","blueLaboratory:BottleOfRum","Strength Potion","Strength Potion","blueLaboratory:ArtificerPotion","infinitespire:Lychee Nut","Happy Flower","ReplayTheSpireMod:Brewmster","Chemical X","Replay:Multitool","Poison Potion","blueLaboratory:PyrophylliteBrew","PowerPotion","blueLaboratory:ForbiddenFruitJuice","Whetstone","Shovel","Blood Vial","ReplayTheSpireMod:CursedCoin","DollysMirror","ForgetMeNow"],"campfire_rested":1,"item_purchase_floors":[0,11,28,28,28,28,31,31,31,31,31,31,31,31,31,31,36,36,36,36,36,36,36,36,36,56,56,56,56,56,56,56,56,56,56,65,65,65,65,65,65,65,65,65,65],"current_hp_per_floor":[58,58,58,58,58,58,58,58,58,51,51,51,34,32,32,29,60,51,49,56,53,53,23,19,19,19,19,19,29,22,22,41,48,58,47,47,53,67,69,37,38,70,70,67,63,63,71,83,83,84,85,87,87,81,89,72,72,72,67,70,81,81,85,87,90,90,0,0],"gold":3136,"neow_bonus":"","is_daily":false,"chose_seed":false,"campfire_upgraded":6,"win_rate":0.0,"timestamp":1611006094,"path_taken":["M","AVR","?","M","M","R","E","R","T","?","$","?","?","?","R","BOSS","M","M","?","?","M","E","?","R","T","?","$","?","?","$","R","BOSS","M","$","M","?","M","NM","M","E","T","E","M","AVR","E","M","R","BOSS","M","?","?","M","?","R","?","NM","T","E","?","M","M","$","R","BOSS"],"items_purchased_type":["Relic","Relic","Relic","Card","Relic","Relic","Relic","Potion","Potion","Potion","Potion","Relic","Relic","Relic","Relic","Relic","Potion","Potion","Potion","Potion","Relic","Relic","Relic","Relic","Relic","Relic","Potion","Potion","Potion","Potion","Relic","Relic","Card","Relic","Relic","Potion","Potion","Potion","Potion","Relic","Relic","Relic","Relic","Relic","Relic"],"build_version":"2020-12-22","purchased_purges":6,"victory":false,"max_hp_per_floor":[70,70,70,70,70,70,70,70,70,70,70,70,70,70,70,70,70,70,70,77,53,53,53,53,53,53,53,53,55,57,57,59,61,61,63,63,65,67,69,71,73,75,75,77,79,79,81,83,83,85,85,87,87,87,89,72,72,72,76,79,81,81,85,87,90,90,90,90],"card_choices":[{"not_picked":["Quick Slash","Reflex","Escape Plan"],"picked":"SKIP","floor":1.0},{"not_picked":["Night Terror","Quick Slash","Leg Sweep"],"picked":"SKIP","floor":3.0},{"not_picked":["Acrobatics","Flying Knee","Dagger Spray"],"picked":"SKIP","floor":4.0},{"not_picked":["Setup","All Out Attack","Leg Sweep"],"picked":"SKIP","floor":5.0},{"not_picked":["Sneak Up","Escape Plan"],"picked":"Poisoned Stab","floor":7.0},{"not_picked":["Underhanded Strike","Backflip"],"picked":"Noxious Fumes","floor":14.0},{"not_picked":["Adrenaline","Die Die Die"],"picked":"After Image","floor":16.0},{"not_picked":["Calculated Gamble","Fluid Movement","Acrobatics"],"picked":"SKIP","floor":18.0},{"not_picked":["Expertise","Dodge and Roll","Dagger Throw+1"],"picked":"SKIP","floor":19.0},{"not_picked":["Outmaneuver+1","Blur","Fluid Movement"],"picked":"SKIP","floor":22.0},{"not_picked":["Outmaneuver+1","Blur","Fluid Movement"],"picked":"SKIP","floor":22.0},{"not_picked":["Catalyst","Calculated Gamble","Backflip+1"],"picked":"SKIP","floor":23.0},{"not_picked":["ReplayTheSpireMod:Scrap Shanks","Choke+1","ReplayTheSpireMod:The Works"],"picked":"SKIP","floor":24.0},{"not_picked":["Poisoned Stab+1","Night Terror","Heel Hook+1"],"picked":"Singing Bowl","floor":29.0},{"not_picked":["Outmaneuver","Bane+1","Slice+1"],"picked":"Singing Bowl","floor":30.0},{"not_picked":["Rebound+1","Sweeping Beam+1","True Grit"],"picked":"Singing Bowl","floor":32.0},{"not_picked":["All For One+1","Crow Ritual","Immolate+1"],"picked":"Singing Bowl","floor":33.0},{"not_picked":["All Out Attack+1","Carnage+1","Dark Embrace+1"],"picked":"Singing Bowl","floor":35.0},{"not_picked":["Reboot+1","Well Laid Plans","True Grit+1"],"picked":"Singing Bowl","floor":37.0},{"not_picked":["Flame Barrier+1","InnerPeace+1","ReplayTheSpireMod:Strike From Hell+1"],"picked":"Singing Bowl","floor":38.0},{"not_picked":["Compile Driver+1","Thunderclap+1","Warcry+1"],"picked":"Singing Bowl","floor":39.0},{"not_picked":["Wallop+1","Perfected Strike+1","Clash+1"],"picked":"Singing Bowl","floor":40.0},{"not_picked":["Halt+1","ThirdEye+1","Bane+1"],"picked":"Singing Bowl","floor":41.0},{"not_picked":["Dropkick+1","Storm+1","Abandon+1"],"picked":"Singing Bowl","floor":42.0},{"not_picked":["Storm+1","Shrug It Off+1","Replay:Poison Smokescreen+1"],"picked":"Singing Bowl","floor":44.0},{"not_picked":["Wild Strike+1","Barrage+1","Sword Boomerang+1"],"picked":"Singing Bowl","floor":45.0},{"not_picked":["Inflame","Acrobatics+1","Distribution+1"],"picked":"Singing Bowl","floor":47.0},{"not_picked":["Body Slam+1","Thunderclap+1","Skewer+1"],"picked":"Singing Bowl","floor":48.0},{"not_picked":["Scrawl+1","ReplayUltimateDefense","BloodyBrimstone+1"],"picked":"Singing Bowl","floor":50},{"not_picked":["Replay:BluntJabs+1","Pommel Strike+1","Predator+1"],"picked":"Singing Bowl","floor":52},{"not_picked":["Quick Slash+1","Sucker Punch+1","MentalFortress"],"picked":"Singing Bowl","floor":55},{"not_picked":["ConjureBlade+1","FlurryOfBlows+1","Havoc+1"],"picked":"Singing Bowl","floor":59},{"not_picked":["Replay:BluntJabs+1","Perfected Strike+1","Static Discharge"],"picked":"Singing Bowl","floor":61},{"not_picked":["Brutality","ReplayTheSpireMod:LeadingStrike+1","Armaments+1"],"picked":"Singing Bowl","floor":63},{"not_picked":["CutThroughFate+1","Inflame","Acrobatics+1"],"picked":"Singing Bowl","floor":64}],"player_experience":592827,"relics_obtained":[{"floor":7.0,"key":"PreservedInsect"},{"floor":9.0,"key":"Gremlin Horn"},{"floor":12.0,"key":"Art of War"},{"floor":23.0,"key":"Replay:WaspNest"},{"floor":26.0,"key":"Molten Egg 2"},{"floor":34.0,"key":"Omamori"},{"floor":34.0,"key":"DeathBook"},{"floor":34.0,"key":"infinitespire:Golems Mask"},{"floor":38.0,"key":"GuppysPaw"},{"floor":40.0,"key":"Bird Faced Urn"},{"floor":42.0,"key":"TungstenRod"},{"floor":43.0,"key":"Gremlin Food"},{"floor":44.0,"key":"Lantern"},{"floor":47.0,"key":"Bag of Marbles"},{"floor":59,"key":"Smiling Mask"},{"floor":60,"key":"Replay:Ringing Soul"},{"floor":61,"key":"Tiny Chest"},{"floor":66,"key":"ReplayTheSpireMod:Shallot"}],"event_choices":[{"cards_removed":["Pain"],"damage_healed":0.0,"max_hp_gain":0.0,"max_hp_loss":0.0,"gold_gain":0.0,"event_name":"Golden Wing","player_choice":"Card Removal","floor":10.0,"gold_loss":0.0,"damage_taken":7.0},{"damage_healed":0.0,"max_hp_gain":0.0,"max_hp_loss":0.0,"gold_gain":0.0,"event_name":"The Mausoleum","player_choice":"Opened","floor":20.0,"gold_loss":0.0,"damage_taken":0.0,"relics_obtained":["Strawberry"],"cards_obtained":["Writhe"]},{"damage_healed":0.0,"max_hp_gain":0.0,"max_hp_loss":24.0,"gold_gain":0.0,"event_name":"Vampires","player_choice":"Became a vampire","floor":21.0,"gold_loss":0.0,"damage_taken":0.0,"cards_obtained":["Bite","Bite","Bite","Bite","Bite"]},{"damage_healed":0.0,"max_hp_gain":0.0,"max_hp_loss":0.0,"gold_gain":0.0,"event_name":"Addict","player_choice":"Obtained Relic","floor":27.0,"gold_loss":85.0,"damage_taken":0.0,"relics_obtained":["Singing Bowl"]},{"damage_healed":0.0,"max_hp_gain":0.0,"max_hp_loss":0.0,"gold_gain":0.0,"event_name":"MindBloom","player_choice":"Fight","floor":38.0,"gold_loss":0.0,"damage_taken":0.0},{"damage_healed":0,"gold_gain":100,"player_choice":"Pray","damage_taken":0,"max_hp_gain":0,"max_hp_loss":0,"event_name":"Golden Shrine","floor":53,"gold_loss":0},{"cards_removed":["Defend_G"],"damage_healed":0,"gold_gain":0,"player_choice":"Card Removal","damage_taken":7,"max_hp_gain":0,"max_hp_loss":0,"event_name":"Golden Wing","floor":54,"gold_loss":0},{"damage_healed":0,"gold_gain":0,"player_choice":"Upgraded","damage_taken":0,"max_hp_gain":0,"max_hp_loss":0,"event_name":"Upgrade Shrine","floor":58,"gold_loss":0,"cards_upgraded":["After Image"]},{"cards_removed":["Doubt"],"damage_healed":0,"gold_gain":0,"player_choice":"Card Removal","damage_taken":0,"max_hp_gain":0,"max_hp_loss":0,"event_name":"The Cleric","floor":62,"gold_loss":50}],"is_beta":false,"boss_relics":[{"not_picked":["ChampionBelt","energizedSpire:EnergizedDie"],"picked":"energizedSpire:NeverEndingSparkler"},{"not_picked":[]},{"not_picked":["Sozu","Runic Pyramid"],"picked":"Calling Bell"},{"not_picked":[]},{"not_picked":["Ring of the Serpent","Replay:Bronze Core"],"picked":"energizedSpire:OgreHead"},{"not_picked":[]}],"items_purged_floors":[28,31,36,56,65,65],"is_endless":true,"potions_floor_spawned":[1,3,14,19,22,30,35,37,40,47,48,55,63],"killed_by":"Delirium","ascension_level":9}}