{"host":"oigynbtg272c19pw","time":1611001176,"event":{"mods":["BaseMod","Colored Map","Minty Spire (QoL Compilation)","Relic Stats","Slay the Relics Exporter","StSLib"],"gold_per_floor":[110,110,120,45,45,76,87,112,112,112,125,125,125,150,150,150,150],"floor_reached":16,"playtime":489,"items_purged":["Strike_R"],"score":286,"play_id":"0de25b2b-1db6-4b99-bfe3-3eadf7b8bae0","local_time":"20210118211936","is_ascension_mode":true,"campfire_choices":[{"data":"Carnage","floor":10.0,"key":"SMITH"},{"data":"Fiend Fire","floor":12.0,"key":"SMITH"},{"data":"Inflame","floor":13.0,"key":"SMITH"},{"data":"Hemokinesis","floor":15.0,"key":"SMITH"}],"circlet_count":0,"master_deck":["AscendersBane","Strike_R","Strike_R","Strike_R","Strike_R","Defend_R","Defend_R","Defend_R","Defend_R","Bash","Carnage+1","Pain","Burning Pact","Fiend Fire+1","Disarm","Pummel","Shrug It Off","Inflame+1","Hemokinesis+1"],"relics":["Burning Blood","NeowsBlessing","WarpedTongs","Omamori","WingedGreaves","Ornamental Fan","Pear"],"acts_visited":["Exordium"],"potions_floor_usage":[],"damage_taken":[{"damage":0.0,"enemies":"2 Louse","floor":1.0,"turns":1.0},{"damage":0.0,"enemies":"Cultist","floor":3.0,"turns":1.0},{"damage":0.0,"enemies":"3 Sentries","floor":6.0,"turns":2.0},{"damage":9.0,"enemies":"Jaw Worm","floor":7.0,"turns":3.0},{"damage":24.0,"enemies":"Lagavulin","floor":8.0,"turns":4.0},{"damage":21.0,"enemies":"Lots of Slimes","floor":11.0,"turns":5.0},{"damage":34.0,"enemies":"Gremlin Nob","floor":14.0,"turns":4.0},{"damage":26,"enemies":"Slime Boss","floor":16,"turns":6}],"seed_played":"-8110698068716277108","potions_obtained":[{"floor":1.0,"key":"Explosive Potion"},{"floor":3.0,"key":"EntropicBrew"}],"is_trial":false,"path_per_floor":["M","?","M","$","?","E","M","E","T","R","M","R","R","E","R","B"],"character_chosen":"IRONCLAD","items_purchased":[],"campfire_rested":0,"item_purchase_floors":[],"current_hp_per_floor":[74,74,75,75,75,75,72,54,54,54,39,39,39,21,21,0,0],"gold":150,"neow_bonus":"THREE_ENEMY_KILL","is_daily":false,"chose_seed":false,"campfire_upgraded":4,"win_rate":0.0,"timestamp":1611001176,"path_taken":["M","?","M","?","?","E","?","E","T","R","M","R","R","E","R","BOSS"],"items_purchased_type":[],"build_version":"2020-12-13","purchased_purges":1,"victory":false,"max_hp_per_floor":[75,75,75,75,75,75,75,75,75,75,75,75,75,85,85,85,85],"relic_stats":{"counters":[8,26],"Ornamental Fan":[4],"obtain_stats":[{"Pear":14,"NeowsBlessing":0,"Ornamental Fan":9,"WingedGreaves":8,"Omamori":6,"Burning Blood":0,"WarpedTongs":2},{"Pear":7,"NeowsBlessing":0,"Ornamental Fan":5,"WingedGreaves":5,"Omamori":3,"Burning Blood":0,"WarpedTongs":1},{"Pear":20,"NeowsBlessing":0,"Ornamental Fan":11,"WingedGreaves":11,"Omamori":4,"Burning Blood":0,"WarpedTongs":1}],"Burning Blood":31,"WarpedTongs":[25]},"card_choices":[{"not_picked":["Sever Soul","Havoc"],"picked":"Carnage","floor":1.0},{"not_picked":["Armaments","Twin Strike"],"picked":"Burning Pact","floor":3.0},{"not_picked":["Havoc","Searing Blow"],"picked":"Disarm","floor":6.0},{"not_picked":["Armaments","Headbutt"],"picked":"Pummel","floor":7.0},{"not_picked":["Searing Blow","Clash"],"picked":"Shrug It Off","floor":8.0},{"not_picked":["Clothesline","Pommel Strike"],"picked":"Inflame","floor":11.0},{"not_picked":["Bludgeon","Cleave"],"picked":"Hemokinesis","floor":14.0}],"player_experience":1435022,"relics_obtained":[{"floor":6.0,"key":"Omamori"},{"floor":8.0,"key":"WingedGreaves"},{"floor":9.0,"key":"Ornamental Fan"},{"floor":14.0,"key":"Pear"}],"event_choices":[{"damage_healed":0.0,"max_hp_gain":0.0,"max_hp_loss":0.0,"gold_gain":0.0,"event_name":"Accursed Blacksmith","player_choice":"Rummage","floor":2.0,"gold_loss":0.0,"damage_taken":0.0,"relics_obtained":["WarpedTongs"],"cards_obtained":["Pain"]},{"damage_healed":0.0,"max_hp_gain":0.0,"max_hp_loss":0.0,"gold_gain":0.0,"event_name":"Match and Keep!","player_choice":"1 cards matched","floor":5.0,"gold_loss":0.0,"damage_taken":0.0,"cards_obtained":["Fiend Fire"]}],"is_beta":false,"boss_relics":[],"items_purged_floors":[4],"is_endless":false,"potions_floor_spawned":[1,3,8],"killed_by":"Slime Boss","ascension_level":20}}