{"host":"684z1xpuwaoqmmh1","time":1611009405,"event":{"mods":["Bard","BaseMod","Downfall","Hermit","Jorbs\u0027s Wanderer Trilogy","Marisa????????","Minty Spire (QoL Compilation)","Robot Space Explorer","Shade Mod","StSLib","The Bug Knight","The Cursed","The Hayseed","The Hierophant","The Marked","The Mystic","The Runesmith","The Senshi","The Spell Scribe"],"gold_per_floor":[109,119,129,204,222,222,254,254,254,254,287,307,307,341,341,442,442,458,54,16,115,131,159,159,185,211,239,239,249,249,249,249,348,348,363,374,390,390,390,390,419,434,434,449,469,489,489,489,489],"floor_reached":48,"language":"ENG","playtime":2250,"items_purged":["Shade:Strike_Shade"],"score":704,"play_id":"bb537d50-d9be-48cf-98ae-9cc29504c378","local_time":"20210119003645","is_ascension_mode":true,"campfire_choices":[{"data":"Shade:Putrefaction","floor":8.0,"key":"SMITH"},{"data":"Shade:Bonestorm","floor":13.0,"key":"SMITH"},{"data":"Shade:AnimateDead","floor":15.0,"key":"SMITH"},{"data":"Shade:Coordination","floor":24.0,"key":"SMITH"},{"floor":28.0,"key":"REST"},{"data":"Shade:Carnophage","floor":32.0,"key":"SMITH"},{"floor":40.0,"key":"RECALL"},{"floor":47,"key":"REST"}],"circlet_count":0,"master_deck":["Shade:Strike_Shade","Shade:Strike_Shade","Shade:Strike_Shade","Shade:Defend_Shade","Shade:Defend_Shade","Shade:Defend_Shade","Shade:Defend_Shade","Shade:AnimateDead+1","Shade:CarefulCut","Shade:FleshToFlesh","Shade:AuraOfUnlife","Shade:Bonestorm+1","Shade:Asphyxiate","Shade:Putrefaction+1","Shade:SensePrey","Shade:ClawBack","Shade:Coordination+1","Shade:FleshOffering","Shade:Carnophage+1","Shade:StitchTogether","Shade:GreyBargain","Shade:CloudOfShrapnel","Shade:StitchTogether+1","Shade:FleshToFlesh+1","Shade:GraveStillness","Shade:Putrefaction","Shade:FreshBones+1","Shade:CoffinDance+1","Shade:PoundOfFlesh+1","Shade:LoseControl","Shade:FleshToFlesh","Shade:FeralStrike+1","Shade:TouchOfTheGrave"],"relics":["Shade:YorickSkull","Ornamental Fan","Pear","Bird Faced Urn","sneckomod:SneckoTalon","Bottled Tornado","Darkstone Periapt","Potion Belt","Tiny Chest","Bottled Flame","Philosopher\u0027s Stone","Sundial","Toy Ornithopter","Blue Candle"],"acts_visited":["Exordium","TheCity","TheBeyond"],"potions_floor_usage":[],"damage_taken":[{"damage":1.0,"enemies":"2 Louse","floor":1.0,"turns":3.0},{"damage":0.0,"enemies":"Small Slimes","floor":2.0,"turns":5.0},{"damage":0.0,"enemies":"Cultist","floor":3.0,"turns":4.0},{"damage":1.0,"enemies":"3 Louse","floor":5.0,"turns":3.0},{"damage":0.0,"enemies":"HollowMod:MossKnight","floor":7.0,"turns":12.0},{"damage":4.0,"enemies":"Lagavulin","floor":11.0,"turns":5.0},{"damage":2.0,"enemies":"Looter","floor":12.0,"turns":4.0},{"damage":1.0,"enemies":"3 Sentries","floor":14.0,"turns":5.0},{"damage":11.0,"enemies":"Slime Boss","floor":16.0,"turns":8.0},{"damage":4.0,"enemies":"Spheric Guardian","floor":18.0,"turns":5.0},{"damage":12.0,"enemies":"3 Byrds","floor":22.0,"turns":3.0},{"damage":42.0,"enemies":"Slavers","floor":23.0,"turns":5.0},{"damage":14.0,"enemies":"Gremlin Leader","floor":25.0,"turns":6.0},{"damage":56.0,"enemies":"Book of Stabbing","floor":27.0,"turns":6.0},{"damage":29.0,"enemies":"Centurion and Healer","floor":29.0,"turns":7.0},{"damage":45.0,"enemies":"Collector","floor":33.0,"turns":8.0},{"damage":8.0,"enemies":"Orb Walker","floor":35.0,"turns":4.0},{"damage":0.0,"enemies":"3 Shapes","floor":36.0,"turns":2.0},{"damage":33.0,"enemies":"Spire Growth","floor":37.0,"turns":5.0},{"damage":55.0,"enemies":"Giant Head","floor":41.0,"turns":9.0},{"damage":35.0,"enemies":"Maw","floor":42.0,"turns":8.0},{"damage":20.0,"enemies":"Transient","floor":44.0,"turns":5.0},{"damage":22.0,"enemies":"Writhing Mass","floor":45.0,"turns":6.0},{"damage":33,"enemies":"Spire Growth","floor":46,"turns":6},{"damage":46,"enemies":"Nemesis","floor":48,"turns":3}],"seed_played":"1640335053277750769","potions_obtained":[{"floor":2.0,"key":"AttackPotion"},{"floor":3.0,"key":"LiquidMemories"},{"floor":7.0,"key":"Weak Potion"},{"floor":10.0,"key":"PowerPotion"},{"floor":11.0,"key":"SmokeBomb"},{"floor":18.0,"key":"DuplicationPotion"},{"floor":23.0,"key":"SkillPotion"},{"floor":36.0,"key":"bronze:BurnAndBuffPotion"},{"floor":42.0,"key":"FearPotion"}],"is_trial":false,"path_per_floor":["M","M","M","?","M","?","E","R","T","?","E","M","R","E","R","B",null,"M","$","$","?","M","E","R","E","T","E","R","M","?","?","R","B",null,"M","M","M","?","T","R","E","M","T","M","M","M","R","E"],"character_chosen":"SHADE","items_purchased":["Shade:Carnophage","Bottled Tornado","Shade:StitchTogether"],"campfire_rested":2,"item_purchase_floors":[19,19,20],"current_hp_per_floor":[70,70,70,59,58,63,63,63,63,63,69,67,67,66,66,59,86,82,82,82,82,76,51,51,47,47,20,45,45,45,45,45,29,86,84,86,57,57,57,57,32,28,28,21,28,7,32,0,0],"gold":489,"neow_bonus":"TEN_PERCENT_HP_BONUS","is_daily":false,"chose_seed":false,"campfire_upgraded":5,"win_rate":0.0,"timestamp":1611009405,"path_taken":["M","M","M","?","M","?","E","R","T","?","E","M","R","E","R","BOSS","M","?","$","?","M","E","R","E","T","E","R","M","?","?","R","BOSS","M","M","M","?","?","R","E","M","T","M","M","M","R","E"],"items_purchased_type":["Card","Relic","Card"],"build_version":"2020-12-22","purchased_purges":1,"victory":false,"max_hp_per_floor":[71,71,71,71,71,76,76,76,76,76,86,86,86,86,86,86,86,86,86,86,86,86,86,86,86,86,86,86,86,86,86,86,86,86,86,86,86,86,86,86,86,86,86,86,86,86,86,86,86],"card_choices":[{"not_picked":["Shade:WallOfFlesh","Shade:Brains"],"picked":"Shade:FleshToFlesh","floor":1.0},{"not_picked":["Shade:Brains","Shade:FuneraryArmor"],"picked":"Shade:AuraOfUnlife","floor":2.0},{"not_picked":["Shade:FleshToFlesh","Shade:AncientSpear"],"picked":"Shade:Bonestorm","floor":3.0},{"not_picked":["Shade:ClawBack","Shade:SanguineRitual"],"picked":"Shade:Asphyxiate","floor":5.0},{"not_picked":["Shade:SpectralStrikes","Shade:OpenGraves"],"picked":"Shade:Putrefaction","floor":7.0},{"not_picked":["Shade:FuneraryArmor","Shade:SpontaneousRitual","Shade:SanguineRitual"],"picked":"SKIP","floor":11.0},{"not_picked":["Shade:BoneShards","Shade:PoundOfFlesh"],"picked":"Shade:SensePrey","floor":12.0},{"not_picked":["Shade:BoneShards","Shade:Excise"],"picked":"Shade:ClawBack","floor":14.0},{"not_picked":["Shade:SoulPierce","Shade:LoseControl"],"picked":"Shade:Coordination","floor":16.0},{"not_picked":["Shade:Patience","Shade:Premonition"],"picked":"Shade:FleshOffering","floor":18.0},{"not_picked":["Shade:ClawBack","Shade:Asphyxiate"],"picked":"Shade:GreyBargain","floor":22.0},{"not_picked":["Shade:FreshBones","Shade:FeralStrike"],"picked":"Shade:CloudOfShrapnel","floor":23.0},{"not_picked":["Shade:SpectralStrikes+1","Shade:Frenzy"],"picked":"Shade:StitchTogether+1","floor":25.0},{"not_picked":["Shade:WallOfFlesh+1","Shade:CoffinDance"],"picked":"Shade:FleshToFlesh+1","floor":27.0},{"not_picked":["Shade:DangerousRitual","Shade:Asphyxiate+1"],"picked":"Shade:GraveStillness","floor":29.0},{"not_picked":["Shade:DarkOfNight","Shade:MadHubris"],"picked":"Shade:Putrefaction","floor":33.0},{"not_picked":["Shade:BoneShards","Shade:Premonition"],"picked":"Shade:FreshBones+1","floor":35.0},{"not_picked":["Shade:ClawBack+1","Shade:Patience+1"],"picked":"Shade:CoffinDance+1","floor":36.0},{"not_picked":["Shade:BoneShards+1","Shade:SoulToxin","Shade:Frenzy+1"],"picked":"SKIP","floor":37.0},{"not_picked":["Shade:BoneShards+1","Shade:SoulToxin","Shade:Frenzy+1"],"picked":"SKIP","floor":37.0},{"not_picked":["Shade:SkeletonHug","Shade:FuneraryJewels+1"],"picked":"Shade:PoundOfFlesh+1","floor":41.0},{"not_picked":["Shade:FreshBones","Shade:Frenzy+1"],"picked":"Shade:LoseControl","floor":42.0},{"not_picked":["Shade:TouchOfTheGrave+1","Shade:FeralStrike"],"picked":"Shade:FleshToFlesh","floor":44.0},{"not_picked":["Shade:Premonition","Shade:SanguineRitual"],"picked":"Shade:FeralStrike+1","floor":45.0},{"not_picked":["Shade:ClawBack","Shade:FleshOffering"],"picked":"Shade:TouchOfTheGrave","floor":46}],"player_experience":2909441,"relics_obtained":[{"floor":7.0,"key":"Ornamental Fan"},{"floor":11.0,"key":"Pear"},{"floor":14.0,"key":"Bird Faced Urn"},{"floor":23.0,"key":"Darkstone Periapt"},{"floor":25.0,"key":"Potion Belt"},{"floor":26.0,"key":"Tiny Chest"},{"floor":27.0,"key":"Bottled Flame"},{"floor":39.0,"key":"Sundial"},{"floor":41.0,"key":"Toy Ornithopter"},{"floor":43.0,"key":"Blue Candle"}],"event_choices":[{"damage_healed":0.0,"max_hp_gain":0.0,"max_hp_loss":0.0,"gold_gain":75.0,"event_name":"World of Goop","player_choice":"Gather Gold","floor":4.0,"gold_loss":0.0,"damage_taken":11.0},{"damage_healed":0.0,"max_hp_gain":5.0,"max_hp_loss":0.0,"gold_gain":0.0,"event_name":"Big Fish","player_choice":"Donut","floor":6.0,"gold_loss":0.0,"damage_taken":0.0},{"damage_healed":0.0,"max_hp_gain":0.0,"max_hp_loss":0.0,"gold_gain":0.0,"event_name":"Lab","player_choice":"Got Potions","floor":10.0,"gold_loss":0.0,"damage_taken":0.0},{"damage_healed":0.0,"max_hp_gain":0.0,"max_hp_loss":0.0,"gold_gain":99.0,"event_name":"Nest","player_choice":"Stole From Cult","floor":21.0,"gold_loss":0.0,"damage_taken":0.0},{"damage_healed":0.0,"max_hp_gain":0.0,"max_hp_loss":0.0,"gold_gain":0.0,"event_name":"Tomb of Lord Red Mask","player_choice":"Ignored","floor":38.0,"gold_loss":0.0,"damage_taken":0.0}],"is_beta":false,"boss_relics":[{"not_picked":["Cursed Key","Coffee Dripper"],"picked":"sneckomod:SneckoTalon"},{"not_picked":["Sozu","Empty Cage"],"picked":"Philosopher\u0027s Stone"}],"items_purged_floors":[19],"is_endless":false,"potions_floor_spawned":[2,3,7,11,18,23,25,36,42],"killed_by":"Nemesis","ascension_level":3}}