{"host":"pletss163z7s8pvv","time":1611012233,"event":{"mods":["AchievementEnabler","BaseMod","Better Altar","CapriCore","Colored Map","Colored Powertips","Conspire","Energized Spire","GifTheSpireLib","Hermit","Ironclad Rager","Jedi Mod","Minty Spire (QoL Compilation)","Spicy Shops","StS++","StSLib","The Alterego","The Bladedancer","The Cursed","The Disciple","The Immortal","The Marked","The Servant 0.9.4"],"gold_per_floor":[118,136,149,149,149,149,180,180,232,248,271,321,321,2,2,125,125,116,36,61,76,76,76,96,96,173,198,221,221,221],"floor_reached":29,"language":"ENG","playtime":1421,"items_purged":[],"score":225,"play_id":"855eff53-0f61-4fb9-9223-bd0688993527","local_time":"20210118172353","is_ascension_mode":false,"campfire_choices":[{"floor":6,"key":"REST"},{"floor":8,"key":"REST"},{"floor":13,"key":"RECALL"},{"floor":15,"key":"REST"},{"floor":23,"key":"REST"}],"circlet_count":0,"master_deck":["Moderato+1","Moderato+1","Accelerando+1","Allegro","Strike_Br","Strike_Br","Strike_Br","Strike_Br","Defend_Br","Defend_Br","Defend_Br","Defend_Br","SecondHand","PatternShift","Allegro","BeatsPerMinute+1","Analog","Backlash","LockedAnchor","LockedWarPaint","LockedAnchor","BlueShift","OldTimer","LockedScales+1","Echoward","Recurrance","Goo","ReapSow","PrimeTime","CrunchTime"],"relics":["Chronometer","Golden Idol","Bag of Marbles","Anchor","Membership Card","jedi:bottledfury","Cauldron","Singing Bowl","Happy Flower"],"acts_visited":["Exordium","TheCity"],"potions_floor_usage":[7,16,16,19,21,29],"damage_taken":[{"damage":1,"enemies":"Jaw Worm","floor":1,"turns":9},{"damage":12,"enemies":"Small Slimes","floor":2,"turns":3},{"damage":6,"enemies":"Cultist","floor":3,"turns":4},{"damage":30,"enemies":"Gremlin Nob","floor":7,"turns":5},{"damage":6,"enemies":"conspire:2 RoseBushes","floor":10,"turns":5},{"damage":0,"enemies":"Large Slime","floor":11,"turns":4},{"damage":50,"enemies":"The Guardian","floor":16,"turns":15},{"damage":20,"enemies":"2 Thieves","floor":18,"turns":4},{"damage":16,"enemies":"Chosen","floor":20,"turns":6},{"damage":21,"enemies":"conspire:HollyBat","floor":21,"turns":9},{"damage":12,"enemies":"Snecko","floor":24,"turns":7},{"damage":27,"enemies":"Centurion and Healer","floor":28,"turns":5},{"damage":3,"enemies":"conspire:HollyBat","floor":29,"turns":4}],"seed_played":"1592330704281944851","potions_obtained":[{"floor":2,"key":"DistilledChaos"},{"floor":7,"key":"SpeedPotion"},{"floor":10,"key":"Energy Potion"},{"floor":11,"key":"Ancient Potion"},{"floor":18,"key":"Dexterity Potion"},{"floor":19,"key":"Fruit Juice"},{"floor":19,"key":"StSpp:InhibitionPotion"},{"floor":19,"key":"PowerPotion"},{"floor":28,"key":"Block Potion"}],"is_trial":false,"path_per_floor":["M","M","M","?","?","R","E","R","T","M","M","T","R","$","R","B",null,"M","$","M","M","?","R","M","?","T","T","M","M"],"character_chosen":"CHRONO_CLASS","items_purchased":["Membership Card","jedi:bottledfury","LockedAnchor","BlueShift","Cauldron","Echoward","Recurrance"],"campfire_rested":4,"item_purchase_floors":[14,14,14,14,19,19,19],"current_hp_per_floor":[70,58,52,52,35,56,26,47,47,41,41,41,41,41,62,12,71,51,56,40,19,19,41,29,29,29,29,2,0,0],"gold":221,"neow_bonus":"TEN_PERCENT_HP_BONUS","is_daily":false,"chose_seed":false,"campfire_upgraded":0,"win_rate":0.0,"timestamp":1611012233,"path_taken":["M","M","M","?","?","R","E","R","T","?","M","?","R","$","R","BOSS","M","$","M","?","?","R","M","?","T","?","M","?"],"items_purchased_type":["Relic","Relic","Card","Card","Relic","Card","Card"],"build_version":"2020-12-22","purchased_purges":0,"victory":false,"max_hp_per_floor":[71,71,71,71,71,71,71,71,71,71,71,71,71,71,71,71,71,71,76,76,76,76,76,76,76,76,76,76,76,76],"card_choices":[{"not_picked":["CrunchTime","Echoward"],"picked":"Tempo","floor":1},{"not_picked":["BlueShift","WindUp"],"picked":"BeatsPerMinute","floor":2},{"not_picked":["TickedOff","Flay"],"picked":"Analog","floor":3},{"not_picked":["Stagnate","ShortSighted"],"picked":"Backlash","floor":7},{"not_picked":["ResonantCall","ReapSow"],"picked":"LockedAnchor","floor":10},{"not_picked":["LockedAnchor","CrunchTime"],"picked":"LockedWarPaint","floor":11},{"not_picked":["MasterKey","LockedLightning"],"picked":"OldTimer","floor":16},{"not_picked":["BlueShift","LockedMedicine"],"picked":"LockedScales+1","floor":18},{"not_picked":["SlimeSpray","Cuckoo"],"picked":"Goo","floor":20},{"not_picked":["LockedWhetstone+1","LockedOrichalcum"],"picked":"ReapSow","floor":21},{"not_picked":["AlternateTimeline","BlueShift"],"picked":"PrimeTime","floor":24},{"not_picked":["VestedLegacy","ExoVibe"],"picked":"CrunchTime","floor":28}],"player_experience":424488,"relics_obtained":[{"floor":7,"key":"Bag of Marbles"},{"floor":12,"key":"Anchor"},{"floor":26,"key":"Singing Bowl"},{"floor":27,"key":"Happy Flower"}],"event_choices":[{"damage_healed":0,"gold_gain":0,"player_choice":"Grow","damage_taken":0,"max_hp_gain":0,"max_hp_loss":0,"event_name":"Living Wall","floor":4,"gold_loss":0,"cards_upgraded":["BeatsPerMinute"]},{"damage_healed":0,"gold_gain":0,"player_choice":"Take Damage","damage_taken":17,"relics_obtained":["Golden Idol"],"max_hp_gain":0,"max_hp_loss":0,"event_name":"Golden Idol","floor":5,"gold_loss":0},{"damage_healed":0,"gold_gain":0,"player_choice":"Ignored","damage_taken":0,"max_hp_gain":0,"max_hp_loss":0,"event_name":"Ghosts","floor":22,"gold_loss":0},{"damage_healed":0,"gold_gain":0,"player_choice":"Ignored","damage_taken":0,"max_hp_gain":0,"max_hp_loss":0,"event_name":"Vampires","floor":25,"gold_loss":0}],"is_beta":false,"boss_relics":[{"not_picked":["Runic Dome","jedi:battlestandard","StSpp:FireArrow"]}],"items_purged_floors":[],"is_endless":false,"potions_floor_spawned":[2,7,10,11,18,28],"killed_by":"conspire:HollyBat","ascension_level":0}}