{"host":"bydnmyvf669xu6ab","time":1611012907,"event":{"mods":["Aspiration","BaseMod","Better Note","BetterRewards","Colored Map","Colored Powertips","Minty Spire (QoL Compilation)","Rare Cards Sparkle","Relic Stats","Shop Mod","StSLib","SuperFastMode","Virulent Crown"],"gold_per_floor":[115,115,128,142,154,154,181,181,204,10,10,45,57,86,86,191,191,201,211,211,211,133,167,167,179,179,179,204,479,337,30,30,134,134,152,162,212,212,227,227,261,261,261,289,300,314,314,314,314,314,314,314,5,34,34],"floor_reached":56,"language":"ENG","playtime":2847,"items_purged":["Regret"],"score":1702,"play_id":"c40c6616-6405-4204-930d-1857ac1c9f1e","local_time":"20210118153507","is_ascension_mode":true,"campfire_choices":[{"data":"1","floor":6,"key":"LIFT"},{"data":"2","floor":8,"key":"LIFT"},{"data":"3","floor":11,"key":"LIFT"},{"data":"Armaments","floor":15,"key":"SMITH"},{"data":"Metallicize","floor":24,"key":"SMITH"},{"floor":27,"key":"RECALL"},{"data":"Metallicize","floor":32,"key":"SMITH"},{"data":"Evolve","floor":40,"key":"SMITH"},{"data":"Barricade","floor":42,"key":"SMITH"},{"data":"Offering","floor":47,"key":"SMITH"},{"data":"Power Through","floor":49,"key":"SMITH"},{"data":"Battle Trance","floor":52,"key":"SMITH"}],"circlet_count":0,"master_deck":["Strike_R","Strike_R","Strike_R","Strike_R","Strike_R","Defend_R","Defend_R","Defend_R","Defend_R","Bash","Metallicize+1","Inflame","Rampage+1","Cleave","Battle Trance+1","Evolve+1","Armaments+1","Shrug It Off","Inflame","Pommel Strike","Double Tap+1","Power Through+1","Heavy Blade+1","Metallicize+1","Pummel+1","Infernal Blade+1","Metallicize+1","Offering+1","Seeing Red+1","Warcry+1","Feel No Pain+1","Barricade+1","Body Slam+1","Iron Wave+1","Madness","Madness","Berserk"],"relics":["Burning Blood","MealTicket","PreservedInsect","HornCleat","Incense Burner","Lee\u0027s Waffle","Girya","aspiration:FetidBarrel","aspiration:Lifesprig","Anchor","Potion Belt","Ancient Tea Set","Mark of Pain","Orichalcum","Turnip","Thread and Needle","SlaversCollar","Gambling Chip","Mango","Kunai","Darkstone Periapt","Torii","Boot"],"acts_visited":["Exordium","TheCity","TheBeyond","TheEnding"],"potions_floor_usage":[14,23,28,33,37,50,55,55,55],"damage_taken":[{"damage":2,"enemies":"2 Louse","floor":1,"turns":3},{"damage":0,"enemies":"Cultist","floor":3,"turns":3},{"damage":1,"enemies":"Jaw Worm","floor":4,"turns":3},{"damage":2,"enemies":"Blue Slaver","floor":5,"turns":4},{"damage":0,"enemies":"Gremlin Nob","floor":7,"turns":3},{"damage":7,"enemies":"Lagavulin","floor":12,"turns":4},{"damage":0,"enemies":"Looter","floor":13,"turns":3},{"damage":0,"enemies":"Gremlin Nob","floor":14,"turns":3},{"damage":31,"enemies":"The Guardian","floor":16,"turns":9},{"damage":0,"enemies":"Spheric Guardian","floor":18,"turns":3},{"damage":0,"enemies":"Shell Parasite","floor":19,"turns":4},{"damage":0,"enemies":"Book of Stabbing","floor":23,"turns":3},{"damage":0,"enemies":"3 Cultists","floor":25,"turns":5},{"damage":2,"enemies":"Slavers","floor":28,"turns":2},{"damage":7,"enemies":"Collector","floor":33,"turns":9},{"damage":6,"enemies":"Orb Walker","floor":35,"turns":3},{"damage":6,"enemies":"3 Shapes","floor":36,"turns":2},{"damage":18,"enemies":"Mind Bloom Boss Battle","floor":37,"turns":4},{"damage":0,"enemies":"Sphere and 2 Shapes","floor":39,"turns":3},{"damage":0,"enemies":"Giant Head","floor":41,"turns":6},{"damage":6,"enemies":"Reptomancer","floor":44,"turns":2},{"damage":6,"enemies":"Maw","floor":45,"turns":6},{"damage":6,"enemies":"3 Darklings","floor":46,"turns":5},{"damage":10,"enemies":"Donu and Deca","floor":50,"turns":8},{"damage":26,"enemies":"Shield and Spear","floor":54,"turns":7},{"damage":45,"enemies":"The Heart","floor":55,"turns":10}],"seed_played":"5499306302394822012","potions_obtained":[{"floor":1,"key":"FearPotion"},{"floor":13,"key":"BlessingOfTheForge"},{"floor":14,"key":"SteroidPotion"},{"floor":16,"key":"SpeedPotion"},{"floor":23,"key":"SkillPotion"},{"floor":28,"key":"Block Potion"},{"floor":33,"key":"Block Potion"},{"floor":35,"key":"Strength Potion"},{"floor":36,"key":"EssenceOfSteel"},{"floor":37,"key":"AttackPotion"}],"is_trial":false,"path_per_floor":["M","?","M","M","M","R","E","R","T","$","R","E","M","E","R","B",null,"M","M","$","?","$","E","R","M","T","R","E","?","$","$","R","B",null,"M","M","?","?","M","R","E","R","T","E","M","M","R","?","R","B",null,"R","$","E","B",null],"character_chosen":"IRONCLAD","items_purchased":["MealTicket","PreservedInsect","Metallicize","HornCleat","Inflame","Lee\u0027s Waffle","Girya","Anchor","Shrug It Off","Metallicize","Metallicize","Thread and Needle","Torii"],"campfire_rested":0,"item_purchase_floors":[0,0,0,0,0,0,0,10,10,22,30,31,53],"current_hp_per_floor":[87,87,87,87,87,87,87,87,87,87,87,86,87,87,87,62,87,87,87,87,87,87,87,87,87,87,87,87,87,87,87,87,86,87,87,87,75,75,81,81,101,101,101,101,101,101,101,88,88,84,101,101,101,81,42],"gold":34,"neow_bonus":"","is_daily":false,"chose_seed":false,"campfire_upgraded":8,"win_rate":0.0,"timestamp":1611012907,"path_taken":["M","?","M","M","M","R","E","R","T","$","R","E","M","E","R","BOSS","M","M","?","?","$","E","R","M","T","R","E","?","?","$","R","BOSS","M","?","?","?","?","R","E","R","T","E","M","M","R","?","R","BOSS","R","$","E","BOSS"],"items_purchased_type":["Relic","Relic","Card","Relic","Card","Relic","Relic","Relic","Card","Card","Card","Relic","Relic"],"build_version":"2020-12-22","purchased_purges":1,"victory":true,"max_hp_per_floor":[87,87,87,87,87,87,87,87,87,87,87,87,87,87,87,87,87,87,87,87,87,87,87,87,87,87,87,87,87,87,87,87,87,87,87,87,87,87,87,87,101,101,101,101,101,101,101,101,101,101,101,101,101,101,101],"relic_stats":{"Darkstone Periapt":0,"Lee\u0027s Waffle":55,"Torii":9,"counters":[307,1435],"PreservedInsect":405,"Orichalcum":[48],"Boot":[10],"Burning Blood":1544,"Gambling Chip":[15],"MealTicket":0,"Turnip":[13],"Kunai":[18],"obtain_stats":[{"Whetstone":43,"Bottled Tornado":40,"Boot":29,"Blood Vial":25,"Sundial":24,"MealTicket":14,"HandDrill":0,"Kunai":0,"aspiration:DSix":13,"Runic Cube":17,"MerchantsRug":24,"Pear":53,"Blue Candle":6,"Eternal Feather":43,"Pen Nib":42,"aspiration:FrozenJewel":0,"SlaversCollar":34,"Bird Faced Urn":37,"MutagenicStrength":28,"Mark of Pain":34,"aspiration:Lifesprig":54,"Regal Pillow":27,"Lantern":38,"Torii":46,"Singing Bowl":7,"Bag of Preparation":31,"Ancient Tea Set":7,"Cursed Key":34,"Smiling Mask":23,"Burning Blood":0,"Matryoshka":0,"aspiration:AnachronicSnailShell":23,"Toolbox":0,"Chemical X":0,"aspiration:FutureDiary":17,"aspiration:ChemicalBlood":9,"Paper Frog":43,"Potion Belt":0,"Lee\u0027s Waffle":0,"Self Forming Clay":25,"Thread and Needle":0,"The Courier":9,"PreservedInsect":21,"Omamori":13,"Frozen Egg 2":26,"Busted Crown":34,"Ornamental Fan":54,"Orrery":37,"Turnip":9,"Art of War":26,"Champion Belt":41,"Toy Ornithopter":0,"Ice Cream":19,"Calipers":12,"Tiny House":17,"Gremlin Horn":17,"Vajra":42,"Centennial Puzzle":41,"Lizard Tail":28,"HornCleat":2,"DollysMirror":0,"Strawberry":10,"Philosopher\u0027s Stone":17,"aspiration:ArtOfWarUpgrade":23,"Toxic Egg 2":3,"Girya":0,"Happy Flower":11,"aspiration:Nostalgia":53,"Astrolabe":17,"Dead Branch":42,"Oddly Smooth Stone":25,"Charon\u0027s Ashes":17,"aspiration:SeaSaltIceCream":43,"Letter Opener":43,"War Paint":28,"aspiration:HiddenCompartment":21,"Question Card":14,"Du-Vu Doll":26,"OrangePellets":53,"Bottled Flame":40,"Shuriken":31,"Bronze Scales":19,"Molten Egg 2":26,"Meat on the Bone":29,"Darkstone Periapt":36,"SacredBark":17,"Black Blood":17,"Mango":41,"Juzu Bracelet":22,"Incense Burner":0,"PrismaticShard":22,"aspiration:StickyExplosives_weak":27,"ClockworkSouvenir":30,"Dream Catcher":25,"aspiration:DefectSkillbook":17,"Gambling Chip":28,"Pantograph":5,"Tiny Chest":0,"Red Skull":38,"aspiration:FetidBarrel":4,"aspiration:HummingbirdHeart":10,"Odd Mushroom":12,"Orichalcum":53,"Medical Kit":31,"White Beast Statue":48,"Calling Bell":17,"Anchor":9,"CaptainsWheel":54,"Bag of Marbles":14,"Coffee Dripper":34,"Membership Card":19,"PureWater":53,"FossilizedHelix":0},{"Whetstone":33,"Bottled Tornado":252,"Boot":138,"Blood Vial":92,"Sundial":25,"MealTicket":85,"HandDrill":258,"Kunai":39,"aspiration:DSix":85,"Runic Cube":241,"MerchantsRug":185,"Pear":279,"Blue Candle":235,"Eternal Feather":226,"Pen Nib":73,"aspiration:FrozenJewel":148,"SlaversCollar":296,"Bird Faced Urn":222,"MutagenicStrength":246,"Mark of Pain":67,"aspiration:Lifesprig":78,"Regal Pillow":93,"Lantern":192,"Torii":74,"Singing Bowl":177,"Bag of Preparation":96,"Ancient Tea Set":3,"Cursed Key":28,"Smiling Mask":53,"Burning Blood":0,"Matryoshka":56,"aspiration:AnachronicSnailShell":10,"Toolbox":105,"Chemical X":124,"aspiration:FutureDiary":181,"aspiration:ChemicalBlood":43,"Paper Frog":100,"Potion Belt":15,"Lee\u0027s Waffle":173,"Self Forming Clay":54,"Thread and Needle":258,"The Courier":59,"PreservedInsect":243,"Omamori":154,"Frozen Egg 2":63,"Busted Crown":220,"Ornamental Fan":280,"Orrery":222,"Turnip":178,"Art of War":63,"Champion Belt":194,"Toy Ornithopter":79,"Ice Cream":23,"Calipers":45,"Tiny House":113,"Gremlin Horn":86,"Vajra":33,"Centennial Puzzle":33,"Lizard Tail":160,"HornCleat":149,"DollysMirror":39,"Strawberry":20,"Philosopher\u0027s Stone":22,"aspiration:ArtOfWarUpgrade":158,"Toxic Egg 2":41,"Girya":281,"Happy Flower":260,"aspiration:Nostalgia":199,"Astrolabe":7,"Dead Branch":33,"Oddly Smooth Stone":11,"Charon\u0027s Ashes":86,"aspiration:SeaSaltIceCream":144,"Letter Opener":167,"War Paint":137,"aspiration:HiddenCompartment":63,"Question Card":210,"Du-Vu Doll":137,"OrangePellets":279,"Bottled Flame":143,"Shuriken":27,"Bronze Scales":23,"Molten Egg 2":11,"Meat on the Bone":189,"Darkstone Periapt":272,"SacredBark":47,"Black Blood":121,"Mango":301,"Juzu Bracelet":9,"Incense Burner":258,"PrismaticShard":63,"aspiration:StickyExplosives_weak":64,"ClockworkSouvenir":66,"Dream Catcher":268,"aspiration:DefectSkillbook":62,"Gambling Chip":160,"Pantograph":259,"Tiny Chest":231,"Red Skull":98,"aspiration:FetidBarrel":117,"aspiration:HummingbirdHeart":130,"Odd Mushroom":209,"Orichalcum":279,"Medical Kit":96,"White Beast Statue":145,"Calling Bell":86,"Anchor":20,"CaptainsWheel":38,"Bag of Marbles":112,"Coffee Dripper":271,"Membership Card":23,"PureWater":199,"FossilizedHelix":79},{"Whetstone":157,"Bottled Tornado":1155,"Boot":650,"Blood Vial":457,"Sundial":109,"MealTicket":423,"HandDrill":1191,"Kunai":198,"aspiration:DSix":423,"Runic Cube":1095,"MerchantsRug":853,"Pear":1303,"Blue Candle":1064,"Eternal Feather":1022,"Pen Nib":382,"aspiration:FrozenJewel":697,"SlaversCollar":1379,"Bird Faced Urn":1005,"MutagenicStrength":1127,"Mark of Pain":358,"aspiration:Lifesprig":406,"Regal Pillow":460,"Lantern":883,"Torii":385,"Singing Bowl":818,"Bag of Preparation":472,"Ancient Tea Set":11,"Cursed Key":129,"Smiling Mask":280,"Burning Blood":0,"Matryoshka":307,"aspiration:AnachronicSnailShell":38,"Toolbox":520,"Chemical X":604,"aspiration:FutureDiary":836,"aspiration:ChemicalBlood":212,"Paper Frog":490,"Potion Belt":64,"Lee\u0027s Waffle":804,"Self Forming Clay":287,"Thread and Needle":1191,"The Courier":319,"PreservedInsect":1106,"Omamori":723,"Frozen Egg 2":334,"Busted Crown":998,"Ornamental Fan":1308,"Orrery":1005,"Turnip":821,"Art of War":334,"Champion Belt":889,"Toy Ornithopter":408,"Ice Cream":101,"Calipers":229,"Tiny House":556,"Gremlin Horn":431,"Vajra":157,"Centennial Puzzle":157,"Lizard Tail":747,"HornCleat":700,"DollysMirror":198,"Strawberry":78,"Philosopher\u0027s Stone":94,"aspiration:ArtOfWarUpgrade":737,"Toxic Egg 2":205,"Girya":1318,"Happy Flower":1198,"aspiration:Nostalgia":910,"Astrolabe":24,"Dead Branch":157,"Oddly Smooth Stone":43,"Charon\u0027s Ashes":431,"aspiration:SeaSaltIceCream":675,"Letter Opener":777,"War Paint":642,"aspiration:HiddenCompartment":334,"Question Card":947,"Du-Vu Doll":642,"OrangePellets":1303,"Bottled Flame":674,"Shuriken":117,"Bronze Scales":101,"Molten Egg 2":43,"Meat on the Bone":872,"Darkstone Periapt":1261,"SacredBark":239,"Black Blood":591,"Mango":1397,"Juzu Bracelet":31,"Incense Burner":1191,"PrismaticShard":334,"aspiration:StickyExplosives_weak":340,"ClockworkSouvenir":350,"Dream Catcher":1241,"aspiration:DefectSkillbook":330,"Gambling Chip":747,"Pantograph":1194,"Tiny Chest":1051,"Red Skull":484,"aspiration:FetidBarrel":569,"aspiration:HummingbirdHeart":622,"Odd Mushroom":944,"Orichalcum":1303,"Medical Kit":472,"White Beast Statue":680,"Calling Bell":431,"Anchor":78,"CaptainsWheel":189,"Bag of Marbles":549,"Coffee Dripper":1256,"Membership Card":101,"PureWater":910,"FossilizedHelix":408}]},"card_choices":[{"not_picked":["Combust","Perfected Strike"],"picked":"Rampage","floor":1},{"not_picked":["Heavy Blade","Clothesline"],"picked":"Cleave","floor":3},{"not_picked":["Clash","Headbutt"],"picked":"Battle Trance","floor":4},{"not_picked":["Ghostly Armor","Iron Wave"],"picked":"Evolve","floor":5},{"not_picked":["Flex","Carnage"],"picked":"Armaments","floor":7},{"not_picked":["Dropkick","Iron Wave"],"picked":"Inflame","floor":12},{"not_picked":["Impervious","Rupture"],"picked":"Pommel Strike","floor":13},{"not_picked":["Armaments","Warcry","Cleave"],"picked":"SKIP","floor":14},{"not_picked":["Fiend Fire","Corruption"],"picked":"Double Tap","floor":16},{"not_picked":["True Grit+1","Body Slam"],"picked":"Power Through","floor":18},{"not_picked":["Flame Barrier+1","Whirlwind"],"picked":"Heavy Blade+1","floor":19},{"not_picked":["Warcry","Clothesline"],"picked":"Pummel+1","floor":23},{"not_picked":["Whirlwind","Armaments"],"picked":"Infernal Blade+1","floor":25},{"not_picked":["Twin Strike","Wild Strike","Pommel Strike"],"picked":"SKIP","floor":28},{"not_picked":["Brutality","Double Tap"],"picked":"Offering","floor":33},{"not_picked":["True Grit","Clothesline"],"picked":"Seeing Red+1","floor":35},{"not_picked":["Twin Strike","Wild Strike"],"picked":"Warcry+1","floor":36},{"not_picked":["Warcry","Twin Strike+1"],"picked":"Feel No Pain+1","floor":39},{"not_picked":["Dual Wield+1","Sever Soul+1"],"picked":"Barricade","floor":41},{"not_picked":["Dropkick","Clash+1"],"picked":"Body Slam+1","floor":44},{"not_picked":["Burning Pact","Shockwave","Searing Blow+1"],"picked":"SKIP","floor":45},{"not_picked":["Perfected Strike+1","Dropkick+1"],"picked":"Iron Wave+1","floor":46},{"not_picked":["Hemokinesis+1","Dropkick"],"picked":"Berserk","floor":54}],"player_experience":2278630,"relics_obtained":[{"floor":7,"key":"aspiration:FetidBarrel"},{"floor":9,"key":"aspiration:Lifesprig"},{"floor":12,"key":"Potion Belt"},{"floor":14,"key":"Ancient Tea Set"},{"floor":23,"key":"Orichalcum"},{"floor":28,"key":"Turnip"},{"floor":37,"key":"Gambling Chip"},{"floor":41,"key":"Mango"},{"floor":43,"key":"Kunai"},{"floor":44,"key":"Darkstone Periapt"},{"floor":54,"key":"Boot"}],"event_choices":[{"damage_healed":0,"gold_gain":0,"player_choice":"Upgraded","damage_taken":0,"max_hp_gain":0,"max_hp_loss":0,"event_name":"Upgrade Shrine","floor":2,"gold_loss":0,"cards_upgraded":["Rampage"]},{"damage_healed":0,"gold_gain":0,"player_choice":"Forge","damage_taken":0,"max_hp_gain":0,"max_hp_loss":0,"event_name":"Accursed Blacksmith","floor":21,"gold_loss":0,"cards_upgraded":["Metallicize"]},{"damage_healed":0,"gold_gain":275,"player_choice":"Desecrate","damage_taken":0,"max_hp_gain":0,"max_hp_loss":0,"event_name":"Golden Shrine","floor":29,"gold_loss":0,"cards_obtained":["Regret"]},{"damage_healed":0,"gold_gain":0,"player_choice":"Fight","damage_taken":0,"max_hp_gain":0,"max_hp_loss":0,"event_name":"MindBloom","floor":37,"gold_loss":0},{"damage_healed":0,"gold_gain":0,"player_choice":"Upgraded","damage_taken":0,"max_hp_gain":0,"max_hp_loss":0,"event_name":"Upgrade Shrine","floor":38,"gold_loss":0,"cards_upgraded":["Double Tap"]},{"damage_healed":0,"gold_gain":0,"player_choice":"Embrace Madness","damage_taken":13,"max_hp_gain":0,"max_hp_loss":0,"event_name":"Winding Halls","floor":48,"gold_loss":0,"cards_obtained":["Madness","Madness"]}],"is_beta":false,"boss_relics":[{"not_picked":["aspiration:SecretTechniqueScroll","Runic Cube"],"picked":"Mark of Pain"},{"not_picked":["Empty Cage","Tiny House"],"picked":"SlaversCollar"}],"items_purged_floors":[30],"is_endless":false,"potions_floor_spawned":[1,13,14,16,23,28,33,35,36,37,44,45],"ascension_level":1}}