{"host":"uv5ws9rdk87e8i5k","time":1611004331,"event":{"mods":["AchievementEnabler","BaseMod","Colored Map","Minty Spire (QoL Compilation)","StSLib","SuperFastMode"],"gold_per_floor":[110,110,125,140,155,185,200,232,307,34,66,66,98,98,98,203,203,220,238,338,140,157,157,186,186,186,200,77,176,176,176,176,275,275,289,339,352,366,366,366,376,376,446,446,244,264,289,117,117,117],"floor_reached":51,"language":"ENG","playtime":1347,"items_purged":["Regret","Strike_G","Strike_G","Writhe","Defend_G"],"score":878,"play_id":"41c91df0-0770-42e5-b7aa-bcb1fd9cb967","local_time":"20210118151211","is_ascension_mode":true,"campfire_choices":[{"floor":12.0,"key":"REST"},{"data":"Venomology","floor":15.0,"key":"SMITH"},{"data":"Wraith Form v2","floor":23.0,"key":"SMITH"},{"data":"Noxious Fumes","floor":25.0,"key":"SMITH"},{"data":"Deadly Poison","floor":30.0,"key":"SMITH"},{"data":"Catalyst","floor":32.0,"key":"SMITH"},{"data":"Burst","floor":40.0,"key":"SMITH"},{"data":"Crippling Poison","floor":44.0,"key":"SMITH"},{"floor":49.0,"key":"REST"}],"circlet_count":0,"master_deck":["Strike_G","Strike_G","Strike_G","Defend_G","Defend_G","Defend_G+1","Defend_G","Survivor","Neutralize","Die Die Die","Poisoned Stab","Bane","Poisoned Stab","Backflip","Deadly Poison+1","Prepared+1","Venomology+1","Wraith Form v2+1","Escape Plan","Burst+1","PiercingWail","Noxious Fumes+1","Crippling Poison+1","Deadly Poison","Dash+1","Catalyst+1","Bouncing Flask+1","Dramatic Entrance","Catalyst+1","Deadly Poison","Dash"],"relics":["Ring of the Snake","Blood Vial","Toy Ornithopter","CaptainsWheel","Ninja Scroll","Membership Card","Smiling Mask","Bottled Lightning","WristBlade","Happy Flower","Lizard Tail","Pear","TwistedFunnel","Sozu","StoneCalendar","Question Card","War Paint","DollysMirror","Juzu Bracelet","Ancient Tea Set"],"acts_visited":["Exordium","TheCity","TheBeyond"],"potions_floor_usage":[],"damage_taken":[{"damage":0.0,"enemies":"2 Louse","floor":1.0,"turns":1.0},{"damage":0.0,"enemies":"Small Slimes","floor":3.0,"turns":2.0},{"damage":4.0,"enemies":"Cultist","floor":4.0,"turns":3.0},{"damage":12.0,"enemies":"Exordium Thugs","floor":5.0,"turns":6.0},{"damage":19.0,"enemies":"Lagavulin","floor":6.0,"turns":7.0},{"damage":10.0,"enemies":"3 Louse","floor":7.0,"turns":4.0},{"damage":29.0,"enemies":"Gremlin Nob","floor":8.0,"turns":5.0},{"damage":7.0,"enemies":"3 Sentries","floor":11.0,"turns":6.0},{"damage":10.0,"enemies":"Gremlin Nob","floor":13.0,"turns":4.0},{"damage":38.0,"enemies":"The Guardian","floor":16.0,"turns":10.0},{"damage":0.0,"enemies":"Chosen","floor":18.0,"turns":3.0},{"damage":6.0,"enemies":"2 Thieves","floor":19.0,"turns":4.0},{"damage":0.0,"enemies":"Snake Plant","floor":22.0,"turns":5.0},{"damage":18.0,"enemies":"Book of Stabbing","floor":24.0,"turns":4.0},{"damage":1.0,"enemies":"Centurion and Healer","floor":27.0,"turns":5.0},{"damage":19.0,"enemies":"Automaton","floor":33.0,"turns":6.0},{"damage":10.0,"enemies":"3 Shapes","floor":35.0,"turns":4.0},{"damage":0.0,"enemies":"Mind Bloom Boss Battle","floor":36.0,"turns":5.0},{"damage":17.0,"enemies":"3 Darklings","floor":37.0,"turns":4.0},{"damage":21.0,"enemies":"Maw","floor":38.0,"turns":5.0},{"damage":17.0,"enemies":"Spire Growth","floor":41.0,"turns":4.0},{"damage":2.0,"enemies":"Sphere and 2 Shapes","floor":46.0,"turns":4.0},{"damage":25.0,"enemies":"Nemesis","floor":47.0,"turns":3.0},{"damage":80,"enemies":"Time Eater","floor":50,"turns":8}],"seed_played":"-1757687968645876337","potions_obtained":[{"floor":3.0,"key":"DistilledChaos"},{"floor":5.0,"key":"FairyPotion"},{"floor":6.0,"key":"Block Potion"},{"floor":13.0,"key":"SmokeBomb"},{"floor":16.0,"key":"SkillPotion"},{"floor":22.0,"key":"SkillPotion"},{"floor":24.0,"key":"SkillPotion"}],"is_trial":false,"path_per_floor":["M","?","M","M","M","E","M","E","T","$","E","R","E","?","R","B",null,"M","M","?","$","M","R","E","R","T","M","$","?","R","?","R","B",null,"M","?","M","M","?","R","M","?","T","R","$","M","E","$","R","B",null],"character_chosen":"THE_SILENT","items_purchased":["Deadly Poison","Membership Card","Noxious Fumes","Crippling Poison","Happy Flower","TwistedFunnel","War Paint","DollysMirror","Ancient Tea Set","Deadly Poison","Dash"],"campfire_rested":2,"item_purchase_floors":[10,10,21,21,21,28,45,45,48,48,48],"current_hp_per_floor":[70,70,70,66,56,39,31,9,9,9,4,25,17,17,17,1,70,70,64,64,64,66,66,52,52,62,73,73,73,73,73,73,61,80,70,72,57,38,58,58,43,43,43,43,43,43,20,20,44,13],"gold":117,"neow_bonus":"ONE_RANDOM_RARE_CARD","is_daily":false,"chose_seed":false,"campfire_upgraded":7,"win_rate":0.0,"timestamp":1611004331,"path_taken":["M","?","M","M","M","E","M","E","T","$","E","R","E","?","R","BOSS","M","M","?","?","M","R","E","R","T","?","$","?","R","?","R","BOSS","M","?","M","M","?","R","M","?","T","R","$","M","E","$","R","BOSS"],"items_purchased_type":["Card","Relic","Card","Card","Relic","Relic","Relic","Relic","Relic","Card","Card"],"build_version":"2020-12-22","purchased_purges":5,"victory":true,"max_hp_per_floor":[70,70,70,70,70,70,70,70,70,70,70,70,70,70,70,70,70,70,70,70,70,70,70,70,70,80,80,80,80,80,80,80,80,80,80,80,80,80,80,80,80,80,80,80,80,80,80,80,80,80],"card_choices":[{"not_picked":["Dodge and Roll","Prepared"],"picked":"Poisoned Stab","floor":1.0},{"not_picked":["Slice","Blur","Blade Dance"],"picked":"SKIP","floor":3.0},{"not_picked":["Dagger Spray","Dagger Throw","Infinite Blades"],"picked":"SKIP","floor":4.0},{"not_picked":["All Out Attack","Underhanded Strike"],"picked":"Bane","floor":5.0},{"not_picked":["Unload","Escape Plan"],"picked":"Poisoned Stab","floor":6.0},{"not_picked":["Tactician","Bane"],"picked":"Backflip","floor":7.0},{"not_picked":["Bane","Terror","Cloak And Dagger"],"picked":"SKIP","floor":8.0},{"not_picked":["Skewer","Dodge and Roll"],"picked":"Prepared","floor":11.0},{"not_picked":["Terror","Infinite Blades"],"picked":"Venomology","floor":13.0},{"not_picked":["Die Die Die","Storm of Steel"],"picked":"Burst","floor":16.0},{"not_picked":["Terror+1","Eviscerate","Cloak And Dagger"],"picked":"SKIP","floor":18.0},{"not_picked":["Cloak And Dagger","Outmaneuver"],"picked":"PiercingWail","floor":19.0},{"not_picked":["Doppelganger","Underhanded Strike"],"picked":"Deadly Poison","floor":22.0},{"not_picked":["Prepared","Acrobatics"],"picked":"Dash+1","floor":24.0},{"not_picked":["Well Laid Plans","Quick Slash","Deflect+1"],"picked":"SKIP","floor":27.0},{"not_picked":["Outmaneuver","Choke+1","Riddle With Holes"],"picked":"SKIP","floor":35.0},{"not_picked":["Accuracy+1","Blur","Infinite Blades+1"],"picked":"SKIP","floor":37.0},{"not_picked":["Backflip+1","Sucker Punch"],"picked":"Bouncing Flask+1","floor":38.0},{"not_picked":["Accuracy+1","Sucker Punch+1","Quick Slash"],"picked":"SKIP","floor":41.0},{"not_picked":["PanicButton","Panacea"],"picked":"Dramatic Entrance","floor":42.0},{"not_picked":["Quick Slash","Concentrate+1","Escape Plan+1","Dodge and Roll+1"],"picked":"SKIP","floor":46.0},{"not_picked":["Night Terror","Crippling Poison","Caltrops+1","Blade Dance+1"],"picked":"SKIP","floor":47.0}],"player_experience":122726,"relics_obtained":[{"floor":6.0,"key":"Toy Ornithopter"},{"floor":8.0,"key":"CaptainsWheel"},{"floor":9.0,"key":"Ninja Scroll"},{"floor":11.0,"key":"Smiling Mask"},{"floor":13.0,"key":"Bottled Lightning"},{"floor":24.0,"key":"Lizard Tail"},{"floor":26.0,"key":"Pear"},{"floor":36.0,"key":"StoneCalendar"},{"floor":43.0,"key":"Question Card"},{"floor":47.0,"key":"Juzu Bracelet"}],"event_choices":[{"damage_healed":0.0,"max_hp_gain":0.0,"max_hp_loss":0.0,"gold_gain":0.0,"event_name":"Big Fish","player_choice":"Box","floor":2.0,"gold_loss":0.0,"damage_taken":0.0,"relics_obtained":["Blood Vial"],"cards_obtained":["Regret"]},{"damage_healed":0.0,"max_hp_gain":0.0,"max_hp_loss":0.0,"gold_gain":0.0,"event_name":"Match and Keep!","player_choice":"2 cards matched","floor":14.0,"gold_loss":0.0,"damage_taken":0.0,"cards_obtained":["Wraith Form v2","Escape Plan"]},{"damage_healed":0.0,"max_hp_gain":0.0,"max_hp_loss":0.0,"gold_gain":100.0,"event_name":"Golden Shrine","player_choice":"Pray","floor":20.0,"gold_loss":0.0,"damage_taken":0.0},{"damage_healed":0.0,"max_hp_gain":0.0,"max_hp_loss":0.0,"gold_gain":99.0,"event_name":"Nest","player_choice":"Stole From Cult","floor":29.0,"gold_loss":0.0,"damage_taken":0.0},{"damage_healed":0.0,"max_hp_gain":0.0,"max_hp_loss":0.0,"gold_gain":0.0,"event_name":"The Library","player_choice":"Read","floor":31.0,"gold_loss":0.0,"damage_taken":0.0,"cards_obtained":["Catalyst"]},{"damage_healed":0.0,"max_hp_gain":0.0,"max_hp_loss":0.0,"gold_gain":0.0,"event_name":"MindBloom","player_choice":"Fight","floor":36.0,"gold_loss":0.0,"damage_taken":0.0},{"damage_healed":20.0,"max_hp_gain":0.0,"max_hp_loss":0.0,"gold_gain":0.0,"event_name":"Winding Halls","player_choice":"Writhe","floor":39.0,"gold_loss":0.0,"damage_taken":0.0,"cards_obtained":["Writhe"]},{"damage_healed":0.0,"max_hp_gain":0.0,"max_hp_loss":0.0,"gold_gain":0.0,"event_name":"SensoryStone","player_choice":"Memory 1","floor":42.0,"gold_loss":0.0,"damage_taken":0.0}],"is_beta":false,"boss_relics":[{"not_picked":["HoveringKite","Busted Crown"],"picked":"WristBlade"},{"not_picked":["Philosopher\u0027s Stone","Snecko Eye"],"picked":"Sozu"}],"items_purged_floors":[10,21,28,45,48],"is_endless":false,"potions_floor_spawned":[3,5,6,13,16,22,24,35,38],"ascension_level":3}}