{"host":"51fyd6gkml7xavq8","time":1611008657,"event":{"mods":["BaseMod","BetterRewards","Colored Map","Energized Spire","Infinite Spire","Minty Spire (QoL Compilation)","Replay The Spire","Shop Mod","Spicy Shops","StSLib","The Blue Laboratory","[IsaacMod]????"],"gold_per_floor":[113,113,82,102,102,102,127,127,127,127,140,8,20,20,20,115,115,126,126,156,172,51,51,66,96,96,114,213,213,233,233,233,332,332,344,33,49,49,49,77,77,96,96,108,81,111,111,215,215,215],"floor_reached":51,"language":"ENG","playtime":2483,"items_purged":["Dualcast","Strike_B","Pain","Strike_B"],"score":1608,"play_id":"4a935f03-0852-45e0-883a-dbce26d5e439","local_time":"20210118192417","is_ascension_mode":true,"campfire_choices":[{"data":"ReplayTheSpireMod:Calculation Training","floor":6.0,"key":"SMITH"},{"data":"Zap","floor":8.0,"key":"SMITH"},{"data":"Ball Lightning","floor":10.0,"key":"SMITH"},{"data":"Strike_B","floor":15.0,"key":"SMITH"},{"data":"Consume","floor":23.0,"key":"SMITH"},{"data":"Electrodynamics","floor":29.0,"key":"SMITH"},{"data":"ReplayTheSpireMod:Fabricate Wheel","floor":41.0,"key":"SMITH"},{"data":"EpicFetus","floor":47,"key":"SMITH"},{"data":"Defend_B","floor":49,"key":"PURGE"}],"circlet_count":0,"master_deck":["Strike_B+1","Defend_B+1","Defend_B+1","Zap+1","ReplayTheSpireMod:Calculation Training+1","Ball Lightning+1","Consume+1","Electrodynamics+1","Self Repair","EpicFetus+1","Madness","Madness","Echo Form"],"relics":["Burning Blood","HushsDoor","PunchingBag","DataDisk","DeathBook","Garlic","MerchantsRug","Turnip","Singing Bowl","Meat on the Bone","ReplayTheSpireMod:CursedCoin","PreservedInsect","infinitespire:Cubic Diamond","Busted Crown","SatanicBible","Replay:WaspNest","energizedSpire:OgreHead","Girya","Prayer Wheel","infinitespire:Magic Flask","Thread and Needle","BookofShadows"],"acts_visited":["Exordium","TheCity","TheBeyond"],"potions_floor_usage":[50],"damage_taken":[{"damage":0.0,"enemies":"Small Slimes","floor":1.0,"turns":3.0},{"damage":0.0,"enemies":"Cultist","floor":4.0,"turns":3.0},{"damage":1.0,"enemies":"Gremlin Nob","floor":7.0,"turns":3.0},{"damage":1.0,"enemies":"Jaw Worm","floor":11.0,"turns":2.0},{"damage":1.0,"enemies":"Looter","floor":13.0,"turns":3.0},{"damage":0.0,"enemies":"Hexaghost","floor":16.0,"turns":7.0},{"damage":2.0,"enemies":"Spheric Guardian","floor":18.0,"turns":4.0},{"damage":5.0,"enemies":"2 Thieves","floor":20.0,"turns":3.0},{"damage":7.0,"enemies":"Shelled Parasite and Fungi","floor":21.0,"turns":3.0},{"damage":1.0,"enemies":"Snake Plant","floor":24.0,"turns":4.0},{"damage":13.0,"enemies":"Replay:Snechameleon","floor":25.0,"turns":3.0},{"damage":2.0,"enemies":"Centurion and Healer","floor":27.0,"turns":4.0},{"damage":6.0,"enemies":"Chosen and Byrds","floor":30.0,"turns":4.0},{"damage":8.0,"enemies":"Automaton","floor":33.0,"turns":6.0},{"damage":2.0,"enemies":"3 Shapes","floor":35.0,"turns":3.0},{"damage":0.0,"enemies":"3 Darklings","floor":37.0,"turns":3.0},{"damage":0.0,"enemies":"R_Hoarder","floor":40.0,"turns":2.0},{"damage":44,"enemies":"Maw","floor":42,"turns":6},{"damage":15,"enemies":"Transient","floor":44,"turns":5},{"damage":0,"enemies":"Giant Head","floor":46,"turns":4},{"damage":37,"enemies":"Time Eater","floor":50,"turns":8}],"seed_played":"9086274735702745488","potions_obtained":[{"floor":1.0,"key":"EssenceOfDarkness"},{"floor":7.0,"key":"FocusPotion"},{"floor":18.0,"key":"Swift Potion"},{"floor":21.0,"key":"Toxic Potion"},{"floor":24.0,"key":"Death Potion"},{"floor":33.0,"key":"blueLaboratory:FrostheartPotion"},{"floor":40.0,"key":"FairyPotion"},{"floor":44,"key":"LiquidMemories"},{"floor":46,"key":"blueLaboratory:BottleOfRum"}],"is_trial":false,"path_per_floor":["M","?","$","M","?","R","E","R","T","R","M","$","M","?","R","B",null,"M","?","M","M","$","R","M","E","T","M","?","R","M","?","R_BF","B",null,"M","$","M","AVR","?","E","R","M","T","M","$","E","R","?","R_BF","B",null],"character_chosen":"DEFECT","items_purchased":["DataDisk","DeathBook","Simple Rune","Garlic","MerchantsRug","ReplayTheSpireMod:Calculation Training","Turnip","ReplayTheSpireMod:CursedCoin","PreservedInsect","Electrodynamics","EpicFetus","Thread and Needle"],"campfire_rested":0,"item_purchase_floors":[0,0,0,0,0,0,0,12,12,22,36,45],"current_hp_per_floor":[20,5,5,5,27,27,28,28,28,28,41,41,42,42,42,50,75,81,81,84,85,85,85,91,86,86,92,92,92,94,94,94,97,97,99,99,101,101,88,96,96,69,69,78,78,93,93,71,71,59],"gold":215,"neow_bonus":"","is_daily":false,"chose_seed":false,"campfire_upgraded":8,"win_rate":0.0,"timestamp":1611008657,"path_taken":["M","?","$","M","?","R","E","R","T","R","M","$","M","?","R","BOSS","M","?","M","M","$","R","M","E","T","?","?","R","M","?","R_BF","BOSS","M","$","M","AVR","?","E","R","M","T","M","$","E","R","?","R_BF","BOSS"],"items_purchased_type":["Relic","Relic","Relic","Relic","Relic","Card","Relic","Relic","Relic","Card","Card","Relic"],"build_version":"2020-12-22","purchased_purges":4,"victory":true,"max_hp_per_floor":[75,75,75,75,75,75,77,77,77,77,79,79,81,81,81,83,83,85,85,87,89,89,89,91,93,93,95,95,95,97,97,97,97,97,99,99,101,101,101,103,103,107,107,111,111,113,113,119,119,119],"card_choices":[{"not_picked":["Blizzard","Turbo"],"picked":"Ball Lightning","floor":1.0},{"not_picked":["Barrage","Cold Snap","Reinforced Body"],"picked":"SKIP","floor":4.0},{"not_picked":["Static Discharge","Ball Lightning","Skim"],"picked":"Singing Bowl","floor":7.0},{"not_picked":["Steam","Force Field","BasicCrystalCard"],"picked":"Singing Bowl","floor":11.0},{"not_picked":["Pulse","Lockon","All For One"],"picked":"Singing Bowl","floor":13.0},{"not_picked":["ElectricPowerLearning","Fission","ReplayTheSpireMod:Omega Cannon"],"picked":"Singing Bowl","floor":16.0},{"not_picked":["Melter+1"],"picked":"Singing Bowl","floor":18.0},{"not_picked":["BasicCrystalCard"],"picked":"Singing Bowl","floor":20.0},{"not_picked":["Hologram"],"picked":"Singing Bowl","floor":21.0},{"not_picked":["Distribution"],"picked":"Singing Bowl","floor":24.0},{"not_picked":["Force Field"],"picked":"Singing Bowl","floor":25.0},{"not_picked":["Leap+1"],"picked":"Singing Bowl","floor":27.0},{"not_picked":["BasicCrystalCard"],"picked":"Singing Bowl","floor":30.0},{"not_picked":[],"picked":"ReplayTheSpireMod:Fabricate Wheel","floor":33.0},{"not_picked":["Gash"],"picked":"Singing Bowl","floor":35.0},{"not_picked":["Steam"],"picked":"Singing Bowl","floor":37.0},{"not_picked":["Conserve Battery+1"],"picked":"Singing Bowl","floor":40.0},{"not_picked":["Barrage"],"picked":"Singing Bowl","floor":42},{"not_picked":["Compile Driver"],"picked":"Singing Bowl","floor":42},{"not_picked":["ReplayTheSpireMod:GoodbyeWorld+1"],"picked":"Singing Bowl","floor":44},{"not_picked":["Beam Cell+1"],"picked":"Singing Bowl","floor":44},{"not_picked":["Storm+1"],"picked":"Singing Bowl","floor":46},{"not_picked":["Stack"],"picked":"Singing Bowl","floor":48},{"not_picked":["Turbo"],"picked":"Singing Bowl","floor":48},{"not_picked":["Skim"],"picked":"Singing Bowl","floor":48}],"player_experience":599850,"relics_obtained":[{"floor":7.0,"key":"Singing Bowl"},{"floor":9.0,"key":"Meat on the Bone"},{"floor":25.0,"key":"SatanicBible"},{"floor":26.0,"key":"Replay:WaspNest"},{"floor":40.0,"key":"Girya"},{"floor":43,"key":"infinitespire:Magic Flask"},{"floor":46,"key":"BookofShadows"}],"event_choices":[{"damage_healed":0.0,"max_hp_gain":0.0,"max_hp_loss":0.0,"gold_gain":0.0,"event_name":"The Library","player_choice":"Read","floor":19.0,"gold_loss":0.0,"damage_taken":0.0,"cards_obtained":["Consume"]},{"damage_healed":0.0,"max_hp_gain":0.0,"max_hp_loss":0.0,"gold_gain":99.0,"event_name":"Nest","player_choice":"Stole From Cult","floor":28.0,"gold_loss":0.0,"damage_taken":0.0},{"cards_removed":["Defend_B"],"damage_healed":0.0,"max_hp_gain":0.0,"max_hp_loss":0.0,"gold_gain":0.0,"event_name":"Back to Basics","player_choice":"Elegance","floor":31.0,"gold_loss":0.0,"damage_taken":0.0},{"damage_healed":0.0,"max_hp_gain":0.0,"max_hp_loss":0.0,"gold_gain":0.0,"event_name":"Winding Halls","player_choice":"Embrace Madness","floor":39.0,"gold_loss":0.0,"damage_taken":13.0,"cards_obtained":["Madness","Madness"]}],"is_beta":false,"boss_relics":[{"not_picked":["Ring of Chaos","Cursed Key"],"picked":"Busted Crown"},{"not_picked":[]},{"not_picked":["ChampionBelt","energizedSpire:DeadBattery"],"picked":"energizedSpire:OgreHead"},{"not_picked":[]}],"items_purged_floors":[0,3,12,36],"is_endless":false,"potions_floor_spawned":[1,7,18,21,24,33,40,44,46],"ascension_level":9}}