{"host":"fm9e0lfunjlbhzxv","time":1611009818,"event":{"mods":["100% Spire Juice","2.2 Compatiblity","Abigail Mod","Act Like it!","Alarm Clock","BaseMod","Bestiary","Better Match","Better Skull","Better Third Choice","Colored Map","Colored Powertips","Gensokyo","Key Reminder","Koishi","Marisa????????","Minty Spire (QoL Compilation)","Permanent Neow","Rare Cards Sparkle","Reimu??????","Relic Stats","Remilia??????","Spicy Shops","StSLib","The Administrix","The Servant 0.9.4","slay the spire mod where everything is the same but ironclad has a cowboy hat"],"gold_per_floor":[20,38,51,67,78,105,125,125,125],"floor_reached":8,"language":"ENG","playtime":789,"items_purged":[],"score":95,"play_id":"e8739c12-dffb-4129-a99a-83336e761e27","local_time":"20210118144338","is_ascension_mode":true,"campfire_choices":[],"circlet_count":0,"master_deck":["Koishi:BasicStrike","Koishi:BasicStrike","Koishi:BasicStrike","Koishi:BasicStrike","Koishi:BasicDefend","Koishi:BasicDefend","Koishi:BasicDefend","Koishi:BasicDefend","Koishi:Provoke","Koishi:HauntingSlash","Koishi:GrowingPain","Koishi:JumpScare","Koishi:Jaunt","Koishi:StingingMind","Koishi:BloodcurdlingScream","Koishi:VengefulSpirit","Koishi:RoseHell","Koishi:RacingHeart"],"relics":["Koishi:ImaginaryFriend","Prayer Wheel"],"acts_visited":["Gensokyo:Gensokyo"],"potions_floor_usage":[6],"damage_taken":[{"damage":2,"enemies":"Gensokyo:3_Fairies","floor":1,"turns":4},{"damage":2,"enemies":"Gensokyo:Python","floor":2,"turns":4},{"damage":12,"enemies":"Gensokyo:Gryphon","floor":3,"turns":4},{"damage":32,"enemies":"Gensokyo:3_Kodama","floor":4,"turns":6},{"damage":4,"enemies":"Gensokyo:VengefulSpirit","floor":5,"turns":5},{"damage":0,"enemies":"Gensokyo:Mamizou","floor":6,"turns":6},{"damage":22,"enemies":"Gensokyo:Gryphon_and_Rabbit","floor":7,"turns":6},{"damage":21,"enemies":"Gensokyo:Cirno","floor":8,"turns":4}],"seed_played":"4556640626448542772","potions_obtained":[{"floor":4,"key":"SteroidPotion"},{"floor":6,"key":"Strength Potion"},{"floor":7,"key":"DuplicationPotion"}],"is_trial":false,"path_per_floor":["M","M","M","M","M","E","M","E"],"character_chosen":"KOISHI","items_purchased":[],"campfire_rested":0,"item_purchase_floors":[],"current_hp_per_floor":[58,60,51,22,26,32,19,0,0],"gold":125,"neow_bonus":"THREE_RARE_CARDS","is_daily":false,"chose_seed":false,"campfire_upgraded":0,"win_rate":0.0,"timestamp":1611009818,"path_taken":["M","?","M","M","M","E","?","E"],"items_purchased_type":[],"build_version":"2020-12-22","purchased_purges":0,"victory":false,"max_hp_per_floor":[60,60,60,60,60,60,60,60,60],"relic_stats":{"counters":[8,39],"Prayer Wheel":1,"obtain_stats":[{"Prayer Wheel":6,"Koishi:ImaginaryFriend":0},{"Prayer Wheel":6,"Koishi:ImaginaryFriend":0},{"Prayer Wheel":29,"Koishi:ImaginaryFriend":0}]},"card_choices":[{"not_picked":["Koishi:MentalBreakdown","Koishi:MindStellarRelief"],"picked":"Koishi:GrowingPain","floor":0},{"not_picked":["Koishi:CatchAndRose","Koishi:ApparitionsStalkTheNight"],"picked":"Koishi:JumpScare","floor":1},{"not_picked":["Koishi:FleetingPhantom","Koishi:Prune"],"picked":"Koishi:Jaunt","floor":2},{"not_picked":["Koishi:JumpScare","Koishi:ReleaseOfTheId","Koishi:FourthEye"],"picked":"SKIP","floor":3},{"not_picked":["Koishi:DNAsFlaw","Koishi:BloodcurdlingScream"],"picked":"Koishi:StingingMind","floor":4},{"not_picked":["Koishi:DreadfulBlow","Koishi:HeartfeltFancy"],"picked":"Koishi:BloodcurdlingScream","floor":5},{"not_picked":["Koishi:Prune","Koishi:UnconsciousUprising"],"picked":"Koishi:VengefulSpirit","floor":6},{"not_picked":["Koishi:ReleaseOfTheId","Koishi:SubterraneanRose"],"picked":"Koishi:RoseHell","floor":7},{"not_picked":["Koishi:BloodcurdlingScream","Koishi:SpiritedAway"],"picked":"Koishi:RacingHeart","floor":7}],"player_experience":577138,"relics_obtained":[{"floor":6,"key":"Prayer Wheel"}],"event_choices":[],"is_beta":false,"boss_relics":[],"items_purged_floors":[],"is_endless":false,"potions_floor_spawned":[4,6,7],"killed_by":"Gensokyo:Cirno","ascension_level":2}}