{"host":"ko40t1o51xotjt2v","time":1611000069,"event":{"mods":["2.2 Compatiblity","AchievementEnabler","Aspiration","BaseMod","Better Match","Better Third Choice","Better Vampires","Conspire","Downfall","Energized Spire","GifTheSpireLib","Halation","Hubris","Jedi Mod","Minty Spire (QoL Compilation)","MostiFishMod","Spicy Shops","Spikes Relics","StSLib","Stuff the Spire","TestMod","vexMod","??????REMEMod"],"gold_per_floor":[13,32,32,46,66,95,95,126,150,150,177,88,88,88,88,165,165,177,189,205,205,225,250,44,76,101,121,133,148,177,203,203,291,291,308,332,353,373,373,397,414,453,453,474,530,553,590,552,564,592,604,616,319,371,375,375],"floor_reached":55,"language":"SPA","playtime":3821,"items_purged":[],"score":1549,"play_id":"4b81d150-c6c2-4d0f-9805-53c219f0282c","local_time":"20210118210109","is_ascension_mode":true,"campfire_choices":[{"data":"Caltrops","floor":7,"key":"SMITH"},{"floor":10,"key":"REST"},{"data":"MostiFishMod:PreservedThorns","floor":13,"key":"SMITH"},{"floor":15,"key":"RECALL"},{"data":"Choke","floor":32,"key":"SMITH"},{"data":"MostiFishMod:WinterMarkForm","floor":49,"key":"SMITH"},{"data":"StuffTheSpire:BrainWave","floor":52,"key":"SMITH"}],"circlet_count":0,"master_deck":["AscendersBane","Strike_G","Strike_G","Strike_G","Strike_G","Defend_G","Defend_G","Survivor","Neutralize","MostiFishMod:Wind","MostiFishMod:PoisonShield","StuffTheSpire:ReptileScales","Caltrops+1","StuffTheSpire:ReptileScales","MostiFishMod:PreservedThorns+1","Dramatic Entrance","Malaise","StuffTheSpire:Python+1","Cloak And Dagger+1","MostiFishMod:WinterMarkForm+1","Choke+1","Backstab","Bane","MostiFishMod:Confrontation","StuffTheSpire:ReptileScales","Backstab","StuffTheSpire:BrainWave+1","MostiFishMod:VineMother+1","jedi:collectorvenom","MostiFishMod:ThornCasing+1","Choke"],"relics":["Ring of the Snake","DaveBox","testmod-TestBox","REME_ComplimentaryCards","testmod-BouquetWithThorns","RhineCircuit","testmod-Brilliant","SynthV:TestCard","StuffTheSpire:WitherSkull","Omamori","hubris:DeckOfHolding","xbg","hubris:64BitClover","Membership Card","MostiFishMod:AdaptiveDefenses","aspiration:FetidBarrel","Regal Pillow","testmod-TheFather","aspiration:PoetsPen_weak","Anchor","vexMod:RetaliationKit","StuffTheSpire:Rhapsscallions","CeramicFish","MawBank","testmod-Nyarlathotep","testmod-TurbochargingSystem","halation:Sosunser","Thread and Needle"],"acts_visited":["Exordium","TheCity","TheBeyond","TheEnding"],"potions_floor_usage":[1,8,23,24,25,28,30,44,55,55],"damage_taken":[{"damage":0,"enemies":"2 Louse","floor":1,"turns":3},{"damage":2,"enemies":"Cultist","floor":2,"turns":4},{"damage":2,"enemies":"Jaw Worm","floor":4,"turns":3},{"damage":0,"enemies":"Blue Slaver","floor":5,"turns":4},{"damage":34,"enemies":"Lagavulin","floor":6,"turns":9},{"damage":3,"enemies":"Gremlin Nob","floor":8,"turns":4},{"damage":15,"enemies":"3 Sentries","floor":11,"turns":3},{"damage":4,"enemies":"Hexaghost","floor":16,"turns":6},{"damage":0,"enemies":"Shell Parasite","floor":18,"turns":4},{"damage":0,"enemies":"3 Byrds","floor":19,"turns":1},{"damage":1,"enemies":"Snecko","floor":20,"turns":5},{"damage":0,"enemies":"3 Cultists","floor":22,"turns":1},{"damage":0,"enemies":"conspire:SneckoGhost","floor":23,"turns":5},{"damage":1,"enemies":"Gremlin Leader","floor":25,"turns":4},{"damage":6,"enemies":"Centurion and Healer","floor":27,"turns":4},{"damage":0,"enemies":"Cultist and Chosen","floor":28,"turns":3},{"damage":6,"enemies":"Snake Plant","floor":29,"turns":3},{"damage":0,"enemies":"REME_1_Revenger","floor":30,"turns":3},{"damage":0,"enemies":"Centurion and Healer","floor":31,"turns":2},{"damage":20,"enemies":"hubris:MusketHawk","floor":33,"turns":5},{"damage":0,"enemies":"3 Shapes","floor":35,"turns":1},{"damage":0,"enemies":"3 Darklings","floor":36,"turns":1},{"damage":0,"enemies":"Spire Growth","floor":37,"turns":2},{"damage":0,"enemies":"4 Shapes","floor":38,"turns":1},{"damage":0,"enemies":"Transient","floor":40,"turns":5},{"damage":0,"enemies":"Sphere and 2 Shapes","floor":41,"turns":1},{"damage":0,"enemies":"Giant Head","floor":42,"turns":5},{"damage":2,"enemies":"Writhing Mass","floor":44,"turns":3},{"damage":13,"enemies":"Reptomancer","floor":45,"turns":3},{"damage":0,"enemies":"Spire Growth","floor":46,"turns":3},{"damage":0,"enemies":"Transient","floor":47,"turns":5},{"damage":10,"enemies":"hubris:GrandSnecko","floor":50,"turns":5},{"damage":31,"enemies":"Shield and Spear","floor":54,"turns":2},{"damage":30,"enemies":"The Heart","floor":55,"turns":3}],"seed_played":"-2797980945797414282","potions_obtained":[{"floor":1,"key":"REME_GoldPotion"},{"floor":5,"key":"SpeedPotion"},{"floor":6,"key":"sneckomod:MuddlingPotion"},{"floor":16,"key":"Slimebound:ThreeZeroPotion"},{"floor":28,"key":"REME_GoldPotion"},{"floor":29,"key":"jedi:StrikingPotion"},{"floor":36,"key":"champ:CounterPotion"},{"floor":38,"key":"hexamod:SoulburnPotion"},{"floor":44,"key":"testmod-SpacePotion"},{"floor":45,"key":"Dexterity Potion"}],"is_trial":false,"path_per_floor":["M","M","?","M","M","E","R","E","T","R","E","$","R","?","R","B",null,"M","M","M","?","M","E","$","E","T","M","M","M","E","M","R","B",null,"M","M","M","M","?","M","M","E","T","M","E","M","M","?","R","B",null,"R","$","E","B"],"character_chosen":"THE_SILENT","items_purchased":["Dramatic Entrance","Membership Card","MostiFishMod:AdaptiveDefenses","REME_GoldPotion","testmod-Nyarlathotep","testmod-TurbochargingSystem","halation:Sosunser","Choke"],"campfire_rested":1,"item_purchase_floors":[12,24,24,24,53,53,53,53],"current_hp_per_floor":[59,57,57,55,55,21,21,18,18,37,22,22,22,15,15,11,52,52,52,51,51,51,51,51,50,50,44,44,38,38,38,38,31,57,57,57,57,57,57,57,57,57,59,57,46,46,46,46,46,47,56,56,56,28,0,0],"gold":375,"neow_bonus":"ONE_RARE_RELIC","is_daily":false,"chose_seed":false,"campfire_upgraded":5,"win_rate":0.0,"timestamp":1611000069,"path_taken":["M","M","?","?","?","E","R","E","T","R","E","?","R","?","R","BOSS","M","M","M","?","?","E","?","E","T","M","M","M","E","M","R","BOSS","M","M","M","M","?","M","M","E","T","M","E","M","M","?","R","BOSS","R","$","E","BOSS"],"items_purchased_type":["Card","Relic","Relic","Potion","Relic","Relic","Relic","Card"],"build_version":"2020-12-22","purchased_purges":0,"victory":false,"max_hp_per_floor":[66,66,66,66,66,66,66,66,66,66,66,66,66,66,66,66,66,66,66,66,66,66,66,66,66,66,66,66,66,66,66,66,66,66,66,66,66,66,57,57,57,57,59,59,59,59,59,59,59,59,59,59,59,59,59,59],"card_choices":[{"not_picked":["Deadly Poison","Slice"],"picked":"MostiFishMod:PoisonShield","floor":1},{"not_picked":["Riddle With Holes","Flechettes","Dodge and Roll","jedi:pocketpoison","StuffTheSpire:BumpUp"],"picked":"SKIP","floor":2},{"not_picked":["hubris:SlightOfHand","PiercingWail","Dodge and Roll","Sucker Punch","jedi:pocketpoison"],"picked":"SKIP","floor":4},{"not_picked":["Dagger Throw","PiercingWail","StuffTheSpire:BumpUp","Slice"],"picked":"StuffTheSpire:ReptileScales","floor":5},{"not_picked":["Backflip","Flying Knee","Dagger Spray","PiercingWail"],"picked":"Caltrops","floor":6},{"not_picked":["Dodge and Roll","Infinite Blades","Heel Hook","Skewer"],"picked":"StuffTheSpire:ReptileScales","floor":8},{"not_picked":["Unload","Blade Dance","Tactician","Slice"],"picked":"MostiFishMod:PreservedThorns","floor":11},{"not_picked":["jedi:brewingpoison","Night Terror","REME_ShadowForm","Burst"],"picked":"Malaise","floor":16},{"not_picked":["Predator","Dodge and Roll","hubris:SlightOfHand+1","Accuracy"],"picked":"StuffTheSpire:Python+1","floor":18},{"not_picked":["Backflip+1","Slice","Deadly Poison","StuffTheSpire:Incantation"],"picked":"Cloak And Dagger+1","floor":19},{"not_picked":["REME_ShadowStrike","StuffTheSpire:ClusterCrunch","hubris:SlightOfHand","Outmaneuver+1","Deadly Poison"],"picked":"SKIP","floor":20},{"not_picked":["Prepared","jedi:unstablefumes","Quick Slash","Escape Plan"],"picked":"MostiFishMod:WinterMarkForm","floor":22},{"not_picked":["MostiFishMod:InvigoratingSolution","Eviscerate","Footwork","Prepared","StuffTheSpire:Repulse"],"picked":"SKIP","floor":23},{"not_picked":["jedi:acidrain","REME_GrazeFinale","Underhanded Strike","MostiFishMod:PerfectParry","Glass Knife"],"picked":"SKIP","floor":25},{"not_picked":["Dodge and Roll","InfectiousVector","hubris:TrickCloak","StuffTheSpire:BumpUp"],"picked":"Choke","floor":27},{"not_picked":["Deadly Poison","Acrobatics","Dagger Spray","Finisher+1"],"picked":"Backstab","floor":28},{"not_picked":["Flying Knee","Outmaneuver","MostiFishMod:PreservedThorns","StuffTheSpire:Python","PiercingWail"],"picked":"SKIP","floor":29},{"not_picked":["Backflip+1","Outmaneuver","Corpse Explosion","StuffTheSpire:MirrorStance","Dagger Spray"],"picked":"SKIP","floor":30},{"not_picked":["Flying Knee+1","StuffTheSpire:Injection","Dagger Throw","MostiFishMod:PerfectParry"],"picked":"Bane","floor":31},{"not_picked":["REME_ShadowForm","Phantasmal Killer","MostiFishMod:FullyArmed","Malaise"],"picked":"MostiFishMod:Confrontation","floor":33},{"not_picked":["conspire:DoublingDagger+1","REME_ShadowStrike","Underhanded Strike","jedi:pocketpoison"],"picked":"StuffTheSpire:ReptileScales","floor":35},{"not_picked":["Deadly Poison","jedi:poisonivy","jedi:pocketpoison","Poisoned Stab"],"picked":"Backstab","floor":36},{"not_picked":["Deadly Poison","Reflex","Corpse Explosion","Tactician","jedi:pocketpoison"],"picked":"SKIP","floor":37},{"not_picked":["Slice","Terror+1","StuffTheSpire:Injection+1","Prepared+1","Well Laid Plans"],"picked":"SKIP","floor":38},{"not_picked":["Expertise","Deadly Poison+1","Bane","Cloak And Dagger","Footwork+1"],"picked":"SKIP","floor":40},{"not_picked":["Sucker Punch+1","Cloak And Dagger","Reflex","Bane","Infinite Blades"],"picked":"SKIP","floor":41},{"not_picked":["Noxious Fumes+1","Outmaneuver","StuffTheSpire:Injection","REME_SpectralBlade"],"picked":"MostiFishMod:VineMother","floor":42},{"not_picked":["Outmaneuver+1","Cloak And Dagger","Quick Slash+1","Acrobatics"],"picked":"jedi:collectorvenom","floor":44},{"not_picked":["Blade Dance","Escape Plan+1","jedi:pocketpoison+1","StuffTheSpire:DoubleShiv"],"picked":"jedi:collectorvenom","floor":45},{"not_picked":["Finisher+1","Blade Dance","Dagger Throw","Flechettes","Sucker Punch+1"],"picked":"SKIP","floor":46},{"not_picked":["hubris:SlightOfHand","StuffTheSpire:BumpUp","PiercingWail","StuffTheSpire:DoubleShiv"],"picked":"MostiFishMod:ThornCasing+1","floor":47},{"not_picked":["Phantasmal Killer","Dagger Throw","hubris:Sniper","StuffTheSpire:Python"],"picked":"jedi:collectorvenom","floor":54}],"player_experience":420845,"relics_obtained":[{"floor":1,"key":"SynthV:TestCard"},{"floor":6,"key":"StuffTheSpire:WitherSkull"},{"floor":8,"key":"Omamori"},{"floor":11,"key":"hubris:DeckOfHolding"},{"floor":23,"key":"hubris:64BitClover"},{"floor":25,"key":"aspiration:FetidBarrel"},{"floor":26,"key":"Regal Pillow"},{"floor":30,"key":"testmod-TheFather"},{"floor":36,"key":"Anchor"},{"floor":42,"key":"vexMod:RetaliationKit"},{"floor":43,"key":"StuffTheSpire:Rhapsscallions"},{"floor":45,"key":"CeramicFish"},{"floor":47,"key":"MawBank"},{"floor":54,"key":"Thread and Needle"}],"event_choices":[{"cards_removed":["Defend_G"],"damage_healed":0,"gold_gain":0,"player_choice":"Offered Basic","damage_taken":0,"max_hp_gain":0,"max_hp_loss":0,"event_name":"Bonfire Elementals","floor":3,"gold_loss":0},{"cards_removed":["Strike_G"],"damage_healed":0,"gold_gain":0,"player_choice":"Card Removal","damage_taken":7,"max_hp_gain":0,"max_hp_loss":0,"event_name":"Golden Wing","floor":14,"gold_loss":0},{"cards_removed":["Defend_G"],"damage_healed":0,"gold_gain":0,"player_choice":"Card Removal","damage_taken":0,"max_hp_gain":0,"max_hp_loss":0,"event_name":"Wheel of Change","floor":21,"gold_loss":0},{"damage_healed":0,"gold_gain":0,"player_choice":"Upgrade","damage_taken":0,"max_hp_gain":0,"max_hp_loss":0,"event_name":"Designer","floor":48,"gold_loss":50,"cards_upgraded":["MostiFishMod:VineMother"]}],"is_beta":false,"boss_relics":[{"not_picked":["Coffee Dripper","StuffTheSpire:ModemDavis"],"picked":"xbg"},{"not_picked":["StuffTheSpire:Kangaroo","jedi:battlestandard"],"picked":"aspiration:PoetsPen_weak"}],"items_purged_floors":[],"is_endless":false,"potions_floor_spawned":[1,5,6,16,19,20,22,28,29,36,38,41,44,45],"killed_by":"The Heart","ascension_level":15}}