{"host":"15dd7v8o90xso62x","time":1611003733,"event":{"mods":["BaseMod","Minty Spire (QoL Compilation)","Quick Restart","StSLib","SuperFastMode"],"gold_per_floor":[218,230,73,83,99,99,129,141,141,141,160,185,185,185,185,262,262,275,304,57,57,75,75,75],"floor_reached":23,"language":"KOR","playtime":1004,"items_purged":["Strike_G"],"score":702,"play_id":"feaf6046-b02c-4b2a-89e0-00405843c21d","local_time":"20210119060213","is_ascension_mode":true,"campfire_choices":[{"data":"Poisoned Stab","floor":6.0,"key":"SMITH"},{"floor":10.0,"key":"REST"},{"data":"Predator","floor":15.0,"key":"SMITH"}],"circlet_count":0,"master_deck":["AscendersBane","Strike_G","Strike_G","Strike_G","Defend_G","Defend_G","Defend_G","Defend_G","Defend_G","Survivor","Neutralize","Poisoned Stab+1","Dagger Spray","Terror","PiercingWail","After Image","Predator+1","Leg Sweep","Footwork","Envenom","Crippling Poison","Grand Finale"],"relics":["Ring of the Snake","Chemical X","Paper Crane","Ornamental Fan","Vajra","Runic Pyramid","Red Mask","Snake Skull"],"acts_visited":["Exordium","TheCity"],"potions_floor_usage":[23],"damage_taken":[{"damage":6.0,"enemies":"Cultist","floor":1.0,"turns":4.0},{"damage":4.0,"enemies":"Small Slimes","floor":2.0,"turns":3.0},{"damage":0.0,"enemies":"2 Louse","floor":4.0,"turns":3.0},{"damage":8.0,"enemies":"Blue Slaver","floor":5.0,"turns":3.0},{"damage":21.0,"enemies":"3 Sentries","floor":7.0,"turns":11.0},{"damage":7.0,"enemies":"Looter","floor":8.0,"turns":3.0},{"damage":0.0,"enemies":"2 Fungi Beasts","floor":11.0,"turns":4.0},{"damage":13.0,"enemies":"Lagavulin","floor":12.0,"turns":9.0},{"damage":0.0,"enemies":"The Guardian","floor":16.0,"turns":14.0},{"damage":3.0,"enemies":"Chosen","floor":18.0,"turns":7.0},{"damage":2.0,"enemies":"Masked Bandits","floor":19.0,"turns":2.0},{"damage":2,"enemies":"3 Byrds","floor":22,"turns":5},{"damage":30,"enemies":"Book of Stabbing","floor":23,"turns":6}],"seed_played":"7675145654404835415","potions_obtained":[{"floor":2.0,"key":"GamblersBrew"},{"floor":4.0,"key":"AttackPotion"},{"floor":8.0,"key":"FearPotion"},{"floor":16.0,"key":"SteroidPotion"},{"floor":19.0,"key":"Dexterity Potion"}],"is_trial":false,"path_per_floor":["M","M","$","M","M","R","E","M","T","R","M","E","?","?","R","B",null,"M","?","$","?","M","E"],"character_chosen":"THE_SILENT","items_purchased":["Chemical X","Snake Skull"],"campfire_rested":1,"item_purchase_floors":[3,20],"current_hp_per_floor":[53,49,49,49,41,41,20,13,13,32,32,19,19,12,12,12,53,50,48,48,30,28,0,0],"gold":75,"neow_bonus":"HUNDRED_GOLD","is_daily":false,"chose_seed":false,"campfire_upgraded":2,"win_rate":0.0,"timestamp":1611003733,"path_taken":["M","M","$","M","?","R","E","M","T","R","M","E","?","?","R","BOSS","M","?","$","?","M","E"],"items_purchased_type":["Relic","Relic"],"build_version":"2020-12-22","purchased_purges":1,"victory":false,"max_hp_per_floor":[66,66,66,66,66,66,66,66,66,66,66,66,66,66,66,66,66,66,66,66,71,71,71,71],"card_choices":[{"not_picked":["Slice","Escape Plan"],"picked":"Poisoned Stab","floor":1.0},{"not_picked":["Slice","Infinite Blades"],"picked":"Dagger Spray","floor":2.0},{"not_picked":["Dagger Spray","Backflip"],"picked":"Terror","floor":4.0},{"not_picked":["Sucker Punch","Expertise"],"picked":"PiercingWail","floor":5.0},{"not_picked":["PiercingWail","Flying Knee"],"picked":"After Image","floor":7.0},{"not_picked":["Deadly Poison","Dagger Throw"],"picked":"Predator","floor":8.0},{"not_picked":["Distraction","Outmaneuver"],"picked":"Leg Sweep","floor":11.0},{"not_picked":["Quick Slash","Flying Knee"],"picked":"Footwork","floor":12.0},{"not_picked":["Storm of Steel","Tools of the Trade"],"picked":"Envenom","floor":16.0},{"not_picked":["Slice","Flying Knee","PiercingWail"],"picked":"SKIP","floor":18.0},{"not_picked":["Outmaneuver","Slice"],"picked":"Crippling Poison","floor":19.0},{"not_picked":["Eviscerate","Concentrate"],"picked":"Grand Finale","floor":22}],"player_experience":1044794,"relics_obtained":[{"floor":7.0,"key":"Paper Crane"},{"floor":9.0,"key":"Ornamental Fan"},{"floor":12.0,"key":"Vajra"},{"floor":19.0,"key":"Red Mask"}],"event_choices":[{"damage_healed":0.0,"max_hp_gain":0.0,"max_hp_loss":0.0,"gold_gain":0.0,"event_name":"Liars Game","player_choice":"Ignored","floor":13.0,"gold_loss":0.0,"damage_taken":0.0},{"cards_removed":["Strike_G"],"damage_healed":0.0,"max_hp_gain":0.0,"max_hp_loss":0.0,"gold_gain":0.0,"event_name":"Golden Wing","player_choice":"Card Removal","floor":14.0,"gold_loss":0.0,"damage_taken":7.0},{"damage_healed":0.0,"max_hp_gain":0.0,"max_hp_loss":0.0,"gold_gain":0.0,"event_name":"Masked Bandits","player_choice":"Fought Bandits","floor":19.0,"gold_loss":0.0,"damage_taken":0.0},{"damage_healed":0.0,"max_hp_gain":5.0,"max_hp_loss":0.0,"gold_gain":0.0,"event_name":"Forgotten Altar","player_choice":"Shed Blood","floor":21.0,"gold_loss":0.0,"damage_taken":23.0}],"is_beta":false,"boss_relics":[{"not_picked":["HoveringKite","Black Star"],"picked":"Runic Pyramid"}],"items_purged_floors":[20],"is_endless":false,"potions_floor_spawned":[2,4,8,16,19],"killed_by":"Book of Stabbing","ascension_level":20}}