{"host":"Qube","time":1611006871,"event":{"mods":["AchievementEnabler","BaseMod","Colored Map","Colored Powertips","Highlight Path","Minty Spire (QoL Compilation)","Permanent Neow","Quick Restart","Random Character Button","StSLib"],"gold_per_floor":[114,127,127,143,157,157,186,186,186,205,205,223,223,252,252,252,252],"floor_reached":16,"language":"ENG","playtime":686,"items_purged":[],"score":224,"play_id":"f1f2df30-9661-4f32-b7f4-2e02b12f0f45","local_time":"20210118135431","is_ascension_mode":true,"campfire_choices":[{"data":"Feel No Pain","floor":6.0,"key":"SMITH"},{"floor":11.0,"key":"REST"},{"floor":13.0,"key":"REST"},{"data":"Sentinel","floor":15.0,"key":"SMITH"}],"circlet_count":0,"master_deck":["AscendersBane","Strike_R","Strike_R","Strike_R","Strike_R","Defend_R","Defend_R","Bash","Warcry","Sentinel+1","Armaments+1","Pommel Strike","Feel No Pain+1","Feed","Sentinel","Seeing Red"],"relics":["Burning Blood","Boot","Mercury Hourglass","Charon\u0027s Ashes"],"acts_visited":["Exordium"],"potions_floor_usage":[],"damage_taken":[{"damage":7.0,"enemies":"Cultist","floor":1.0,"turns":4.0},{"damage":3.0,"enemies":"2 Louse","floor":2.0,"turns":4.0},{"damage":7.0,"enemies":"Jaw Worm","floor":4.0,"turns":4.0},{"damage":13.0,"enemies":"Exordium Wildlife","floor":5.0,"turns":7.0},{"damage":57.0,"enemies":"Lagavulin","floor":7.0,"turns":10.0},{"damage":3.0,"enemies":"Exordium Thugs","floor":10.0,"turns":5.0},{"damage":13.0,"enemies":"Blue Slaver","floor":12.0,"turns":4.0},{"damage":6.0,"enemies":"3 Sentries","floor":14.0,"turns":6.0},{"damage":49,"enemies":"Slime Boss","floor":16,"turns":7}],"seed_played":"-2086883437359416636","potions_obtained":[{"floor":4.0,"key":"EssenceOfSteel"},{"floor":7.0,"key":"Fire Potion"},{"floor":12.0,"key":"Dexterity Potion"}],"is_trial":false,"path_per_floor":["M","M","?","M","M","R","E","?","T","M","R","M","R","E","R","B"],"character_chosen":"IRONCLAD","items_purchased":[],"campfire_rested":2,"item_purchase_floors":[],"current_hp_per_floor":[67,68,68,67,60,60,12,5,5,11,33,29,52,55,55,6,6],"gold":252,"neow_bonus":"TRANSFORM_TWO_CARDS","is_daily":false,"chose_seed":false,"campfire_upgraded":2,"win_rate":0.0,"timestamp":1611006871,"path_taken":["M","M","?","?","M","R","E","?","T","M","R","M","R","E","R","BOSS"],"items_purchased_type":[],"build_version":"2020-12-18","purchased_purges":0,"victory":false,"max_hp_per_floor":[68,68,68,68,68,68,71,71,71,74,74,77,77,80,80,80,80],"card_choices":[{"not_picked":["Sword Boomerang","Warcry"],"picked":"Armaments","floor":1.0},{"not_picked":["Cleave","Infernal Blade"],"picked":"Pommel Strike","floor":2.0},{"not_picked":["Clothesline","Infernal Blade"],"picked":"Feel No Pain","floor":4.0},{"not_picked":["Shrug It Off","Spot Weakness"],"picked":"Feed","floor":5.0},{"not_picked":["Armaments","Twin Strike"],"picked":"Sentinel","floor":7.0},{"not_picked":["Dropkick","Thunderclap","Blood for Blood"],"picked":"SKIP","floor":10.0},{"not_picked":["Thunderclap","Headbutt"],"picked":"Seeing Red","floor":12.0},{"not_picked":["Armaments","Sword Boomerang","Clothesline"],"picked":"SKIP","floor":14.0}],"player_experience":925419,"relics_obtained":[{"floor":7.0,"key":"Boot"},{"floor":9.0,"key":"Mercury Hourglass"},{"floor":14.0,"key":"Charon\u0027s Ashes"}],"event_choices":[{"damage_healed":0.0,"max_hp_gain":0.0,"max_hp_loss":0.0,"gold_gain":0.0,"event_name":"Upgrade Shrine","player_choice":"Upgraded","floor":3.0,"gold_loss":0.0,"damage_taken":0.0,"cards_upgraded":["Armaments"]},{"cards_removed":["Defend_R"],"damage_healed":0.0,"max_hp_gain":0.0,"max_hp_loss":0.0,"gold_gain":0.0,"event_name":"Golden Wing","player_choice":"Card Removal","floor":8.0,"gold_loss":0.0,"damage_taken":7.0}],"is_beta":true,"boss_relics":[],"items_purged_floors":[],"is_endless":false,"potions_floor_spawned":[4,7,12],"killed_by":"Slime Boss","ascension_level":20}}