{"host":"hxu28uykv6zuomw9","time":1611009761,"event":{"mods":["AchievementEnabler","BaseMod","Downfall","Minty Spire (QoL Compilation)","Quick Restart","StSLib","SuperFastMode"],"gold_per_floor":[99,115,18,18,36,36,36,36,62,62,87,102,115,148,180,192,192,192],"floor_reached":16,"language":"ENG","playtime":758,"items_purged":[],"score":120,"play_id":"52ab1f7c-035f-4df1-970f-8dbb39705224","local_time":"20210118224241","is_ascension_mode":false,"campfire_choices":[{"floor":1,"key":"RECALL"},{"data":"Guardian:DecasProtection","floor":6,"key":"SMITH"},{"data":"Guardian:CurlUp","floor":8,"key":"SMITH"},{"floor":10,"key":"REST"}],"circlet_count":0,"master_deck":["Guardian:Strike_Guardian","Guardian:Strike_Guardian","Guardian:Strike_Guardian","Guardian:Defend_Guardian+1","Guardian:Defend_Guardian","Guardian:Defend_Guardian+1","Guardian:Defend_Guardian","Guardian:CurlUp+1","Guardian:TwinSlam","Swift Strike","Guardian:DecasProtection+1","Guardian:Orbwalk","Guardian:ChargeCore","Guardian:ShieldSpikes","Guardian:RollAttack","Guardian:Gem_Red","Guardian:Gem_Green","Guardian:ArmoredProtocol"],"relics":["Guardian:ModeShifter","Darkstone Periapt","War Paint","MawBank"],"acts_visited":[],"potions_floor_usage":[11,16],"damage_taken":[{"damage":1,"enemies":"Cultist","floor":2,"turns":4},{"damage":4,"enemies":"downfall:FleeingMerchant","floor":3,"turns":4},{"damage":6,"enemies":"Jaw Worm","floor":5,"turns":4},{"damage":27,"enemies":"3 Sentries","floor":9,"turns":11},{"damage":20,"enemies":"Gremlin Nob","floor":11,"turns":4},{"damage":5,"enemies":"2 Louse","floor":12,"turns":3},{"damage":6,"enemies":"Blue Slaver","floor":13,"turns":4},{"damage":8,"enemies":"Lagavulin","floor":14,"turns":6},{"damage":8,"enemies":"Exordium Wildlife","floor":15,"turns":5},{"damage":24,"enemies":"SI_SHIV_ARCHETYPE","floor":16,"turns":10}],"seed_played":"-8306743363760594346","potions_obtained":[{"floor":5,"key":"FearPotion"},{"floor":9,"key":"BlessingOfTheForge"},{"floor":12,"key":"DuplicationPotion"},{"floor":14,"key":"Regen Potion"}],"is_trial":false,"path_per_floor":["R","M","$","?","M","R","T","R","E","R","E","M","M","E","M","B"],"character_chosen":"GUARDIAN","items_purchased":["Guardian:Orbwalk"],"campfire_rested":1,"item_purchase_floors":[3],"current_hp_per_floor":[80,79,75,75,69,69,69,69,42,66,46,41,35,27,19,0,0,0],"gold":192,"neow_bonus":"RANDOM_COLORLESS","is_daily":false,"chose_seed":false,"campfire_upgraded":2,"win_rate":0.0,"timestamp":1611009761,"path_taken":["R","M","?","?","?","R","T","R","E","R","E","M","?","E","M","BOSS"],"items_purchased_type":["Card"],"build_version":"2020-12-22","purchased_purges":0,"victory":false,"max_hp_per_floor":[80,80,80,80,80,80,80,80,80,80,80,80,80,80,80,80,80,80],"card_choices":[{"not_picked":["Purity","Enlightenment"],"picked":"Swift Strike","floor":0},{"not_picked":["Guardian:BodySlam","Guardian:Reroute"],"picked":"Guardian:DecasProtection","floor":2},{"not_picked":["Guardian:WalkerClaw","Guardian:Clone"],"picked":"Guardian:Gem_White","floor":3},{"not_picked":["Guardian:VentSteam","Guardian:Harden"],"picked":"Guardian:ChargeCore","floor":5},{"not_picked":["Guardian:Incinerate","Guardian:PrismaticBarrier"],"picked":"Guardian:ShieldSpikes","floor":9},{"not_picked":["Guardian:PolyBeam","Guardian:PiercingHide"],"picked":"Guardian:RollAttack","floor":11},{"not_picked":["Guardian:Suspension","Guardian:ChargeCore"],"picked":"Guardian:Gem_Red","floor":12},{"not_picked":["Guardian:BronzeOrb","Guardian:Gem_Blue"],"picked":"Guardian:Gem_Green","floor":13},{"not_picked":["Guardian:PolyBeam","Guardian:BaubleBeam"],"picked":"Guardian:ArmoredProtocol","floor":14},{"not_picked":["Guardian:Planning","Guardian:Emergency","Guardian:Suspension"],"picked":"SKIP","floor":15}],"player_experience":33760,"relics_obtained":[{"floor":9,"key":"Darkstone Periapt"},{"floor":11,"key":"War Paint"},{"floor":14,"key":"MawBank"}],"event_choices":[],"is_beta":false,"boss_relics":[],"items_purged_floors":[],"is_endless":false,"potions_floor_spawned":[5,9,12,14],"killed_by":"SI_SHIV_ARCHETYPE","ascension_level":0}}