{"host":"kjcsj8kbkx3w6fc4","time":1611010866,"event":{"mods":["2.2 Compatiblity","Aspiration","BaseMod","Better Third Choice","Conspire","Downfall","Hermit","Infinite Spire","Minty Spire (QoL Compilation)","Permanent Neow","Reimu??????","Shedinja","StSLib","The Cursed","The Poker Player","The Servant 0.9.4"],"gold_per_floor":[213,213,229,242,262,295,295,314,338,365,377,419,431,462,474,591,603,634,662,345,345,345,345,345],"floor_reached":23,"language":"ENG","playtime":1487,"items_purged":[],"score":203,"play_id":"21d0ce1a-b323-4cb0-ab3e-2b371086796a","local_time":"20210118180106","is_ascension_mode":false,"campfire_choices":[{"data":"TheCursedMod:EmpowerCircles","floor":7,"key":"SMITH"},{"floor":11,"key":"REST"},{"floor":13,"key":"REST"},{"data":"TheCursedMod:CircleOfCorruption","floor":15,"key":"SMITH"}],"circlet_count":0,"master_deck":["TheCursedMod:Strike_TheCursed","TheCursedMod:Strike_TheCursed","TheCursedMod:Defend_TheCursed","TheCursedMod:Defend_TheCursed","TheCursedMod:Defend_TheCursed","TheCursedMod:CursedWand","TheCursedMod:CleanUpWorkshop","TheCursedMod:Dregs","TheCursedMod:RavingStaff","TheCursedMod:EmpowerCircles+1","TheCursedMod:TacticalStrike","TheCursedMod:WearCloak","TheCursedMod:Obscuration","TheCursedMod:CircleOfWindfury","TheCursedMod:CircleOfCorruption+1","TheCursedMod:CursedShiv","TheCursedMod:SpitefulStrike","TheCursedMod:SmokeScreen","TheCursedMod:DemonSword","TheCursedMod:CircleOfFlame","TheCursedMod:CursedArmor","TheCursedMod:LuckyCharm"],"relics":["TheCursedMod:BlackMagic101","Potion Belt","MawBank","Pen Nib","Empty Cage","Lee\u0027s Waffle","Juzu Bracelet","infinitespire:Magic Flask"],"acts_visited":["Exordium","TheCity"],"potions_floor_usage":[19,23,23],"damage_taken":[{"damage":0,"enemies":"Jaw Worm","floor":1,"turns":4},{"damage":0,"enemies":"Cultist","floor":3,"turns":3},{"damage":1,"enemies":"2 Louse","floor":4,"turns":2},{"damage":8,"enemies":"2 Fungi Beasts","floor":5,"turns":4},{"damage":31,"enemies":"Lagavulin","floor":6,"turns":8},{"damage":18,"enemies":"3 Louse","floor":8,"turns":5},{"damage":10,"enemies":"Exordium Wildlife","floor":10,"turns":5},{"damage":16,"enemies":"Gremlin Nob","floor":12,"turns":4},{"damage":10,"enemies":"Large Slime","floor":14,"turns":6},{"damage":15,"enemies":"Hexaghost","floor":16,"turns":10},{"damage":26,"enemies":"Shell Parasite","floor":18,"turns":5},{"damage":18,"enemies":"2 Thieves","floor":19,"turns":4},{"damage":88,"enemies":"Gremlin Leader","floor":23,"turns":10}],"seed_played":"2340406096351753267","potions_obtained":[{"floor":1,"key":"LiquidMemories"},{"floor":12,"key":"Fire Potion"},{"floor":14,"key":"AttackPotion"},{"floor":16,"key":"Fire Potion"},{"floor":19,"key":"PowerPotion"}],"is_trial":false,"path_per_floor":["M","?","M","M","M","E","R","M","T","M","R","E","R","M","R","B",null,"M","M","$","?","AVR","E"],"character_chosen":"THE_CURSED","items_purchased":["TheCursedMod:LuckyCharm","Lee\u0027s Waffle","Juzu Bracelet"],"campfire_rested":2,"item_purchase_floors":[20,20,20],"current_hp_per_floor":[75,75,75,74,66,35,35,17,17,7,29,13,35,25,25,10,75,49,31,82,82,82,0,0],"gold":345,"neow_bonus":"HUNDRED_GOLD","is_daily":false,"chose_seed":false,"campfire_upgraded":2,"win_rate":0.0,"timestamp":1611010866,"path_taken":["M","?","M","M","M","E","R","M","T","M","R","E","R","M","R","BOSS","M","M","$","?","AVR","E"],"items_purchased_type":["Card","Relic","Relic"],"build_version":"2020-12-22","purchased_purges":0,"victory":false,"max_hp_per_floor":[75,75,75,75,75,75,75,75,75,75,75,75,75,75,75,75,75,75,75,82,82,82,82,82],"card_choices":[{"not_picked":["TheCursedMod:SpitefulPlan","TheCursedMod:HellfireBreathing"],"picked":"TheCursedMod:RavingStaff","floor":1},{"not_picked":["TheCursedMod:CursedBlade","TheCursedMod:CursedMace"],"picked":"TheCursedMod:TacticalStrike","floor":3},{"not_picked":["TheCursedMod:SmokeScreen","TheCursedMod:ParallelWorld"],"picked":"TheCursedMod:WearCloak","floor":4},{"not_picked":["TheCursedMod:TacticalStrike","TheCursedMod:Stretching"],"picked":"TheCursedMod:Obscuration","floor":5},{"not_picked":["TheCursedMod:TacticalStrike","TheCursedMod:RavingStaff"],"picked":"TheCursedMod:CircleOfWindfury","floor":6},{"not_picked":["TheCursedMod:TacticalStrike","TheCursedMod:Stigma"],"picked":"TheCursedMod:CircleOfCorruption","floor":8},{"not_picked":["TheCursedMod:SpitefulStrike","TheCursedMod:CursedAmulet"],"picked":"TheCursedMod:CursedShiv","floor":10},{"not_picked":["TheCursedMod:DoubleShield","TheCursedMod:SmokeScreen"],"picked":"TheCursedMod:SpitefulStrike","floor":12},{"not_picked":["TheCursedMod:Hemoplague","TheCursedMod:AntiAging"],"picked":"TheCursedMod:SmokeScreen","floor":14},{"not_picked":["TheCursedMod:OutForBlood","TheCursedMod:NeowsMight"],"picked":"TheCursedMod:DemonSword","floor":16},{"not_picked":["TheCursedMod:CircleOfCorruption","TheCursedMod:SoulReap+1"],"picked":"TheCursedMod:CircleOfFlame","floor":18},{"not_picked":["TheCursedMod:CircleOfWindfury+1","TheCursedMod:ReleasedStrength"],"picked":"TheCursedMod:CursedArmor","floor":19}],"player_experience":132629,"relics_obtained":[{"floor":6,"key":"Potion Belt"},{"floor":9,"key":"MawBank"},{"floor":12,"key":"Pen Nib"}],"event_choices":[{"damage_healed":0,"gold_gain":0,"cards_transformed":["TheCursedMod:Strike_TheCursed"],"player_choice":"Transformed","damage_taken":0,"max_hp_gain":0,"max_hp_loss":0,"event_name":"Transmorgrifier","floor":2,"gold_loss":0,"cards_obtained":["TheCursedMod:EmpowerCircles"]}],"is_beta":false,"boss_relics":[{"not_picked":["Velvet Choker","Coffee Dripper"],"picked":"Empty Cage"}],"items_purged_floors":[],"is_endless":false,"potions_floor_spawned":[1,12,14,16,19],"killed_by":"Gremlin Leader","ascension_level":0}}