{"host":"q9718omregw4er46","time":1611004472,"event":{"mods":["BaseMod","Bestiary","Colored Powertips","Minty Spire (QoL Compilation)","Quick Restart","Relic Stats"],"gold_per_floor":[11,26,26,26,49,49,70,70,95,109,149,168,212,230,230,325,325,341,341,616,641,164,203,203,221,221,244,32,56,56,80,80,80,80],"floor_reached":33,"language":"ENG","playtime":1220,"items_purged":["Regret","Strike_R"],"score":612,"play_id":"b8be5b8b-2c9f-48e2-935f-af6b1ce1e627","local_time":"20210119021432","is_ascension_mode":true,"campfire_choices":[{"data":"Bash","floor":8.0,"key":"SMITH"},{"data":"Flame Barrier","floor":15.0,"key":"SMITH"},{"floor":24,"key":"REST"},{"floor":30,"key":"REST"},{"data":"Feed","floor":32,"key":"SMITH"}],"circlet_count":0,"master_deck":["AscendersBane","Strike_R","Strike_R","Strike_R","Defend_R","Defend_R","Defend_R","Defend_R+1","Bash+1","Feed+1","Clothesline","Battle Trance+1","Anger","Hemokinesis","Infernal Blade","Pummel","Flame Barrier+1","Offering","Twin Strike+1","Decay","Combust","Warcry+1","Metallicize","Carnage+1"],"relics":["Burning Blood","Golden Idol","Akabeko","Bronze Scales","Pear","Cursed Key","Smiling Mask","Membership Card","Bottled Lightning","War Paint","Dream Catcher","Meat on the Bone"],"acts_visited":["Exordium","TheCity"],"potions_floor_usage":[16,29],"damage_taken":[{"damage":7.0,"enemies":"Jaw Worm","floor":1.0,"turns":4.0},{"damage":2.0,"enemies":"2 Louse","floor":2.0,"turns":3.0},{"damage":1.0,"enemies":"Cultist","floor":5.0,"turns":4.0},{"damage":6.0,"enemies":"Looter","floor":7.0,"turns":3.0},{"damage":9.0,"enemies":"Red Slaver","floor":10.0,"turns":2.0},{"damage":10.0,"enemies":"Gremlin Nob","floor":11.0,"turns":3.0},{"damage":2.0,"enemies":"Exordium Wildlife","floor":12.0,"turns":2.0},{"damage":22.0,"enemies":"Lagavulin","floor":13.0,"turns":6.0},{"damage":8.0,"enemies":"Blue Slaver","floor":14.0,"turns":3.0},{"damage":31,"enemies":"The Guardian","floor":16,"turns":14},{"damage":26,"enemies":"Shell Parasite","floor":18,"turns":4},{"damage":19,"enemies":"3 Byrds","floor":21,"turns":5},{"damage":52,"enemies":"Book of Stabbing","floor":23,"turns":5},{"damage":28,"enemies":"Centurion and Healer","floor":25,"turns":8},{"damage":22,"enemies":"Shelled Parasite and Fungi","floor":27,"turns":4},{"damage":6,"enemies":"Snecko","floor":29,"turns":4},{"damage":5,"enemies":"Centurion and Healer","floor":31,"turns":5},{"damage":84,"enemies":"Champ","floor":33,"turns":9}],"seed_played":"2791300168981333519","potions_obtained":[{"floor":2.0,"key":"BlessingOfTheForge"},{"floor":10.0,"key":"AttackPotion"},{"floor":14.0,"key":"SneckoOil"},{"floor":23,"key":"AttackPotion"},{"floor":25,"key":"DistilledChaos"}],"is_trial":false,"path_per_floor":["M","M","$","?","M","?","M","R","T","M","E","M","E","M","R","B",null,"M","T","?","M","$","E","R","M","T","M","$","M","R","M","R","B"],"character_chosen":"IRONCLAD","items_purchased":["Membership Card","Bottled Lightning","Combust","War Paint","Meat on the Bone","Metallicize"],"campfire_rested":2,"item_purchase_floors":[22,22,22,22,28,28],"current_hp_per_floor":[70,77,77,73,76,76,79,79,79,79,75,79,76,77,77,52,87,70,70,70,60,60,14,45,26,26,13,13,25,58,74,74,0,0],"gold":80,"neow_bonus":"THREE_RARE_CARDS","is_daily":false,"chose_seed":false,"campfire_upgraded":3,"win_rate":0.0,"timestamp":1611004472,"path_taken":["M","M","$","?","M","?","M","R","T","M","E","M","E","M","R","BOSS","M","?","?","M","$","E","R","M","T","?","$","M","R","M","R","BOSS"],"items_purchased_type":["Relic","Relic","Card","Relic","Relic","Card"],"build_version":"2020-12-22","purchased_purges":2,"victory":false,"max_hp_per_floor":[78,81,81,73,76,76,79,79,79,82,82,82,95,98,98,98,98,101,101,101,104,104,104,104,107,107,110,110,110,110,113,113,113,113],"relic_stats":{"Dream Catcher":2,"counters":[18,88],"Golden Idol":91,"Bronze Scales":[177],"War Paint":["Defend_R","Battle Trance"],"Cursed Key":1,"Smiling Mask":-12,"obtain_stats":[{"Dream Catcher":23,"Pear":13,"Golden Idol":4,"Bronze Scales":11,"Membership Card":22,"Bottled Lightning":22,"War Paint":22,"Cursed Key":17,"Smiling Mask":19,"Burning Blood":0,"Akabeko":9,"Meat on the Bone":28},{"Dream Catcher":13,"Pear":8,"Golden Idol":2,"Bronze Scales":6,"Membership Card":12,"Bottled Lightning":12,"War Paint":12,"Cursed Key":10,"Smiling Mask":11,"Burning Blood":0,"Akabeko":4,"Meat on the Bone":15},{"Dream Catcher":58,"Pear":27,"Golden Idol":7,"Bronze Scales":19,"Membership Card":53,"Bottled Lightning":53,"War Paint":53,"Cursed Key":44,"Smiling Mask":48,"Burning Blood":0,"Akabeko":14,"Meat on the Bone":70}],"Burning Blood":97,"Meat on the Bone":24},"card_choices":[{"not_picked":["Brutality","Reaper"],"picked":"Feed","floor":0.0},{"not_picked":["Clash","Second Wind"],"picked":"Clothesline","floor":1.0},{"not_picked":["Perfected Strike","Iron Wave"],"picked":"Battle Trance","floor":2.0},{"not_picked":["Heavy Blade","Clash","Sentinel"],"picked":"SKIP","floor":5.0},{"not_picked":["Heavy Blade","Perfected Strike"],"picked":"Anger","floor":7.0},{"not_picked":["Reckless Charge","Second Wind"],"picked":"Hemokinesis","floor":10.0},{"not_picked":["Uppercut","Clash"],"picked":"Infernal Blade","floor":11.0},{"not_picked":["Shrug It Off","Wild Strike"],"picked":"Pummel","floor":12.0},{"not_picked":["Fire Breathing","Wild Strike"],"picked":"Flame Barrier","floor":13.0},{"not_picked":["Second Wind","Cleave","True Grit"],"picked":"SKIP","floor":14.0},{"not_picked":["Berserk","Feed"],"picked":"Offering","floor":16},{"not_picked":["Seeing Red","Armaments"],"picked":"Twin Strike+1","floor":18},{"not_picked":["Second Wind","Body Slam","Cleave"],"picked":"SKIP","floor":21},{"not_picked":["Reckless Charge","Whirlwind","Sever Soul"],"picked":"SKIP","floor":23},{"not_picked":["Armaments","Cleave"],"picked":"Warcry+1","floor":24},{"not_picked":["Dropkick","Anger+1","Body Slam"],"picked":"SKIP","floor":25},{"not_picked":["Iron Wave","Hemokinesis","Sword Boomerang"],"picked":"SKIP","floor":27},{"not_picked":["Sentinel","Barricade","Pommel Strike"],"picked":"SKIP","floor":29},{"not_picked":["Cleave","Shrug It Off"],"picked":"Carnage+1","floor":31}],"player_experience":1230860,"relics_obtained":[{"floor":9.0,"key":"Akabeko"},{"floor":11.0,"key":"Bronze Scales"},{"floor":13.0,"key":"Pear"},{"floor":19,"key":"Smiling Mask"},{"floor":23,"key":"Dream Catcher"}],"event_choices":[{"damage_healed":0.0,"max_hp_gain":0.0,"max_hp_loss":8.0,"gold_gain":0.0,"event_name":"Golden Idol","player_choice":"Lose Max HP","floor":4.0,"gold_loss":0.0,"damage_taken":0.0,"relics_obtained":["Golden Idol"]},{"cards_removed":["Strike_R"],"damage_healed":0.0,"max_hp_gain":0.0,"max_hp_loss":0.0,"gold_gain":0.0,"event_name":"Bonfire Elementals","player_choice":"Offered Basic","floor":6.0,"gold_loss":0.0,"damage_taken":0.0},{"damage_healed":0,"gold_gain":275,"player_choice":"Desecrate","damage_taken":0,"max_hp_gain":0,"max_hp_loss":0,"event_name":"Golden Shrine","floor":20,"gold_loss":0,"cards_obtained":["Regret"]}],"is_beta":false,"boss_relics":[{"not_picked":["Busted Crown","Runic Cube"],"picked":"Cursed Key"}],"items_purged_floors":[22,28],"is_endless":false,"potions_floor_spawned":[2,10,11,14,23,25],"killed_by":"Champ","ascension_level":20}}