{"host":"mi24dmma43d7mlws","time":1611011759,"event":{"mods":["2.2 Compatiblity","Astrologer","Bard","BaseMod","Beaked The Cultist","Bestiary","CatGirl Mod","Colored Map","Colored Powertips","Custom Start","Downfall","Fiend Mod","Fireblade Mod","Hermit","Highlight Path","JesterMod","Jorbs\u0027s Wanderer Trilogy","Mad Scientist","Magitek Elite","Minty Spire (QoL Compilation)","Potionbrewer","QueenMod","Quick Restart","Rare Cards Sparkle","Relic Stats","Shade Mod","Somnambulant","StSLib","Td1madao Mod","The Accelerator","The Blackbeard","The Bladedancer","The Bug Knight","The Clintock","The Construct","The Cursed","The Death Knight","The Disciple","The Elementalist","The Florist","The Gatherer","The Hayseed","The Hierophant","The Judge","The Juggle","The Mystic","The Necromancer","The Problem Sleuth","The Runesmith","The Senshi","The Servant 0.9.4","The Showman","The Spell Scribe","The Trickster","The Valiant","The Vixen","The Wild Card","TheBandit","TheFirefly","TheHeartMod","TheHero","TheLocksmith","everything is the same but u backflip on backflip","slay the spire mod where everything is the same but ironclad has a cowboy hat","thorton"],"gold_per_floor":[99,109,122,137,237,263,286,315,326,26,40,40,190,190,205,307,307,307,307,307,116,216,216,216,216,228,228,241,269,269,295,305,401,401,401,412,432,532,532,552,630,644,139,171,181,195,195,249,268,268,268],"floor_reached":50,"language":"ENG","playtime":5520,"items_purged":["bronze:Strike","Normality","WordoMod:FoggyMind"],"score":697,"play_id":"872e9201-1b71-4d77-8844-5856ef9265cf","local_time":"20210118231559","is_ascension_mode":false,"campfire_choices":[{"floor":1,"key":"RECALL"},{"floor":10,"key":"REST"},{"data":"bronze:FineTuning","floor":12,"key":"SMITH"},{"data":"bronze:Iterate","floor":18,"key":"SMITH"},{"data":"bronze:ItsAFeature","floor":23,"key":"SMITH"},{"floor":25,"key":"REST"},{"data":"bronze:Assembly","floor":27,"key":"SMITH"},{"floor":30,"key":"REST"},{"data":"bronze:AlphaBuild","floor":35,"key":"SMITH"}],"circlet_count":0,"master_deck":["bronze:Strike","bronze:Strike","bronze:Strike","bronze:Defend","bronze:Defend","bronze:Defend","bronze:Defend","bronze:Replicate","bronze:Goto","bronze:BronzeArmor","bronze:Backtrace","bronze:Iterate+1","bronze:Safeguard+1","bronze:WhirlingStrike","bronze:FineTuning+1","bronze:Boost","downfall:Icky","bronze:Spike","bronze:DazingPulse","bronze:Explode+1","bronze:Backtrace","bronze:Turbo","bronze:Verify","bronze:ItsAFeature+1","bronze:Iterate","bronze:Branch","bronze:DelayedSlice","bronze:Assembly+1","bronze:Fortify","bronze:AlphaBuild+1","downfall:Icky","Clumsy","downfall:Icky","Writhe","Shame","bronze:AlphaBuild","bronze:ShipIt","theSleuth:OglogMRubbit","bronze:ChildClass+1","bronze:BronzeArmor","Parasite","bronze:BronzeOrb+1"],"relics":["bronze:BronzeCore","Tintinnabulum","Archangels Feather","downfall:HeartBlessingRed","downfall:HeartBlessingGreen","downfall:HeartBlessingBlue","construct:WeddingRing","White Beast Statue","Nunchaku","potionbrewer:DrinkingBird","Ribbon","Gem_Box","Cursed Key","downfall:TeleportStone","Pantograph","beaked:ShinyBauble","Sling","Meat on the Bone","DollysMirror"],"acts_visited":["Exordium","TheCity","TheBeyond"],"potions_floor_usage":[6,6,21,29,29,31,32,33,36,36,37,44,44,44,45,50],"damage_taken":[{"damage":6,"enemies":"Jaw Worm","floor":2,"turns":3},{"damage":4,"enemies":"2 Louse","floor":3,"turns":3},{"damage":2,"enemies":"Small Slimes","floor":4,"turns":3},{"damage":31,"enemies":"3 Sentries","floor":6,"turns":8},{"damage":23,"enemies":"Gremlin Nob","floor":8,"turns":5},{"damage":3,"enemies":"3 Louse","floor":9,"turns":2},{"damage":0,"enemies":"Exordium Wildlife","floor":11,"turns":2},{"damage":58,"enemies":"Exordium Wildlife","floor":14,"turns":7},{"damage":0,"enemies":"Blue Slaver","floor":15,"turns":2},{"damage":53,"enemies":"IC_STATUS_ARCHETYPE","floor":16,"turns":10},{"damage":1,"enemies":"downfall:FleeingMerchant","floor":21,"turns":4},{"damage":41,"enemies":"downfall:LadyInBlue","floor":22,"turns":10},{"damage":10,"enemies":"Chosen","floor":26,"turns":3},{"damage":0,"enemies":"Spheric Guardian","floor":28,"turns":1},{"damage":38,"enemies":"Slavers","floor":29,"turns":7},{"damage":27,"enemies":"Gremlin Leader","floor":31,"turns":6},{"damage":0,"enemies":"3 Cultists","floor":32,"turns":4},{"damage":77,"enemies":"SI_MIRROR_ARCHETYPE","floor":33,"turns":11},{"damage":5,"enemies":"3 Darklings","floor":36,"turns":3},{"damage":59,"enemies":"3 Shapes","floor":37,"turns":8},{"damage":0,"enemies":"Sphere and 2 Shapes","floor":40,"turns":3},{"damage":18,"enemies":"3 Darklings","floor":42,"turns":4},{"damage":0,"enemies":"downfall:FleeingMerchant","floor":43,"turns":4},{"damage":50,"enemies":"Reptomancer","floor":44,"turns":5},{"damage":2,"enemies":"Jaw Worm Horde","floor":45,"turns":3},{"damage":29,"enemies":"Sphere and 2 Shapes","floor":46,"turns":3},{"damage":0,"enemies":"downfall:FleeingMerchant","floor":48,"turns":1},{"damage":42,"enemies":"Writhing Mass","floor":49,"turns":8},{"damage":83,"enemies":"DF_ARCHETYPE_ORBS","floor":50,"turns":8}],"seed_played":"-822567703077649269","potions_obtained":[{"floor":2,"key":"SneckoOil"},{"floor":3,"key":"ColorlessPotion"},{"floor":4,"key":"potionbrewer:CleansingPotion"},{"floor":9,"key":"FairyPotion"},{"floor":14,"key":"hexamod:SoulburnPotion"},{"floor":15,"key":"Regen Potion"},{"floor":22,"key":"Dexterity Potion"},{"floor":22,"key":"bronze:FreeFunctionsPotion"},{"floor":22,"key":"Guardian:BlockOnCardUsePotion"},{"floor":26,"key":"bronze:FreeFunctionsPotion"},{"floor":28,"key":"potionbrewer:BlacksmithPotion"},{"floor":29,"key":"potionbrewer:ToxicPotion"},{"floor":31,"key":"Explosive Potion"},{"floor":32,"key":"Block Potion"},{"floor":33,"key":"Strength Potion"},{"floor":36,"key":"AttackPotion"},{"floor":37,"key":"potionbrewer:BlacksmithPotion"},{"floor":40,"key":"potionbrewer:MidasPotion"},{"floor":44,"key":"potionbrewer:NoxiousPotion"},{"floor":45,"key":"potionbrewer:FreezingPotion"},{"floor":46,"key":"Swift Potion"}],"is_trial":false,"path_per_floor":["R","M","M","M","?","E","T","E","M","R","M","R","?","?","M","B",null,"R","?","?","$","?","R","T","R","M","R","M","E","R","E","M","B",null,"R","M","M","?","?","M","T","M","$","E","M","M","?","$","M","B"],"character_chosen":"THE_AUTOMATON","items_purchased":["bronze:Iterate","bronze:Branch","beaked:ShinyBauble","Sling","DollysMirror"],"campfire_rested":3,"item_purchase_floors":[21,21,43,43,48],"current_hp_per_floor":[77,71,67,65,65,34,35,13,21,58,69,70,71,29,40,26,87,87,87,70,82,51,52,53,81,82,83,92,54,82,65,80,15,92,92,87,33,39,40,53,54,49,62,25,48,44,45,58,41,0,0],"gold":268,"neow_bonus":"TEN_PERCENT_HP_BONUS","is_daily":false,"chose_seed":false,"campfire_upgraded":5,"win_rate":0.0,"timestamp":1611011759,"path_taken":["R","M","M","M","?","E","T","E","M","R","M","R","?","?","M","BOSS","R","?","?","$","?","R","T","R","M","R","M","E","R","E","M","BOSS","R","M","?","?","?","?","T","M","$","E","M","M","?","$","M","BOSS"],"items_purchased_type":["Card","Card","Relic","Relic","Relic"],"build_version":"2020-12-22","purchased_purges":3,"victory":false,"max_hp_per_floor":[77,77,77,77,77,77,77,77,77,87,87,87,87,87,87,87,87,87,87,92,92,92,92,92,92,92,92,92,92,92,92,92,92,92,92,92,92,97,97,97,97,97,97,97,97,97,97,97,97,97,97],"relic_stats":{"Nunchaku":[19],"counters":[29,141],"Pantograph":25,"Cursed Key":1,"obtain_stats":[{"beaked:ShinyBauble":43,"bronze:BronzeCore":0,"construct:WeddingRing":17,"downfall:HeartBlessingRed":10,"downfall:HeartBlessingGreen":10,"downfall:TeleportStone":39,"Cursed Key":38,"Sling":43,"White Beast Statue":22,"Nunchaku":24,"Archangels Feather":8,"downfall:HeartBlessingBlue":10,"Ribbon":31,"DollysMirror":48,"Pantograph":41,"Tintinnabulum":6,"potionbrewer:DrinkingBird":29,"Gem_Box":34,"Meat on the Bone":44},{"beaked:ShinyBauble":23,"bronze:BronzeCore":0,"construct:WeddingRing":10,"downfall:HeartBlessingRed":6,"downfall:HeartBlessingGreen":6,"downfall:TeleportStone":20,"Cursed Key":20,"Sling":23,"White Beast Statue":12,"Nunchaku":12,"Archangels Feather":5,"downfall:HeartBlessingBlue":6,"Ribbon":16,"DollysMirror":27,"Pantograph":21,"Tintinnabulum":4,"potionbrewer:DrinkingBird":15,"Gem_Box":18,"Meat on the Bone":24},{"beaked:ShinyBauble":113,"bronze:BronzeCore":0,"construct:WeddingRing":45,"downfall:HeartBlessingRed":24,"downfall:HeartBlessingGreen":24,"downfall:TeleportStone":102,"Cursed Key":102,"Sling":113,"White Beast Statue":59,"Nunchaku":59,"Archangels Feather":22,"downfall:HeartBlessingBlue":24,"Ribbon":76,"DollysMirror":125,"Pantograph":105,"Tintinnabulum":17,"potionbrewer:DrinkingBird":70,"Gem_Box":91,"Meat on the Bone":118}],"Meat on the Bone":36},"card_choices":[{"not_picked":["bronze:Overload","bronze:Invalidate"],"picked":"bronze:BronzeArmor","floor":2},{"not_picked":["bronze:Shield","bronze:DarkDash"],"picked":"bronze:Backtrace","floor":3},{"not_picked":["bronze:BuggyMess","bronze:Return"],"picked":"bronze:Iterate","floor":4},{"not_picked":["bronze:Deprecate","bronze:ChildClass"],"picked":"bronze:Safeguard","floor":6},{"not_picked":["bronze:Shell","bronze:ForceShield"],"picked":"bronze:WhirlingStrike","floor":8},{"not_picked":["bronze:OilSpill","bronze:Overheat"],"picked":"bronze:FineTuning","floor":9},{"not_picked":["bronze:ChosenStrike","bronze:GetLatest"],"picked":"bronze:Boost","floor":11},{"not_picked":[],"picked":"bronze:Spike","floor":14},{"not_picked":[],"picked":"bronze:DazingPulse","floor":14},{"not_picked":[],"picked":"bronze:Explode","floor":14},{"not_picked":["bronze:BitShift","bronze:Turbo"],"picked":"bronze:Backtrace","floor":14},{"not_picked":["bronze:Philosophize","bronze:Deprecate"],"picked":"bronze:Turbo","floor":15},{"not_picked":["bronze:BurnOut","bronze:HyperBeam"],"picked":"bronze:Verify","floor":16},{"not_picked":["bronze:Turbo","bronze:Safeguard"],"picked":"bronze:ItsAFeature","floor":21},{"not_picked":["bronze:Branch","bronze:ChosenStrike"],"picked":"bronze:DelayedSlice","floor":22},{"not_picked":["bronze:Shell","bronze:Allocate+1"],"picked":"bronze:Assembly","floor":26},{"not_picked":["bronze:FollowUp","bronze:OilSpill","bronze:Branch"],"picked":"SKIP","floor":28},{"not_picked":["bronze:NullPointer","bronze:Branch","bronze:BitShift"],"picked":"SKIP","floor":29},{"not_picked":["bronze:Deprecate","bronze:Frontload","bronze:FineTuning+1"],"picked":"SKIP","floor":31},{"not_picked":["bronze:BuggyMess","bronze:Return"],"picked":"bronze:Fortify","floor":32},{"not_picked":["bronze:Format","bronze:BurnOut"],"picked":"bronze:AlphaBuild","floor":33},{"not_picked":["bronze:DelayedGuard","bronze:WhirlingStrike","bronze:OilSpill+1"],"picked":"SKIP","floor":36},{"not_picked":["bronze:OilSpill","bronze:Backtrace","bronze:CutThrough+1"],"picked":"SKIP","floor":37},{"not_picked":["bronze:WhirlingStrike","bronze:Deprecate"],"picked":"bronze:ShipIt","floor":40},{"not_picked":["bronze:CutThrough","bronze:WildBeam+1","bronze:BitShift+1"],"picked":"SKIP","floor":42},{"not_picked":["bronze:Shell","bronze:OilSpill+1","bronze:CutThrough+1"],"picked":"SKIP","floor":43},{"not_picked":["bronze:BitShift","bronze:Overload+1","bronze:FollowUp"],"picked":"SKIP","floor":44},{"not_picked":["bronze:WildBeam","bronze:Flail+1","bronze:MaxOutput+1"],"picked":"SKIP","floor":45},{"not_picked":["bronze:BugBarrage","bronze:OilSpill","bronze:WildBeam+1"],"picked":"SKIP","floor":46},{"not_picked":["bronze:Iterate+1","bronze:Deprecate+1"],"picked":"bronze:ChildClass+1","floor":48},{"not_picked":["bronze:FindAndReplace","bronze:BitShift+1"],"picked":"bronze:BronzeOrb+1","floor":49}],"player_experience":1089038,"relics_obtained":[{"floor":6,"key":"Tintinnabulum"},{"floor":8,"key":"Archangels Feather"},{"floor":22,"key":"White Beast Statue"},{"floor":24,"key":"Nunchaku"},{"floor":29,"key":"potionbrewer:DrinkingBird"},{"floor":31,"key":"Ribbon"},{"floor":41,"key":"Pantograph"},{"floor":44,"key":"Meat on the Bone"}],"event_choices":[],"is_beta":false,"boss_relics":[{"not_picked":["potionbrewer:BhaskarasWheel","jesterMod:MachoBrace"],"picked":"construct:WeddingRing"},{"not_picked":["Runic Pyramid","Black Star"],"picked":"Gem_Box"}],"items_purged_floors":[21,43,48],"is_endless":false,"potions_floor_spawned":[2,3,4,9,14,15,22,26,28,29,31,32,33,36,37,40,42,43,44,45,46,48,49],"killed_by":"DF_ARCHETYPE_ORBS","ascension_level":0}}