{"host":"fm9e0lfunjlbhzxv","time":1611000737,"event":{"mods":["2.2 Compatiblity","AchievementEnabler","Alarm Clock","BaseMod","Bestiary","Colored Map","Colored Powertips","Key Reminder","Minty Spire (QoL Compilation)","Permanent Neow","Random Character Button","Rare Cards Sparkle","Relic Stats","StSLib","slay the spire mod where everything is the same but ironclad has a cowboy hat"],"gold_per_floor":[110,80,0,18,31,31,58,58,81,107,125,140,150,185,185,290,290,300,318,333,352,352,352,378,578,658,230,230,261,273,273,273],"floor_reached":31,"language":"ENG","playtime":1873,"items_purged":["Strike_P"],"score":424,"play_id":"d0c8dda7-2660-4960-806a-655910dc16b2","local_time":"20210118121217","is_ascension_mode":true,"campfire_choices":[{"data":"Perseverance","floor":6,"key":"SMITH"},{"data":"Vigilance","floor":8,"key":"SMITH"},{"data":"EmptyBody","floor":15,"key":"SMITH"},{"data":"Omniscience","floor":23,"key":"SMITH"},{"floor":28,"key":"REST"}],"circlet_count":0,"master_deck":["Strike_P","Strike_P","Defend_P","Defend_P","Eruption","Vigilance+1","CarveReality+1","SashWhip+1","Ragnarok+1","Tantrum","EmptyBody+1","FearNoEvil","Perseverance+1","MentalFortress","ThirdEye","ThirdEye","Sanctity","Omniscience+1","ClearTheMind","Crescendo","Tantrum","MentalFortress","InnerPeace","Nirvana+1","SandsOfTime"],"relics":["Astrolabe","Happy Flower","Strawberry","Omamori","Ancient Tea Set","SlaversCollar","Yang","Shuriken","Pen Nib","Juzu Bracelet","Pear"],"acts_visited":["Exordium","TheCity"],"potions_floor_usage":[19,21,21,29],"damage_taken":[{"damage":0,"enemies":"2 Louse","floor":1,"turns":1},{"damage":0,"enemies":"Cultist","floor":4,"turns":2},{"damage":0,"enemies":"Small Slimes","floor":5,"turns":1},{"damage":2,"enemies":"3 Sentries","floor":7,"turns":4},{"damage":0,"enemies":"Gremlin Nob","floor":10,"turns":2},{"damage":2,"enemies":"Red Slaver","floor":11,"turns":3},{"damage":2,"enemies":"Blue Slaver","floor":12,"turns":3},{"damage":0,"enemies":"Exordium Wildlife","floor":13,"turns":3},{"damage":0,"enemies":"Lagavulin","floor":14,"turns":4},{"damage":43,"enemies":"The Guardian","floor":16,"turns":9},{"damage":4,"enemies":"Shell Parasite","floor":18,"turns":4},{"damage":5,"enemies":"Chosen","floor":19,"turns":3},{"damage":4,"enemies":"Centurion and Healer","floor":20,"turns":8},{"damage":6,"enemies":"3 Cultists","floor":21,"turns":4},{"damage":46,"enemies":"Slavers","floor":24,"turns":5},{"damage":7,"enemies":"Book of Stabbing","floor":29,"turns":4},{"damage":7,"enemies":"Snake Plant","floor":30,"turns":3},{"damage":35,"enemies":"Slavers","floor":31,"turns":2}],"seed_played":"8036217025551551065","potions_obtained":[{"floor":1,"key":"Ambrosia"},{"floor":2,"key":"DistilledChaos"},{"floor":2,"key":"LiquidMemories"},{"floor":11,"key":"LiquidMemories"},{"floor":19,"key":"SpeedPotion"},{"floor":24,"key":"Explosive Potion"}],"is_trial":false,"path_per_floor":["M","?","$","M","M","R","E","R","T","E","M","M","M","E","R","B",null,"M","M","M","M","?","R","E","?","T","$","R","E","M","E"],"character_chosen":"WATCHER","items_purchased":["EmptyBody","FearNoEvil","Pen Nib","Juzu Bracelet","Swift Potion"],"campfire_rested":1,"item_purchase_floors":[3,3,27,27,27],"current_hp_per_floor":[72,72,72,72,72,72,70,70,77,77,75,73,73,73,73,30,79,75,70,66,60,60,60,14,14,14,14,37,40,33,0,0],"gold":273,"neow_bonus":"BOSS_RELIC","is_daily":false,"chose_seed":false,"campfire_upgraded":4,"win_rate":0.0,"timestamp":1611000737,"path_taken":["M","?","?","?","M","R","E","R","T","E","M","M","M","E","R","BOSS","M","M","?","M","?","R","E","?","T","$","R","E","M","E"],"items_purchased_type":["Card","Card","Relic","Relic","Potion"],"build_version":"2020-12-22","purchased_purges":1,"victory":false,"max_hp_per_floor":[72,72,72,72,72,72,72,72,79,79,79,79,79,79,79,79,79,79,79,79,79,79,79,79,79,79,79,79,89,89,89,89],"relic_stats":{"Happy Flower":[19],"counters":[18,65],"Shuriken":[3],"Astrolabe":["CarveReality","SashWhip","Ragnarok"],"Yang":[12],"Pen Nib":[1],"Juzu Bracelet":0,"obtain_stats":[{"SlaversCollar":17,"Pear":29,"Happy Flower":7,"Shuriken":26,"Astrolabe":0,"Strawberry":9,"Yang":24,"Pen Nib":27,"Omamori":10,"Juzu Bracelet":27,"PureWater":0,"Ancient Tea Set":14},{"SlaversCollar":10,"Pear":16,"Happy Flower":4,"Shuriken":15,"Astrolabe":0,"Strawberry":4,"Yang":15,"Pen Nib":15,"Omamori":5,"Juzu Bracelet":15,"PureWater":0,"Ancient Tea Set":9},{"SlaversCollar":32,"Pear":60,"Happy Flower":8,"Shuriken":56,"Astrolabe":0,"Strawberry":8,"Yang":56,"Pen Nib":56,"Omamori":10,"Juzu Bracelet":56,"PureWater":0,"Ancient Tea Set":23}]},"card_choices":[{"not_picked":["SandsOfTime","WheelKick"],"picked":"Tantrum","floor":1},{"not_picked":["CrushJoints","JustLucky"],"picked":"Perseverance","floor":4},{"not_picked":["Weave","FollowUp","Prostrate"],"picked":"SKIP","floor":5},{"not_picked":["Pray","FollowUp"],"picked":"MentalFortress","floor":7},{"not_picked":["Nirvana","FlyingSleeves"],"picked":"ThirdEye","floor":10},{"not_picked":["Alpha","FlyingSleeves"],"picked":"ThirdEye","floor":11},{"not_picked":["Swivel","JustLucky","Consecrate"],"picked":"SKIP","floor":12},{"not_picked":["CrushJoints","Consecrate","Protect"],"picked":"SKIP","floor":13},{"not_picked":["SandsOfTime","Nirvana"],"picked":"Sanctity","floor":14},{"not_picked":["Brilliance","Establishment"],"picked":"Omniscience","floor":16},{"not_picked":["SashWhip","Sanctity","Worship+1"],"picked":"SKIP","floor":18},{"not_picked":["Prostrate","Crescendo"],"picked":"ClearTheMind","floor":19},{"not_picked":["Prostrate","Halt"],"picked":"Crescendo","floor":20},{"not_picked":["Halt","Meditate"],"picked":"Tantrum","floor":21},{"not_picked":["PathToVictory+1","WindmillStrike+1"],"picked":"InnerPeace","floor":24},{"not_picked":["ClearTheMind","Evaluate"],"picked":"Nirvana+1","floor":29},{"not_picked":["Wish","SashWhip+1"],"picked":"SandsOfTime","floor":30}],"player_experience":427162,"relics_obtained":[{"floor":7,"key":"Happy Flower"},{"floor":9,"key":"Strawberry"},{"floor":10,"key":"Omamori"},{"floor":14,"key":"Ancient Tea Set"},{"floor":24,"key":"Yang"},{"floor":26,"key":"Shuriken"},{"floor":29,"key":"Pear"}],"event_choices":[{"damage_healed":0,"gold_gain":0,"player_choice":"Bought 2 Potions","damage_taken":0,"max_hp_gain":0,"max_hp_loss":0,"event_name":"The Woman in Blue","floor":2,"gold_loss":0},{"damage_healed":0,"gold_gain":0,"player_choice":"Read","damage_taken":0,"max_hp_gain":0,"max_hp_loss":0,"event_name":"The Library","floor":22,"gold_loss":0,"cards_obtained":["MentalFortress"]},{"damage_healed":0,"gold_gain":250,"player_choice":"Bet on Owner","damage_taken":0,"max_hp_gain":0,"max_hp_loss":0,"event_name":"The Joust","floor":25,"gold_loss":50}],"is_beta":false,"boss_relics":[{"not_picked":["Busted Crown","SacredBark"],"picked":"SlaversCollar"}],"items_purged_floors":[27],"is_endless":false,"potions_floor_spawned":[1,11,12,13,19,20,24],"killed_by":"Slavers","ascension_level":3}}