{"host":"1ekl8hlbnopmdapi","time":1611008265,"event":{"mods":["AchievementEnabler","BaseMod","Colored Map","Colored Powertips","DeckTracker","Googly Eyes","Highlight Path","Minty Spire (QoL Compilation)","Relic Sorter","StSLib","Synergy Search"],"gold_per_floor":[111,124,124,56,76,76,103,118,142,160,160,191,203,234,234,334,334,345,345,362,412,482,482,80,113,138,138,165,215,215,248,248,352,352,365,67,85,96,146,146,181,281,281,313,339,351,460,540,552,564,564],"floor_reached":50,"language":"ENG","playtime":4805,"items_purged":[],"score":854,"play_id":"ee44ce87-82eb-44ae-9686-0d482a3d6948","local_time":"20210118171745","is_ascension_mode":true,"campfire_choices":[{"floor":6,"key":"RECALL"},{"data":"Cloak And Dagger","floor":11,"key":"SMITH"},{"floor":15,"key":"REST"},{"floor":23,"key":"REST"},{"data":"Blade Dance","floor":27,"key":"SMITH"},{"data":"Neutralize","floor":30,"key":"SMITH"},{"data":"Accuracy","floor":32,"key":"SMITH"},{"data":"Accuracy","floor":40,"key":"SMITH"},{"floor":46,"key":"REST"},{"data":"Burst","floor":49,"key":"SMITH"}],"circlet_count":0,"master_deck":["Strike_G","Strike_G","Strike_G","Strike_G","Strike_G","Defend_G","Defend_G","Defend_G","Defend_G","Defend_G","Survivor","Neutralize+1","Cloak And Dagger+1","Blade Dance+1","Accuracy+1","Backstab","Quick Slash","Flying Knee","Prepared","Blade Dance","Noxious Fumes","Storm of Steel","Blade Dance","Quick Slash","Terror","Blade Dance","Dagger Spray+1","Distraction","Burst+1","Terror","Accuracy+1","Blade Dance","Quick Slash","Quick Slash","Calculated Gamble+1","Blade Dance+1","Dagger Throw+1"],"relics":["WristBlade","Regal Pillow","Nunchaku","Bottled Lightning","SsserpentHead","Oddly Smooth Stone","Ornamental Fan","Vajra","Art of War","Ancient Tea Set","Snake Skull","Black Star","Membership Card","Pen Nib","Pantograph","TungstenRod","The Specimen","Molten Egg 2","MawBank","Thread and Needle","Torii"],"acts_visited":["Exordium","TheCity","TheBeyond"],"potions_floor_usage":[7,14,33,33,44,47,50,50,50],"damage_taken":[{"damage":0,"enemies":"2 Louse","floor":1,"turns":3},{"damage":0,"enemies":"Cultist","floor":2,"turns":4},{"damage":0,"enemies":"Jaw Worm","floor":5,"turns":2},{"damage":5,"enemies":"Gremlin Nob","floor":7,"turns":3},{"damage":0,"enemies":"Exordium Thugs","floor":8,"turns":3},{"damage":6,"enemies":"Gremlin Gang","floor":10,"turns":3},{"damage":20,"enemies":"3 Sentries","floor":12,"turns":6},{"damage":0,"enemies":"2 Fungi Beasts","floor":13,"turns":2},{"damage":18,"enemies":"Gremlin Nob","floor":14,"turns":3},{"damage":29,"enemies":"Slime Boss","floor":16,"turns":7},{"damage":4,"enemies":"Chosen","floor":18,"turns":3},{"damage":0,"enemies":"Spheric Guardian","floor":20,"turns":2},{"damage":19,"enemies":"Centurion and Healer","floor":22,"turns":4},{"damage":11,"enemies":"Slavers","floor":25,"turns":4},{"damage":0,"enemies":"Gremlin Leader","floor":28,"turns":4},{"damage":12,"enemies":"Book of Stabbing","floor":31,"turns":4},{"damage":71,"enemies":"Champ","floor":33,"turns":7},{"damage":5,"enemies":"3 Shapes","floor":35,"turns":3},{"damage":0,"enemies":"Orb Walker","floor":37,"turns":2},{"damage":25,"enemies":"Maw","floor":38,"turns":5},{"damage":24,"enemies":"Reptomancer","floor":41,"turns":4},{"damage":0,"enemies":"Mind Bloom Boss Battle","floor":42,"turns":4},{"damage":35,"enemies":"Nemesis","floor":44,"turns":5},{"damage":0,"enemies":"Transient","floor":45,"turns":5},{"damage":5,"enemies":"2 Orb Walkers","floor":47,"turns":3},{"damage":0,"enemies":"Spire Growth","floor":48,"turns":2},{"damage":68,"enemies":"Awakened One","floor":50,"turns":7}],"seed_played":"-3589030471010103193","potions_obtained":[{"floor":3,"key":"LiquidBronze"},{"floor":3,"key":"SkillPotion"},{"floor":3,"key":"CultistPotion"},{"floor":5,"key":"EssenceOfSteel"},{"floor":10,"key":"ColorlessPotion"},{"floor":12,"key":"AttackPotion"},{"floor":13,"key":"FairyPotion"},{"floor":14,"key":"PowerPotion"},{"floor":33,"key":"PowerPotion"},{"floor":35,"key":"SkillPotion"},{"floor":41,"key":"SteroidPotion"},{"floor":44,"key":"GamblersBrew"},{"floor":47,"key":"CunningPotion"}],"is_trial":false,"path_per_floor":["M","M","?","$","M","R","E","M","T","M","R","E","M","E","R","B",null,"M","?","M","$","M","R","$","E","T","R","E","?","R","E","R","B",null,"M","$","M","M","?","R","E","?","T","E","M","R","?","M","R","B"],"character_chosen":"THE_SILENT","items_purchased":["Accuracy","Oddly Smooth Stone","Ornamental Fan","Membership Card","Accuracy","Blade Dance","Pen Nib"],"campfire_rested":3,"item_purchase_floors":[4,24,24,36,36,36,36],"current_hp_per_floor":[70,70,70,70,70,70,65,65,65,59,59,39,39,21,57,28,60,56,56,56,56,37,70,70,59,59,59,59,59,59,47,47,21,58,53,53,53,28,61,61,37,61,61,26,26,59,54,54,54,0,0],"gold":564,"neow_bonus":"BOSS_RELIC","is_daily":false,"chose_seed":false,"campfire_upgraded":6,"win_rate":0.0,"timestamp":1611008265,"path_taken":["M","M","?","?","M","R","E","M","T","M","R","E","M","E","R","BOSS","M","?","M","?","?","R","$","E","T","R","E","?","R","E","R","BOSS","M","$","M","M","?","R","E","?","T","E","M","R","?","?","R","BOSS"],"items_purchased_type":["Card","Relic","Relic","Relic","Card","Card","Relic"],"build_version":"2020-12-22","purchased_purges":0,"victory":false,"max_hp_per_floor":[70,70,70,70,70,70,70,70,70,70,70,70,70,70,70,70,70,70,70,70,70,70,70,70,70,70,70,70,70,70,70,70,70,70,70,70,70,70,61,61,61,61,61,61,61,61,61,61,61,61,61],"card_choices":[{"not_picked":["Deflect","Outmaneuver"],"picked":"Cloak And Dagger","floor":1},{"not_picked":["Bouncing Flask","Prepared"],"picked":"Blade Dance","floor":2},{"not_picked":["Flechettes","Deadly Poison"],"picked":"Backstab","floor":5},{"not_picked":["Predator","Crippling Poison"],"picked":"Quick Slash","floor":7},{"not_picked":["Phantasmal Killer","Acrobatics"],"picked":"Flying Knee","floor":8},{"not_picked":["Underhanded Strike","Concentrate","Leg Sweep"],"picked":"SKIP","floor":10},{"not_picked":["Flechettes","Bane"],"picked":"Prepared","floor":12},{"not_picked":["Dagger Throw","Calculated Gamble"],"picked":"Blade Dance","floor":13},{"not_picked":["Predator","Wraith Form v2"],"picked":"Noxious Fumes","floor":14},{"not_picked":["Malaise","Corpse Explosion"],"picked":"Storm of Steel","floor":16},{"not_picked":["Setup","Riddle With Holes"],"picked":"Blade Dance","floor":18},{"not_picked":["Dodge and Roll","Backstab"],"picked":"Quick Slash","floor":20},{"not_picked":["Predator","Poisoned Stab+1"],"picked":"Terror","floor":22},{"not_picked":["Dodge and Roll","Concentrate+1"],"picked":"Blade Dance","floor":25},{"not_picked":["Eviscerate","Poisoned Stab"],"picked":"Dagger Spray+1","floor":28},{"not_picked":["Slice","Predator+1"],"picked":"Distraction","floor":31},{"not_picked":["Storm of Steel","Venomology"],"picked":"Burst","floor":33},{"not_picked":["Endless Agony+1","Bouncing Flask"],"picked":"Terror","floor":35},{"not_picked":["Poisoned Stab+1","Catalyst+1"],"picked":"Quick Slash","floor":37},{"not_picked":["Terror+1","Deflect"],"picked":"Quick Slash","floor":38},{"not_picked":["Acrobatics","Deflect"],"picked":"Calculated Gamble+1","floor":41},{"not_picked":["Deadly Poison+1","Deflect","Poisoned Stab+1"],"picked":"SKIP","floor":44},{"not_picked":["Dagger Spray+1","Venomology","Catalyst+1"],"picked":"SKIP","floor":45},{"not_picked":["Bane+1","PiercingWail+1"],"picked":"Blade Dance+1","floor":47},{"not_picked":["Bouncing Flask+1","Flechettes+1"],"picked":"Dagger Throw+1","floor":48}],"player_experience":468510,"relics_obtained":[{"floor":7,"key":"Regal Pillow"},{"floor":12,"key":"Nunchaku"},{"floor":14,"key":"Bottled Lightning"},{"floor":25,"key":"Vajra"},{"floor":26,"key":"Art of War"},{"floor":28,"key":"Ancient Tea Set"},{"floor":31,"key":"Snake Skull"},{"floor":41,"key":"Pantograph"},{"floor":41,"key":"TungstenRod"},{"floor":42,"key":"The Specimen"},{"floor":43,"key":"Molten Egg 2"},{"floor":44,"key":"MawBank"},{"floor":44,"key":"Thread and Needle"},{"floor":47,"key":"Torii"}],"event_choices":[{"damage_healed":0,"gold_gain":0,"player_choice":"Got Potions","damage_taken":0,"max_hp_gain":0,"max_hp_loss":0,"event_name":"Lab","floor":3,"gold_loss":0},{"damage_healed":0,"gold_gain":0,"player_choice":"Trade","damage_taken":0,"relics_obtained":["SsserpentHead"],"max_hp_gain":0,"max_hp_loss":0,"event_name":"FaceTrader","floor":19,"gold_loss":0},{"damage_healed":0,"gold_gain":0,"player_choice":"Ignored","damage_taken":0,"max_hp_gain":0,"max_hp_loss":0,"event_name":"Ghosts","floor":29,"gold_loss":0},{"damage_healed":61,"gold_gain":0,"player_choice":"Heal","damage_taken":0,"max_hp_gain":0,"max_hp_loss":9,"event_name":"The Moai Head","floor":39,"gold_loss":0},{"damage_healed":0,"gold_gain":0,"player_choice":"Fight","damage_taken":0,"max_hp_gain":0,"max_hp_loss":0,"event_name":"MindBloom","floor":42,"gold_loss":0},{"damage_healed":0,"gold_gain":0,"player_choice":"Fight","damage_taken":0,"max_hp_gain":0,"max_hp_loss":0,"event_name":"Mysterious Sphere","floor":47,"gold_loss":0}],"is_beta":false,"boss_relics":[{"not_picked":["Cursed Key","Coffee Dripper","Snecko Eye"]},{"not_picked":["HoveringKite","Fusion Hammer"],"picked":"Black Star"}],"items_purged_floors":[],"is_endless":false,"potions_floor_spawned":[5,10,12,13,14,16,20,28,31,33,35,41,44,47],"killed_by":"Awakened One","ascension_level":5}}