{"host":"szp1d6dso4pv7ddl","time":1611006560,"event":{"mods":["AchievementEnabler","Alarm Clock","BaseMod","Bestiary","Block Reminder","Colored Map","Colored Powertips","Curses Come First","Dark Map","Displayed Cursed Tome","Highlight Path","Minty Spire (QoL Compilation)","Permanent Neow","Quick Restart","Relic Sorter","Relic Stats","StSLib","Synergy Search"],"gold_per_floor":[115,290,306,306,317,317,345,345,345,392,429,470,501,513,525,537,537],"floor_reached":16,"language":"ENG","playtime":581,"items_purged":[],"score":158,"play_id":"2270c92e-cb0c-4ba8-91ff-a0b3f1599ce1","local_time":"20210118134920","is_ascension_mode":true,"campfire_choices":[{"floor":6.0,"key":"DIG"},{"floor":8.0,"key":"REST"},{"floor":15.0,"key":"REST"}],"circlet_count":0,"master_deck":["AscendersBane","Strike_B","Strike_B","Strike_B","Strike_B","Defend_B","Defend_B","Defend_B","Defend_B","Zap","Dualcast","Doubt","FTL","Go for the Eyes","Defragment+1","Defragment+1","Heatsinks+1"],"relics":["Cracked Core","Shovel","Frozen Egg 2","Mummified Hand","CeramicFish","MawBank"],"acts_visited":["Exordium"],"potions_floor_usage":[16,16],"damage_taken":[{"damage":2.0,"enemies":"2 Louse","floor":1.0,"turns":3.0},{"damage":11.0,"enemies":"Small Slimes","floor":3.0,"turns":4.0},{"damage":7.0,"enemies":"Jaw Worm","floor":5.0,"turns":3.0},{"damage":36.0,"enemies":"Gremlin Nob","floor":7.0,"turns":5.0},{"damage":11.0,"enemies":"Looter","floor":11.0,"turns":2.0},{"damage":9.0,"enemies":"2 Fungi Beasts","floor":12.0,"turns":4.0},{"damage":17.0,"enemies":"Blue Slaver","floor":13.0,"turns":3.0},{"damage":30,"enemies":"The Guardian","floor":16,"turns":4}],"seed_played":"-3450892628762423419","potions_obtained":[{"floor":1.0,"key":"FearPotion"},{"floor":7.0,"key":"LiquidBronze"}],"is_trial":false,"path_per_floor":["M","?","M","?","M","R","E","R","T","T","M","M","M","$","R","B"],"character_chosen":"DEFECT","items_purchased":[],"campfire_rested":2,"item_purchase_floors":[],"current_hp_per_floor":[48,48,37,62,55,55,19,41,41,41,30,21,4,4,26,0,0],"gold":537,"neow_bonus":"ONE_RARE_RELIC","is_daily":false,"chose_seed":false,"campfire_upgraded":0,"win_rate":0.0,"timestamp":1611006560,"path_taken":["M","?","M","?","M","R","E","R","T","?","M","M","M","?","R","BOSS"],"items_purchased_type":[],"build_version":"2020-12-22","purchased_purges":0,"victory":false,"max_hp_per_floor":[75,75,75,75,75,75,75,75,75,75,75,75,75,75,75,75,75],"relic_stats":{"Shovel":1,"counters":[8,28],"Mummified Hand":[9],"CeramicFish":18,"MawBank":72,"obtain_stats":[{"Shovel":0,"Mummified Hand":7,"CeramicFish":9,"Frozen Egg 2":6,"Cracked Core":0,"MawBank":10},{"Shovel":0,"Mummified Hand":4,"CeramicFish":4,"Frozen Egg 2":3,"Cracked Core":0,"MawBank":4},{"Shovel":0,"Mummified Hand":15,"CeramicFish":15,"Frozen Egg 2":10,"Cracked Core":0,"MawBank":15}]},"card_choices":[{"not_picked":["Glacier","Cold Snap","BootSequence"],"picked":"SKIP","floor":1.0},{"not_picked":["Ball Lightning","Barrage"],"picked":"FTL","floor":3.0},{"not_picked":["Redo","Streamline"],"picked":"Go for the Eyes","floor":5.0},{"not_picked":["Steam Power","Sunder"],"picked":"Defragment+1","floor":7.0},{"not_picked":["Leap","Hello World+1"],"picked":"Defragment+1","floor":11.0},{"not_picked":["Leap","Turbo"],"picked":"Heatsinks+1","floor":12.0},{"not_picked":["Sweeping Beam","White Noise","Rebound"],"picked":"SKIP","floor":13.0}],"player_experience":1219050,"relics_obtained":[{"floor":6.0,"key":"Frozen Egg 2"},{"floor":7.0,"key":"Mummified Hand"},{"floor":9.0,"key":"CeramicFish"},{"floor":10.0,"key":"MawBank"}],"event_choices":[{"damage_healed":0.0,"max_hp_gain":0.0,"max_hp_loss":0.0,"gold_gain":175.0,"event_name":"Liars Game","player_choice":"AGREE","floor":2.0,"gold_loss":0.0,"damage_taken":0.0,"cards_obtained":["Doubt"]},{"damage_healed":25.0,"max_hp_gain":0.0,"max_hp_loss":0.0,"gold_gain":0.0,"event_name":"Big Fish","player_choice":"Banana","floor":4.0,"gold_loss":0.0,"damage_taken":0.0}],"is_beta":false,"boss_relics":[],"items_purged_floors":[],"is_endless":false,"potions_floor_spawned":[1,7,12,13],"killed_by":"The Guardian","ascension_level":11}}