{"host":"rl5ku05escnl5kxo","time":1611008355,"event":{"mods":["Act Like it!","BaseMod","Minty Spire (QoL Compilation)","StSLib","The Bug Knight"],"gold_per_floor":[110,127,127,144,160,160,171,171,171,171,171,184,19,34,34,34,34],"floor_reached":16,"language":"ENG","playtime":1719,"items_purged":[],"score":94,"play_id":"39c510c4-5dba-4463-a9c8-1febc39bead4","local_time":"20210118141915","is_ascension_mode":false,"campfire_choices":[{"data":"Chill","floor":6,"key":"SMITH"},{"data":"Zap","floor":8,"key":"SMITH"},{"data":"Streamline","floor":10,"key":"SMITH"},{"data":"Sunder","floor":15,"key":"SMITH"}],"circlet_count":0,"master_deck":["Strike_B","Strike_B","Strike_B","Strike_B","Defend_B","Defend_B","Defend_B","Defend_B","Zap+1","Dualcast","Barrage","Undo","Streamline+1","Chill+1","Capacitor","Beam Cell","Blizzard","Dramatic Entrance","Sunder+1"],"relics":["Cracked Core","Eternal Feather"],"acts_visited":["Exordium"],"potions_floor_usage":[],"damage_taken":[{"damage":5,"enemies":"2 Louse","floor":1,"turns":3},{"damage":0,"enemies":"Jaw Worm","floor":2,"turns":4},{"damage":0,"enemies":"Small Slimes","floor":4,"turns":4},{"damage":12,"enemies":"Blue Slaver","floor":5,"turns":3},{"damage":0,"enemies":"3 Louse","floor":7,"turns":4},{"damage":0,"enemies":"Exordium Thugs","floor":12,"turns":5},{"damage":11,"enemies":"Red Slaver","floor":14,"turns":2},{"damage":80,"enemies":"Slime Boss","floor":16,"turns":10}],"seed_played":"1091056111103549794","potions_obtained":[{"floor":2,"key":"FocusPotion"},{"floor":12,"key":"FearPotion"},{"floor":14,"key":"BlessingOfTheForge"}],"is_trial":false,"path_per_floor":["M","M","?","M","M","R","M","R","T","R","?","M","$","M","R","B"],"character_chosen":"DEFECT","items_purchased":["Blizzard","Dramatic Entrance"],"campfire_rested":0,"item_purchase_floors":[13,13],"current_hp_per_floor":[77,77,82,82,70,70,70,70,70,79,79,79,79,68,77,0,0],"gold":34,"neow_bonus":"TEN_PERCENT_HP_BONUS","is_daily":false,"chose_seed":false,"campfire_upgraded":4,"win_rate":0.0,"timestamp":1611008355,"path_taken":["M","M","?","M","M","R","M","R","T","R","?","M","$","M","R","BOSS"],"items_purchased_type":["Card","Card"],"build_version":"2020-12-22","purchased_purges":0,"victory":false,"max_hp_per_floor":[82,82,87,87,87,87,87,87,87,87,87,87,87,87,87,87,87],"card_choices":[{"not_picked":["Rebound","Blizzard"],"picked":"Barrage","floor":1},{"not_picked":["Barrage","Go for the Eyes"],"picked":"Undo","floor":2},{"not_picked":["Chaos","Fusion"],"picked":"Streamline","floor":4},{"not_picked":["Cold Snap","Fusion"],"picked":"Chill","floor":5},{"not_picked":["Conserve Battery","Sweeping Beam"],"picked":"Capacitor","floor":7},{"not_picked":["Cold Snap","FTL"],"picked":"Beam Cell","floor":12},{"not_picked":["Rebound","Skim"],"picked":"Sunder","floor":14}],"player_experience":477132,"relics_obtained":[{"floor":9,"key":"Eternal Feather"}],"event_choices":[{"damage_healed":0,"gold_gain":0,"player_choice":"Donut","damage_taken":0,"max_hp_gain":5,"max_hp_loss":0,"event_name":"Big Fish","floor":3,"gold_loss":0},{"damage_healed":0,"gold_gain":0,"player_choice":"Ignored","damage_taken":0,"max_hp_gain":0,"max_hp_loss":0,"event_name":"Shining Light","floor":11,"gold_loss":0}],"is_beta":false,"boss_relics":[],"items_purged_floors":[],"is_endless":false,"potions_floor_spawned":[2,12,14],"killed_by":"Slime Boss","ascension_level":0}}