{"host":"yuhibl5o0ay6idau","time":1611009558,"event":{"mods":["Act Like it!","Aspiration","BaseMod","Better Altar","Better Match","Better Note","Better Sensory Stone","Better Skull","Better Third Choice","CCEM","Colored Map","Colored Powertips","Conspire","DeckTracker","GifTheSpireLib","Highlight Path","Hunter ??","Jedi Mod","Mad Scientist","Minty Spire (QoL Compilation)","Permanent Neow","Quick Restart","Random Character Button","Replay The Spire","Shade Mod","StSLib","Stuff the Spire","SuperFastMode","The Spell Scribe","The Witch","vexMod"],"gold_per_floor":[113,113,127,127,145,177,177,191,265,265,265,265,190,209,209,338,338,357,382,401,426,450,485,499,499,499],"floor_reached":25,"language":"ENG","playtime":2821,"items_purged":["Strike_Witch"],"score":302,"play_id":"69d1b12b-1c72-40fa-98dd-c2de9ceff9cc","local_time":"20210118143918","is_ascension_mode":false,"campfire_choices":[{"data":"WickedThoughts","floor":7,"key":"SMITH"},{"data":"RiteOfSummer","floor":10,"key":"SMITH"},{"data":"SkullFlask","floor":12,"key":"SMITH"}],"circlet_count":0,"master_deck":["Defend_Witch","Defend_Witch","Defend_Witch","Defend_Witch","Hexguard","ZombieSpit","DoomBlade","SkullFlask+1","RiteOfSummer+1","WickedThoughts+1","Injury","Atonement+1","WickedThoughts+1","StuffTheSpire:CuriosityCurse","BalefulWard+1","EternalThirst","RiteOfWinter+1","WickedThoughts+1","WickedThoughts+1","Shrooms+1"],"relics":["BlackCat","Toxic Egg 2","Oddly Smooth Stone","Quantum Egg","StuffTheSpire:PointBlank","Golden Idol","jedi:battlestandard","Happy Flower"],"acts_visited":["Exordium","TheCity"],"potions_floor_usage":[16,23,23,25],"damage_taken":[{"damage":0,"enemies":"2 Louse","floor":1,"turns":2},{"damage":0,"enemies":"Jaw Worm","floor":3,"turns":3},{"damage":0,"enemies":"Cultist","floor":5,"turns":2},{"damage":15,"enemies":"Lagavulin","floor":6,"turns":7},{"damage":0,"enemies":"Blue Slaver","floor":8,"turns":3},{"damage":5,"enemies":"Exordium Wildlife","floor":14,"turns":3},{"damage":0,"enemies":"Hexaghost","floor":16,"turns":9},{"damage":6,"enemies":"2 Thieves","floor":18,"turns":3},{"damage":8,"enemies":"3 Byrds","floor":19,"turns":6},{"damage":0,"enemies":"3 Cultists","floor":20,"turns":5},{"damage":0,"enemies":"Centurion and Healer","floor":21,"turns":5},{"damage":8,"enemies":"conspire:HollyBat","floor":22,"turns":6},{"damage":48,"enemies":"Book of Stabbing","floor":23,"turns":7},{"damage":0,"enemies":"Snake Plant","floor":24,"turns":2},{"damage":14,"enemies":"Slavers","floor":25,"turns":1}],"seed_played":"-2984701592987645104","potions_obtained":[{"floor":6,"key":"Explosive Potion"},{"floor":16,"key":"FearPotion"},{"floor":19,"key":"Energy Potion"},{"floor":23,"key":"Fire Potion"},{"floor":24,"key":"ColorlessPotion"}],"is_trial":false,"path_per_floor":["M","?","M","?","M","E","R","M","T","R","?","R","$","M","R_BF","B",null,"M","M","M","M","M","E","M","E"],"character_chosen":"WITCH","items_purchased":[],"campfire_rested":0,"item_purchase_floors":[],"current_hp_per_floor":[49,49,49,49,49,34,34,34,34,34,34,34,34,29,13,13,67,61,53,53,53,45,12,12,0,0],"gold":499,"neow_bonus":"TRANSFORM_TWO_CARDS","is_daily":false,"chose_seed":false,"campfire_upgraded":3,"win_rate":0.0,"timestamp":1611009558,"path_taken":["M","?","M","?","M","E","R","M","T","R","?","R","$","M","R_BF","BOSS","M","?","M","M","M","E","M","E"],"items_purchased_type":[],"build_version":"2020-12-22","purchased_purges":1,"victory":false,"max_hp_per_floor":[67,67,67,67,67,67,67,67,67,67,67,67,67,67,67,67,67,67,67,67,67,67,67,67,67,67],"card_choices":[{"not_picked":["LivingBomb","MortusClaw"],"picked":"RiteOfSummer","floor":1},{"not_picked":["MementoMori","Harmlessness"],"picked":"WickedThoughts","floor":3},{"not_picked":["Decrepify+1","RiteOfSummer"],"picked":"Atonement+1","floor":5},{"not_picked":["Malady","MortusClaw","SummonCatFamiliar"],"picked":"SKIP","floor":6},{"not_picked":["Foresight+1","BleedOut"],"picked":"WickedThoughts+1","floor":8},{"not_picked":["WretchedNails","BoneCarving"],"picked":"BalefulWard+1","floor":14},{"not_picked":["RustWall+1","Twitch+1"],"picked":"EternalThirst","floor":16},{"not_picked":["Atonement+1","Foresight+1"],"picked":"RiteOfWinter+1","floor":18},{"not_picked":["KarmaDrain+1","TwistedMind"],"picked":"WickedThoughts+1","floor":19},{"not_picked":["MercuryWand+1","WickedThoughts+1","MortusClaw"],"picked":"SKIP","floor":20},{"not_picked":["MercuryWand+1","MortusClaw"],"picked":"WickedThoughts+1","floor":20},{"not_picked":["SummonCatFamiliar","BoneCarving","RiteOfAutumn+1"],"picked":"SKIP","floor":21},{"not_picked":["SkullFlask","BleedOut","SummonBatFamiliar"],"picked":"SKIP","floor":22},{"not_picked":["WretchedNails","DireShriek"],"picked":"Shrooms+1","floor":23},{"not_picked":["MagicFang","RoilingBarrier+1","SkullFlask"],"picked":"SKIP","floor":24}],"player_experience":476132,"relics_obtained":[{"floor":6,"key":"Oddly Smooth Stone"},{"floor":9,"key":"Quantum Egg"},{"floor":23,"key":"Happy Flower"}],"event_choices":[{"cards_removed":["Strike_Witch"],"damage_healed":0,"gold_gain":0,"player_choice":"Forget","damage_taken":0,"max_hp_gain":0,"max_hp_loss":0,"event_name":"Living Wall","floor":2,"gold_loss":0},{"damage_healed":0,"gold_gain":0,"player_choice":"Take Damage","damage_taken":16,"relics_obtained":["Golden Idol"],"max_hp_gain":0,"max_hp_loss":0,"event_name":"Golden Idol","floor":15,"gold_loss":0}],"is_beta":false,"boss_relics":[{"not_picked":["aspiration:DefectSkillbook","ReplayTheSpireMod:DimensionalGlitch"],"picked":"jedi:battlestandard"}],"items_purged_floors":[13],"is_endless":false,"potions_floor_spawned":[6,16,19,23,24],"killed_by":"Slavers","ascension_level":0}}