{"host":"rzpi613efy9j52u4","time":1611006054,"event":{"mods":["Aspiration","BaseMod","Colored Powertips","Downfall","Marisa????????","Minty Spire (QoL Compilation)","Rare Cards Sparkle","StSLib"],"gold_per_floor":[99,114,144,159,0,17,90,90,90,109,109,119,154,165,175,270,270,270,286,13,13,0,27,27,27,37,37,37,56,75,86,96,192,192,192,204,114,114,125,125,125,25,36,51,61,111,11,22,33,33,33,33],"floor_reached":50,"language":"ENG","playtime":5671,"items_purged":["downfall:Malfunctioning"],"score":518,"play_id":"13c5dd85-b85d-4b04-87f9-4f9f92a20d2e","local_time":"20210118164054","is_ascension_mode":false,"campfire_choices":[{"data":"champ:Taunt","floor":1,"key":"SMITH"},{"data":"champ:ShieldWall","floor":8,"key":"SMITH"},{"data":"champ:HoldFirm","floor":11,"key":"SMITH"},{"data":"champ:GladiatorStyle","floor":18,"key":"SMITH"},{"data":"Infernal Blade","floor":25,"key":"SMITH"},{"data":"champ:HoldFirm","floor":28,"key":"SMITH"},{"floor":35,"key":"REST"},{"floor":42,"key":"RECALL"},{"floor":47,"key":"REST"}],"circlet_count":0,"master_deck":["champ:Strike+1","champ:Strike","champ:Strike","champ:Strike+1","champ:Defend","champ:Defend","champ:Defend","champ:Defend+1","champ:Execute","champ:Taunt+1","champ:AdrenalArmor","champ:Shatter","champ:ShieldWall+1","champ:HoldFirm+1","champ:Circumvent+1","champ:PreciseThrust","champ:GladiatorStyle+1","champ:GutPunch","champ:FlashCut","champ:BringItOn+1","champ:HoldFirm+1","champ:TornadoPunch+1","Rampage","Spot Weakness","Infernal Blade+1","Intimidate","champ:ArenaPreparation","champ:CalledShot+1","champ:UltimateStance","champ:Backstep+1","Barricade","True Grit+1","Body Slam+1","Inflame","expansioncontent:AwakenDeath","expansioncontent:Chronoboost","expansioncontent:PrepareCrush","Parasite","Pommel Strike+1","Entrench+1","Bandage Up+1","Flex+1","champ:StanceDance+1","champ:FanOfKnives+1","Heavy Blade"],"relics":["champ:ChampionCrown","aspiration:HiddenCompartment","White Beast Statue","Bottled Flame","aspiration:IroncladSkillbook","Pantograph","Ornamental Fan","Mercury Hourglass","Matryoshka","Fusion Hammer","Anchor","Toxic Egg 2","downfall:HeartBlessingGreen","Frozen Egg 2","Bird Faced Urn","downfall:HeartBlessingRed"],"acts_visited":["Exordium","TheCity","TheBeyond"],"potions_floor_usage":[16,16,16,22,22,26,31,31,33,37,39,39,43,46,46,50,50],"damage_taken":[{"damage":17,"enemies":"Small Slimes","floor":2,"turns":3},{"damage":20,"enemies":"2 Louse","floor":4,"turns":3},{"damage":20,"enemies":"downfall:FleeingMerchant","floor":5,"turns":4},{"damage":1,"enemies":"Jaw Worm","floor":6,"turns":4},{"damage":10,"enemies":"Exordium Thugs","floor":10,"turns":5},{"damage":21,"enemies":"Exordium Wildlife","floor":12,"turns":5},{"damage":41,"enemies":"3 Sentries","floor":13,"turns":12},{"damage":27,"enemies":"3 Louse","floor":14,"turns":3},{"damage":11,"enemies":"Lots of Slimes","floor":15,"turns":6},{"damage":32,"enemies":"DF_ARCHETYPE_STREAMLINE","floor":16,"turns":11},{"damage":23,"enemies":"3 Byrds","floor":19,"turns":5},{"damage":10,"enemies":"downfall:FleeingMerchant","floor":20,"turns":4},{"damage":5,"enemies":"downfall:FleeingMerchant","floor":22,"turns":4},{"damage":38,"enemies":"Slavers","floor":23,"turns":7},{"damage":13,"enemies":"Spheric Guardian","floor":26,"turns":4},{"damage":27,"enemies":"Centurion and Healer","floor":29,"turns":8},{"damage":11,"enemies":"Snake Plant","floor":30,"turns":4},{"damage":24,"enemies":"Snecko","floor":31,"turns":4},{"damage":15,"enemies":"Chosen and Byrds","floor":32,"turns":5},{"damage":21,"enemies":"WA_ARCHETYPE_CALM","floor":33,"turns":10},{"damage":31,"enemies":"3 Shapes","floor":36,"turns":4},{"damage":25,"enemies":"downfall:FleeingMerchant","floor":37,"turns":4},{"damage":21,"enemies":"Orb Walker","floor":39,"turns":5},{"damage":23,"enemies":"Writhing Mass","floor":43,"turns":7},{"damage":0,"enemies":"downfall:FleeingMerchant","floor":44,"turns":4},{"damage":35,"enemies":"3 Darklings","floor":45,"turns":4},{"damage":15,"enemies":"3 Darklings","floor":46,"turns":8},{"damage":31,"enemies":"Spire Growth","floor":48,"turns":5},{"damage":36,"enemies":"Maw","floor":49,"turns":8},{"damage":260,"enemies":"IC_BLOCK_ARCHETYPE","floor":50,"turns":6}],"seed_played":"-7275758099670936708","potions_obtained":[{"floor":2,"key":"champ:CounterPotion"},{"floor":10,"key":"Energy Potion"},{"floor":12,"key":"ColorlessPotion"},{"floor":13,"key":"SkillPotion"},{"floor":16,"key":"hexamod:SoulburnPotion"},{"floor":19,"key":"DuplicationPotion"},{"floor":20,"key":"Block Potion"},{"floor":22,"key":"DuplicationPotion"},{"floor":23,"key":"DuplicationPotion"},{"floor":26,"key":"Dexterity Potion"},{"floor":31,"key":"GamblersBrew"},{"floor":32,"key":"hexamod:SoulburnPotion"},{"floor":33,"key":"BlessingOfTheForge"},{"floor":36,"key":"hexamod:SoulburnPotion"},{"floor":37,"key":"FairyPotion"},{"floor":39,"key":"Block Potion"},{"floor":43,"key":"Block Potion"},{"floor":44,"key":"Swift Potion"},{"floor":46,"key":"SmokeBomb"},{"floor":48,"key":"bronze:BurnAndBuffPotion"},{"floor":49,"key":"Fire Potion"}],"is_trial":false,"path_per_floor":["R","M","?","M","$","M","T","R","?","M","R","M","E","M","M","B",null,"R","M","$","?","$","E","T","R","M","?","R","M","M","M","M","B",null,"R","M","$","?","M","?","T","R","M","$","M","?","R","M","M","B"],"character_chosen":"THE_CHAMP","items_purchased":["champ:HoldFirm","Pantograph","Frozen Egg 2","Bandage Up+1"],"campfire_rested":2,"item_purchase_floors":[5,20,44,44],"current_hp_per_floor":[99,97,97,97,97,96,96,96,96,96,96,85,64,47,46,34,99,99,90,94,94,98,64,64,64,60,60,60,52,55,45,49,72,99,99,77,81,73,66,56,56,56,47,51,36,71,99,95,97,0,0,0],"gold":33,"neow_bonus":"TEN_PERCENT_HP_BONUS","is_daily":false,"chose_seed":false,"campfire_upgraded":6,"win_rate":0.0,"timestamp":1611006054,"path_taken":["R","M","?","M","$","M","T","R","?","M","R","M","E","M","M","BOSS","R","M","$","?","?","E","T","R","M","?","R","M","?","M","M","BOSS","R","M","$","?","?","?","T","R","M","$","M","?","R","M","M","BOSS"],"items_purchased_type":["Card","Relic","Relic","Card"],"build_version":"2020-12-13","purchased_purges":1,"victory":false,"max_hp_per_floor":[99,99,99,99,99,99,99,99,99,99,99,99,99,99,99,99,99,99,99,99,99,99,99,99,99,99,99,99,99,99,99,99,99,99,99,99,99,99,99,99,99,99,99,99,99,99,99,99,99,99,99,99],"card_choices":[{"not_picked":["champ:ShieldWall","champ:EnGarde"],"picked":"champ:AdrenalArmor","floor":2},{"not_picked":["champ:BerserkersShout","champ:CrownThrow"],"picked":"champ:Shatter","floor":4},{"not_picked":["champ:PerfectedStrike","champ:Circumvent"],"picked":"champ:ShieldWall","floor":5},{"not_picked":["champ:CrownThrow","champ:HeartStrike"],"picked":"champ:Circumvent","floor":6},{"not_picked":["champ:Backstep","champ:PerfectedStrike"],"picked":"champ:PreciseThrust","floor":10},{"not_picked":["champ:EnGarde","champ:TripleStrike"],"picked":"champ:GladiatorStyle","floor":12},{"not_picked":["champ:PreciseThrust","champ:Devastate"],"picked":"champ:GutPunch","floor":13},{"not_picked":["champ:FocusedBerserking","champ:Shatter"],"picked":"champ:FlashCut","floor":14},{"not_picked":["champ:GutPunch","champ:Shatter"],"picked":"champ:BringItOn","floor":15},{"not_picked":["champ:HeavySlash","champ:UltimateStance"],"picked":"champ:HoldFirm","floor":16},{"not_picked":["Havoc+1","champ:BringItOn","champ:Shatter"],"picked":"champ:TornadoPunch+1","floor":19},{"not_picked":["champ:FlashCut+1","champ:EndlessRage","True Grit"],"picked":"Rampage","floor":20},{"not_picked":["Fire Breathing","champ:FlashCut+1","champ:PerfectedStrike"],"picked":"Spot Weakness","floor":22},{"not_picked":["champ:HoldFirm","Wild Strike","Disarm"],"picked":"Infernal Blade","floor":23},{"not_picked":["Armaments","champ:Shatter","Fire Breathing"],"picked":"Intimidate","floor":26},{"not_picked":["champ:BringItOn","Battle Trance","champ:Circumvent+1"],"picked":"champ:ArenaPreparation","floor":29},{"not_picked":["champ:SetATrap","Headbutt","champ:DefensiveShout"],"picked":"champ:CalledShot+1","floor":30},{"not_picked":["Havoc+1","Entrench","champ:Haymaker"],"picked":"champ:UltimateStance","floor":31},{"not_picked":["champ:PerfectedStrike+1","champ:Lariat+1","Evolve"],"picked":"champ:Backstep+1","floor":32},{"not_picked":["champ:HoldFirm","champ:Devastate","champ:VampiricStrike"],"picked":"Barricade","floor":33},{"not_picked":["champ:CrownThrow+1","champ:Circumvent+1","Wild Strike"],"picked":"True Grit+1","floor":36},{"not_picked":["champ:DefensiveShout","Combust","Armaments"],"picked":"Body Slam+1","floor":37},{"not_picked":["champ:BerserkersShout","champ:GladiatorStyle","Havoc"],"picked":"Inflame","floor":39},{"not_picked":["expansioncontent:Chronoboost","expansioncontent:HyperBeam","expansioncontent:YouAreMine"],"picked":"expansioncontent:AwakenDeath","floor":40},{"not_picked":["expansioncontent:YouAreMine","expansioncontent:Hexaburn","expansioncontent:HyperBeam"],"picked":"expansioncontent:Chronoboost","floor":40},{"not_picked":["expansioncontent:PolyBeam","expansioncontent:AwakenDeath","expansioncontent:YouAreMine"],"picked":"expansioncontent:PrepareCrush","floor":40},{"not_picked":["champ:GutPunch","Searing Blow","Headbutt+1"],"picked":"Pommel Strike+1","floor":43},{"not_picked":["champ:DeathBlow+1","Reckless Charge","champ:Duel+1"],"picked":"Entrench+1","floor":44},{"not_picked":["champ:Haymaker","champ:FanOfKnives","Bludgeon"],"picked":"Flex+1","floor":45},{"not_picked":["champ:BladeFlurry","Thunderclap","Armaments+1"],"picked":"champ:StanceDance+1","floor":46},{"not_picked":["Clash","champ:Circumvent+1","champ:TornadoPunch"],"picked":"champ:FanOfKnives+1","floor":48},{"not_picked":["champ:TornadoPunch","Perfected Strike+1","True Grit+1"],"picked":"Heavy Blade","floor":49}],"player_experience":24751,"relics_obtained":[{"floor":7,"key":"White Beast Statue"},{"floor":13,"key":"Bottled Flame"},{"floor":23,"key":"Ornamental Fan"},{"floor":24,"key":"Mercury Hourglass"},{"floor":41,"key":"Anchor"},{"floor":41,"key":"Toxic Egg 2"},{"floor":46,"key":"Bird Faced Urn"}],"event_choices":[],"is_beta":false,"boss_relics":[{"not_picked":["Tiny House","Calling Bell"],"picked":"aspiration:IroncladSkillbook"},{"not_picked":["Cursed Key","Runic Dome"],"picked":"Fusion Hammer"}],"items_purged_floors":[37],"is_endless":false,"potions_floor_spawned":[2,10,12,13,14,15,16,19,20,22,23,26,29,30,31,32,33,36,37,39,43,44,45,46,48,49],"killed_by":"IC_BLOCK_ARCHETYPE","ascension_level":0}}