{"host":"ga4s3hj9m6nkn6gp","time":1611005833,"event":{"mods":["AchievementEnabler","BaseMod","Bestiary","Colored Powertips","Highlight Path","Minty Spire (QoL Compilation)","Relic Stats","everything is the same but u backflip on backflip"],"gold_per_floor":[116,131,306,17,34,34,67,79,127,158,170,170,170,170],"floor_reached":13,"language":"ENG","playtime":435,"items_purged":["Doubt"],"score":186,"play_id":"59a6ea1b-6309-4d9f-a879-caf14fcf1a03","local_time":"20210118223713","is_ascension_mode":true,"campfire_choices":[{"data":"Conserve Battery","floor":6,"key":"SMITH"}],"circlet_count":0,"master_deck":["AscendersBane","Zap+1","Dualcast","Conserve Battery+1","Gash","Gash","The Bomb","Sweeping Beam+1"],"relics":["Pandora\u0027s Box","Strawberry","CeramicFish"],"acts_visited":["Exordium"],"potions_floor_usage":[],"damage_taken":[{"damage":16,"enemies":"Cultist","floor":1,"turns":4},{"damage":7,"enemies":"2 Louse","floor":2,"turns":2},{"damage":0,"enemies":"Small Slimes","floor":5,"turns":3},{"damage":0,"enemies":"Gremlin Nob","floor":7,"turns":3},{"damage":13,"enemies":"3 Louse","floor":8,"turns":3},{"damage":10,"enemies":"Lagavulin","floor":10,"turns":5},{"damage":8,"enemies":"Exordium Wildlife","floor":11,"turns":3},{"damage":10,"enemies":"3 Sentries","floor":13,"turns":2}],"seed_played":"-5605668970706080852","potions_obtained":[{"floor":5,"key":"SpeedPotion"},{"floor":7,"key":"SteroidPotion"}],"is_trial":false,"path_per_floor":["M","M","?","$","M","R","E","M","T","E","M","?","E"],"character_chosen":"DEFECT","items_purchased":["Gash","The Bomb"],"campfire_rested":0,"item_purchase_floors":[4,4],"current_hp_per_floor":[52,45,45,45,45,45,45,32,39,29,21,5,0,0],"gold":170,"neow_bonus":"BOSS_RELIC","is_daily":false,"chose_seed":false,"campfire_upgraded":1,"win_rate":0.0,"timestamp":1611005833,"path_taken":["M","M","?","$","M","R","E","M","T","E","M","?","E"],"items_purchased_type":["Card","Card"],"build_version":"2020-12-22","purchased_purges":1,"victory":false,"max_hp_per_floor":[75,75,75,75,75,75,75,75,82,82,82,82,82,82],"relic_stats":{"counters":[8,25],"CeramicFish":0,"Pandora\u0027s Box":["Streamline","Consume","Ball Lightning","Capacitor","Chaos","Ball Lightning","Reprogram","Leap"],"obtain_stats":[{"Strawberry":9,"CeramicFish":10,"Pandora\u0027s Box":0,"Cracked Core":0},{"Strawberry":5,"CeramicFish":6,"Pandora\u0027s Box":0,"Cracked Core":0},{"Strawberry":15,"CeramicFish":20,"Pandora\u0027s Box":0,"Cracked Core":0}]},"card_choices":[{"not_picked":["Barrage","Beam Cell"],"picked":"Conserve Battery","floor":1},{"not_picked":["Doom and Gloom","Rebound"],"picked":"Gash","floor":2},{"not_picked":["Tempest","Redo"],"picked":"Sweeping Beam","floor":5},{"not_picked":["Ball Lightning","Recycle","Lockon"],"picked":"SKIP","floor":7},{"not_picked":["Compile Driver","Heatsinks","Consume"],"picked":"SKIP","floor":8},{"not_picked":["Melter","Go for the Eyes","Biased Cognition"],"picked":"SKIP","floor":10},{"not_picked":["Go for the Eyes","Rebound","Sweeping Beam"],"picked":"SKIP","floor":11}],"player_experience":654357,"relics_obtained":[{"floor":9,"key":"Strawberry"},{"floor":10,"key":"CeramicFish"}],"event_choices":[{"damage_healed":0,"gold_gain":175,"player_choice":"AGREE","damage_taken":0,"max_hp_gain":0,"max_hp_loss":0,"event_name":"Liars Game","floor":3,"gold_loss":0,"cards_obtained":["Doubt"]},{"damage_healed":0,"gold_gain":0,"player_choice":"Entered Light","damage_taken":16,"max_hp_gain":0,"max_hp_loss":0,"event_name":"Shining Light","floor":12,"gold_loss":0,"cards_upgraded":["Sweeping Beam","Zap"]}],"is_beta":false,"boss_relics":[],"items_purged_floors":[4],"is_endless":false,"potions_floor_spawned":[5,7,8,11],"killed_by":"3 Sentries","ascension_level":11}}