{"host":"n264v15x7h51zqzc","time":1611003819,"event":{"mods":["AchievementEnabler","BaseMod","BetterRewards","Colored Powertips","Hermit","Hubris","Infinite Spire","Minty Spire (QoL Compilation)","Replay The Spire","StSLib","The Construct"],"gold_per_floor":[115,126,15,27,47,9999,9999,10027,10027,10054,10054,10094,9585,9615,9615,9717,9717,9734,8846,8861,8875,8875,8875,8875,8887,8887,8918,8929,8939,8968,8983,8983,9082,9082,9092,9142,9142,9142,9142],"floor_reached":38,"language":"ENG","playtime":1232,"items_purged":["Defend_R","Strike_R","Bash"],"score":466,"play_id":"cc64a11f-8be7-4136-bf8d-20307eb3a1f3","local_time":"20210118150339","is_ascension_mode":true,"campfire_choices":[{"data":"Seeing Red","floor":7,"key":"SMITH"},{"floor":11,"key":"REST"},{"floor":15,"key":"REST"},{"data":"hubris:Rewind","floor":23,"key":"SMITH"},{"data":"Berserk","floor":32,"key":"SMITH"}],"circlet_count":0,"master_deck":["hubris:Fate+1","Strike_R","Strike_R","Strike_R","Strike_R","Defend_R","Defend_R","Defend_R","Berserk+1","Seeing Red+1","Wild Strike","Anger","Juggernaut+1","Sword Boomerang","Armaments+1","infinitespire:Punishment","Twin Strike","Metallicize","Hemokinesis","Searing Blow+1","ReplayTheSpireMod:Stacked+1","infinitespire:NeuralNetwork","hubris:Rewind+1","infinitespire:FinalStrike","Shrug It Off","Limit Break","infinitespire:Oblivion"],"relics":["Burning Blood","Toy Ornithopter","Kunai","hubris:TenFootPole","Singing Bowl","construct:RocketBooster","Painkiller Herb","Orrery","Mummified Hand","Bottled Flame","Sundial","hubris:Spice","infinitespire:Beetle Shell","Another Sword","ReplayFunnel"],"acts_visited":["Exordium","TheCity","TheBeyond"],"potions_floor_usage":[5,5,6,8,16,20,20,27,29,31,38,38],"damage_taken":[{"damage":11,"enemies":"Jaw Worm","floor":1,"turns":3},{"damage":0,"enemies":"2 Louse","floor":2,"turns":3},{"damage":6,"enemies":"Cultist","floor":4,"turns":3},{"damage":0,"enemies":"Exordium Thugs","floor":5,"turns":1},{"damage":24,"enemies":"Gremlin Nob","floor":6,"turns":3},{"damage":53,"enemies":"Lagavulin","floor":8,"turns":6},{"damage":9,"enemies":"3 Sentries","floor":10,"turns":2},{"damage":26,"enemies":"Lagavulin","floor":14,"turns":4},{"damage":54,"enemies":"The Guardian","floor":16,"turns":8},{"damage":0,"enemies":"Chosen","floor":18,"turns":2},{"damage":12,"enemies":"Shell Parasite","floor":20,"turns":3},{"damage":29,"enemies":"Snake Plant","floor":21,"turns":2},{"damage":16,"enemies":"Shelled Parasite and Fungi","floor":25,"turns":2},{"damage":4,"enemies":"Book of Stabbing","floor":27,"turns":4},{"damage":17,"enemies":"3 Cultists","floor":28,"turns":3},{"damage":23,"enemies":"Snake Plant","floor":29,"turns":2},{"damage":16,"enemies":"Gremlin Leader","floor":30,"turns":3},{"damage":2,"enemies":"Centurion and Healer","floor":31,"turns":2},{"damage":15,"enemies":"Champ","floor":33,"turns":6},{"damage":0,"enemies":"3 Darklings","floor":35,"turns":3},{"damage":15,"enemies":"Mind Bloom Boss Battle","floor":36,"turns":4},{"damage":4,"enemies":"infinitespire:Three Voidlings","floor":38,"turns":3},{"damage":91,"enemies":"Nightmare_Alpha","floor":38,"turns":5}],"seed_played":"8880572446628619626","potions_obtained":[{"floor":4,"key":"Weak Potion"},{"floor":5,"key":"Swift Potion"},{"floor":14,"key":"Regen Potion"},{"floor":16,"key":"Milkshake"},{"floor":18,"key":"CultistPotion"},{"floor":27,"key":"SpeedPotion"},{"floor":28,"key":"AttackPotion"},{"floor":30,"key":"BloodPotion"}],"is_trial":false,"path_per_floor":["M","M","$","M","M","E","R","E","T","E","R","?","?","E","R","B",null,"?","T","?","?","AVR","T","?","?","T","E","?","?","E","?","T","B",null,"?","?","AVR","?"],"character_chosen":"IRONCLAD","items_purchased":["DuplicationPotion","Elixir","Orrery","Mummified Hand","Bottled Flame","Dexterity Potion","SpeedPotion","Searing Blow"],"campfire_rested":2,"item_purchase_floors":[3,3,19,19,19,19,19,19],"current_hp_per_floor":[75,80,80,80,80,62,62,20,20,17,41,43,43,23,47,21,84,84,92,86,65,65,65,73,63,63,80,71,59,51,81,81,72,92,94,85,85,0,0],"gold":9142,"neow_bonus":"ONE_RANDOM_RARE_CARD","is_daily":false,"chose_seed":false,"campfire_upgraded":3,"win_rate":0.0,"timestamp":1611003819,"path_taken":["M","M","$","M","M","E","R","E","T","E","R","?","?","E","R","BOSS","?","T","?","?","AVR","T","?","?","T","E","?","?","E","?","T","BOSS","?","?","AVR","?"],"items_purchased_type":["Potion","Potion","Relic","Relic","Relic","Potion","Potion","Card"],"build_version":"2020-12-22","purchased_purges":3,"victory":false,"max_hp_per_floor":[80,80,80,80,80,80,80,80,80,80,80,82,82,82,82,84,84,84,92,92,94,94,94,102,102,102,112,114,106,108,100,100,100,92,94,86,86,86,86],"card_choices":[{"not_picked":["Power Through","Reckless Charge"],"picked":"Seeing Red","floor":1},{"not_picked":["Flame Barrier","Evolve"],"picked":"Wild Strike","floor":2},{"not_picked":["Shockwave","Dropkick"],"picked":"Anger","floor":4},{"not_picked":["Intimidate","Life Link","ReplayTheSpireMod:LeadingStrike"],"picked":"SKIP","floor":5},{"not_picked":["Cleave","Spot Weakness"],"picked":"Juggernaut","floor":6},{"not_picked":["hubris:ReadiedAction","Thunderclap"],"picked":"Sword Boomerang","floor":8},{"not_picked":["Iron Wave","Demonic Infusion"],"picked":"Armaments","floor":10},{"not_picked":["Heavy Blade","Body Slam","True Grit"],"picked":"Singing Bowl","floor":12},{"not_picked":["ReplayTheSpireMod:Black Plague","infinitespire:Menacing"],"picked":"infinitespire:Punishment","floor":13},{"not_picked":["ReplayTheSpireMod:Strike From Hell","Clothesline"],"picked":"Twin Strike","floor":14},{"not_picked":["Bludgeon","Fiend Fire","hubris:StunningStrike"],"picked":"Singing Bowl","floor":16},{"not_picked":["Heavy Blade","Clash"],"picked":"Metallicize","floor":18},{"not_picked":["Hemogenesis","Replay:Undeath\u0027s Touch","ReplayTheSpireMod:Limb From Limb"],"picked":"Singing Bowl","floor":19},{"not_picked":["Twin Strike","Clothesline"],"picked":"Hemokinesis","floor":19},{"not_picked":["Heavy Blade","hubris:CleavingFinish+1","Wild Strike"],"picked":"Singing Bowl","floor":19},{"not_picked":["Combust","Perfected Strike","Entrench"],"picked":"Singing Bowl","floor":19},{"not_picked":["Clothesline+1","hubris:StunningStrike","Dual Wield"],"picked":"Singing Bowl","floor":19},{"not_picked":["Warcry","Twin Strike"],"picked":"ReplayTheSpireMod:Stacked+1","floor":20},{"not_picked":["Blood for Blood","Dual Wield","Thunderclap"],"picked":"Singing Bowl","floor":21},{"not_picked":["Heavy Blade","Headbutt"],"picked":"Shrug It Off","floor":25},{"not_picked":["Armaments","Headbutt","Demonic Infusion"],"picked":"Singing Bowl","floor":27},{"not_picked":["Heavy Blade","hubris:SpiceAddiction","Replay:Undeath\u0027s Touch"],"picked":"Singing Bowl","floor":28},{"not_picked":["Blood for Blood+1","Replay:Undeath\u0027s Touch"],"picked":"hubris:SpiceAddiction","floor":29},{"not_picked":["Defy Death+1","True Grit","Feel No Pain"],"picked":"Singing Bowl","floor":30},{"not_picked":["Flex","Twin Strike"],"picked":"hubris:SpiceAddiction","floor":31},{"not_picked":["hubris:StunningStrike","Demonic Infusion"],"picked":"Limit Break","floor":33},{"not_picked":["Cleave+1","Life Link","ReplayReversal"],"picked":"Singing Bowl","floor":35},{"not_picked":["Run Through","Havoc"],"picked":"hubris:SpiceAddiction","floor":36}],"player_experience":205842,"relics_obtained":[{"floor":6,"key":"Toy Ornithopter"},{"floor":8,"key":"Kunai"},{"floor":9,"key":"hubris:TenFootPole"},{"floor":10,"key":"Singing Bowl"},{"floor":12,"key":"construct:RocketBooster"},{"floor":27,"key":"hubris:Spice"},{"floor":30,"key":"infinitespire:Beetle Shell"},{"floor":36,"key":"Another Sword"}],"event_choices":[{"damage_healed":0,"gold_gain":0,"player_choice":"Fight","damage_taken":0,"max_hp_gain":0,"max_hp_loss":0,"event_name":"MindBloom","floor":36,"gold_loss":0}],"is_beta":false,"boss_relics":[{"not_picked":["Kintsugi","Runic Pyramid"],"picked":"Painkiller Herb"},{"not_picked":["hubris:Spice","Pandora\u0027s Box"],"picked":"hubris:Spice"}],"items_purged_floors":[19,22,37],"is_endless":false,"potions_floor_spawned":[4,5,14,16,18,27,28,30,38],"killed_by":"Nightmare_Alpha","ascension_level":1}}