{"host":"s0ikvqhe10eopvjn","time":1611004184,"event":{"mods":["Act Like it!","Bard","BaseMod","Better Third Choice","Block Reminder","Colored Map","Colored Powertips","DeckTracker","Downfall","GifTheSpireLib","Halation","Hallownest","Hermit","Highlight Path","Hubris","Infinite Spire","Mad Scientist","Minty Spire (QoL Compilation)","Permanent Neow","Random Character Button","StSLib","The Blue Laboratory","The Bug Knight","The Construct","The Cursed","The Disciple","The Marked","The Necromancer","The Poker Player","The Runesmith","The Servant 0.9.4"],"gold_per_floor":[117,128,144,144,164,189,201,201,201],"floor_reached":8,"language":"ENG","playtime":415,"items_purged":[],"score":60,"play_id":"966bc36a-7167-41b7-a475-88360e539609","local_time":"20210118210944","is_ascension_mode":false,"campfire_choices":[],"circlet_count":0,"master_deck":["Strike_B","Strike_B","Strike_B","Strike_B","Defend_B","Defend_B","Defend_B","Defend_B","Zap","Dualcast","Rebound","Sunder","Ball Lightning","Double Energy","Genetic Algorithm","Beam Cell"],"relics":["Cracked Core","NeowsBlessing","MealTicket","infinitespire:PuzzleCube"],"acts_visited":["Exordium"],"potions_floor_usage":[6,8],"damage_taken":[{"damage":0,"enemies":"infinitespire:Voidling","floor":1,"turns":1},{"damage":0,"enemies":"2 Louse","floor":2,"turns":1},{"damage":0,"enemies":"Jaw Worm","floor":3,"turns":1},{"damage":4,"enemies":"2 Fungi Beasts","floor":5,"turns":3},{"damage":16,"enemies":"3 Sentries","floor":6,"turns":6},{"damage":32,"enemies":"Gremlin Gang","floor":7,"turns":4},{"damage":31,"enemies":"Lagavulin","floor":8,"turns":5}],"seed_played":"-6851062552706730838","potions_obtained":[{"floor":1,"key":"blueLaboratory:TrueEctoplasm"},{"floor":3,"key":"ColorlessPotion"},{"floor":7,"key":"blueLaboratory:PhilterOfMotion"}],"is_trial":false,"path_per_floor":["M","M","M","?","M","E","M","E"],"character_chosen":"DEFECT","items_purchased":[],"campfire_rested":0,"item_purchase_floors":[],"current_hp_per_floor":[75,75,75,75,71,55,23,0,0],"gold":201,"neow_bonus":"THREE_ENEMY_KILL","is_daily":false,"chose_seed":false,"campfire_upgraded":0,"win_rate":0.0,"timestamp":1611004184,"path_taken":["M","M","?","?","M","E","M","E"],"items_purchased_type":[],"build_version":"2020-12-22","purchased_purges":0,"victory":false,"max_hp_per_floor":[75,75,75,75,75,75,75,75,75],"card_choices":[{"not_picked":["Chaos","Chill"],"picked":"Rebound","floor":1},{"not_picked":["Redo","Gash"],"picked":"Sunder","floor":2},{"not_picked":["Streamline","Steam"],"picked":"Ball Lightning","floor":3},{"not_picked":["Coolheaded","Turbo"],"picked":"Double Energy","floor":5},{"not_picked":["Multi-Cast","Auto Shields"],"picked":"Genetic Algorithm","floor":6},{"not_picked":["Stack","Go for the Eyes"],"picked":"Beam Cell","floor":7}],"player_experience":283776,"relics_obtained":[{"floor":4,"key":"MealTicket"},{"floor":6,"key":"infinitespire:PuzzleCube"}],"event_choices":[],"is_beta":false,"boss_relics":[],"items_purged_floors":[],"is_endless":false,"potions_floor_spawned":[1,3,7],"killed_by":"Lagavulin","ascension_level":0}}