{"host":"f8toxsj3bk02pkeu","time":1611013231,"event":{"mods":["BaseMod","Minty Spire (QoL Compilation)","Permanent Neow","Quick Restart","StSLib","SuperFastMode"],"gold_per_floor":[111,111,125,125,125,156,156,213,213,225,225,238,315,349,349,425,425,444,456,456,456,456,456,486,436,436,471,236,250,269,289,289,366,366,384,1383,583,596,612,612,101,101,151,201,220,236,236,236,236,236,236],"floor_reached":50,"language":"ENG","playtime":1765,"items_purged":["Strike_R","Normality"],"score":1126,"play_id":"32ba1caa-666b-435c-bfcf-d895297ab3a5","local_time":"20210118164031","is_ascension_mode":true,"campfire_choices":[{"data":"Armaments","floor":7.0,"key":"SMITH"},{"data":"Pommel Strike","floor":11,"key":"SMITH"},{"data":"Berserk","floor":15,"key":"SMITH"},{"floor":23,"key":"REST"},{"data":"Spot Weakness","floor":32,"key":"SMITH"},{"floor":40,"key":"RECALL"},{"floor":42,"key":"REST"},{"floor":49,"key":"REST"}],"circlet_count":0,"master_deck":["AscendersBane","Strike_R","Strike_R","Strike_R","Defend_R+1","Defend_R+1","Defend_R","Bash","Armaments+1","Seeing Red","Cleave","Pommel Strike+1","Body Slam","Berserk+1","Pommel Strike","Spot Weakness+1","Juggernaut"],"relics":["Burning Blood","NeowsBlessing","Omamori","War Paint","TungstenRod","Mummified Hand","CaptainsWheel","SlaversCollar","Nilry\u0027s Codex","Art of War","Happy Flower","Singing Bowl","Pear","Lee\u0027s Waffle","Fusion Hammer","Paper Frog","Sundial","Toolbox","Sling","Dead Branch"],"acts_visited":["Exordium","TheCity","TheBeyond"],"potions_floor_usage":[8,8,12,24,29,38,46],"damage_taken":[{"damage":0.0,"enemies":"Small Slimes","floor":1.0,"turns":1.0},{"damage":0.0,"enemies":"Cultist","floor":3.0,"turns":1.0},{"damage":0.0,"enemies":"Gremlin Nob","floor":6.0,"turns":1.0},{"damage":34,"enemies":"3 Sentries","floor":8,"turns":12},{"damage":0,"enemies":"2 Louse","floor":10,"turns":2},{"damage":0,"enemies":"Looter","floor":12,"turns":2},{"damage":16,"enemies":"3 Sentries","floor":14,"turns":8},{"damage":15,"enemies":"The Guardian","floor":16,"turns":14},{"damage":30,"enemies":"Spheric Guardian","floor":18,"turns":6},{"damage":12,"enemies":"Chosen","floor":19,"turns":4},{"damage":24,"enemies":"Book of Stabbing","floor":24,"turns":3},{"damage":37,"enemies":"Gremlin Leader","floor":27,"turns":7},{"damage":9,"enemies":"3 Cultists","floor":29,"turns":4},{"damage":30,"enemies":"Snake Plant","floor":30,"turns":3},{"damage":22,"enemies":"Shelled Parasite and Fungi","floor":31,"turns":4},{"damage":42,"enemies":"Collector","floor":33,"turns":8},{"damage":14,"enemies":"Orb Walker","floor":35,"turns":4},{"damage":32,"enemies":"3 Darklings","floor":38,"turns":5},{"damage":17,"enemies":"4 Shapes","floor":39,"turns":5},{"damage":76,"enemies":"Maw","floor":45,"turns":8},{"damage":6,"enemies":"Writhing Mass","floor":46,"turns":5},{"damage":62,"enemies":"Time Eater","floor":50,"turns":4}],"seed_played":"8349053502623962356","potions_obtained":[{"floor":1.0,"key":"DistilledChaos"},{"floor":6.0,"key":"DistilledChaos"},{"floor":12,"key":"Fruit Juice"},{"floor":14,"key":"GamblersBrew"},{"floor":19,"key":"FearPotion"},{"floor":24,"key":"BloodPotion"},{"floor":27,"key":"LiquidBronze"},{"floor":29,"key":"SpeedPotion"},{"floor":35,"key":"PowerPotion"}],"is_trial":false,"path_per_floor":["M","?","M","$","?","E","R","?","T","M","R","M","T","E","R","B",null,"M","M","?","?","?","R","E","?","T","E","$","M","M","M","R","B",null,"M","?","$","M","M","R","$","R","T","?","M","M","?","?","R","B"],"character_chosen":"IRONCLAD","items_purchased":["Lee\u0027s Waffle","Paper Frog","Sundial","Toolbox","Sling","Dead Branch"],"campfire_rested":3,"item_purchase_floors":[28,37,37,37,41,41],"current_hp_per_floor":[74,74,75,75,68,74,74,46,46,52,52,63,63,53,53,44,71,47,41,41,24,24,48,46,46,46,27,99,98,76,62,62,26,85,79,79,79,55,46,46,46,79,79,79,11,13,13,13,47,0,0],"gold":236,"neow_bonus":"THREE_ENEMY_KILL","is_daily":false,"chose_seed":false,"campfire_upgraded":4,"win_rate":0.0,"timestamp":1611013231,"path_taken":["M","?","?","$","?","E","R","?","T","M","R","?","?","E","R","BOSS","M","M","?","?","?","R","E","?","T","E","$","M","M","?","R","BOSS","M","?","$","M","M","R","$","R","T","?","?","M","?","?","R","BOSS"],"items_purchased_type":["Relic","Relic","Relic","Relic","Relic","Relic"],"build_version":"2020-12-22","purchased_purges":2,"victory":false,"max_hp_per_floor":[75,75,75,75,75,75,75,75,75,75,75,80,80,80,80,80,80,80,80,80,80,80,80,80,80,80,92,99,101,103,105,105,105,105,107,107,107,109,111,111,111,111,111,111,113,115,115,115,115,115,115],"card_choices":[{"not_picked":["Thunderclap","Warcry"],"picked":"Armaments","floor":1.0},{"not_picked":["Iron Wave","Sentinel"],"picked":"Seeing Red","floor":3.0},{"not_picked":["Clothesline","Havoc","Perfected Strike"],"picked":"SKIP","floor":6.0},{"not_picked":["Heavy Blade","Flex"],"picked":"Cleave","floor":8},{"not_picked":["Shrug It Off","Cleave"],"picked":"Pommel Strike","floor":10},{"not_picked":["Flex","Armaments"],"picked":"Body Slam","floor":12},{"not_picked":["Seeing Red","Intimidate"],"picked":"Berserk","floor":14},{"not_picked":["Flex+1","Twin Strike"],"picked":"Pommel Strike","floor":18},{"not_picked":["Power Through","Iron Wave","Armaments"],"picked":"SKIP","floor":19},{"not_picked":["Seeing Red","Bloodletting+1"],"picked":"Spot Weakness","floor":24},{"not_picked":["Bloodletting","True Grit","Body Slam+1"],"picked":"Singing Bowl","floor":27},{"not_picked":["Iron Wave","Uppercut","Searing Blow"],"picked":"Singing Bowl","floor":29},{"not_picked":["Flame Barrier","Twin Strike","Heavy Blade"],"picked":"Singing Bowl","floor":30},{"not_picked":["Headbutt+1","Fiend Fire","Cleave"],"picked":"Singing Bowl","floor":31},{"not_picked":["Limit Break","Double Tap"],"picked":"Juggernaut","floor":33},{"not_picked":["Shockwave","Wild Strike","Sword Boomerang"],"picked":"Singing Bowl","floor":35},{"not_picked":["Clash","Sentinel+1","Inflame"],"picked":"Singing Bowl","floor":38},{"not_picked":["Combust","Havoc","Spot Weakness"],"picked":"Singing Bowl","floor":39},{"not_picked":["Flex+1","Wild Strike","Anger"],"picked":"Singing Bowl","floor":45},{"not_picked":["Shockwave","Cleave","Armaments"],"picked":"Singing Bowl","floor":46}],"player_experience":967495,"relics_obtained":[{"floor":6.0,"key":"Omamori"},{"floor":9,"key":"TungstenRod"},{"floor":13,"key":"Mummified Hand"},{"floor":14,"key":"CaptainsWheel"},{"floor":21,"key":"Nilry\u0027s Codex"},{"floor":24,"key":"Happy Flower"},{"floor":26,"key":"Singing Bowl"},{"floor":27,"key":"Pear"}],"event_choices":[{"cards_removed":["Defend_R"],"damage_healed":0.0,"max_hp_gain":0.0,"max_hp_loss":0.0,"gold_gain":0.0,"event_name":"Purifier","player_choice":"Purged","floor":2.0,"gold_loss":0.0,"damage_taken":0.0},{"cards_removed":["Strike_R"],"damage_healed":0.0,"max_hp_gain":0.0,"max_hp_loss":0.0,"gold_gain":0.0,"event_name":"Golden Wing","player_choice":"Card Removal","floor":5.0,"gold_loss":0.0,"damage_taken":7.0},{"damage_healed":0,"gold_gain":30,"player_choice":"Searched \u00273\u0027 times","damage_taken":0,"relics_obtained":["War Paint"],"max_hp_gain":0,"max_hp_loss":0,"event_name":"Dead Adventurer","floor":8,"gold_loss":0},{"damage_healed":0,"gold_gain":0,"player_choice":"Ignored","damage_taken":0,"max_hp_gain":0,"max_hp_loss":0,"event_name":"Vampires","floor":20,"gold_loss":0},{"damage_healed":0,"gold_gain":0,"player_choice":"Obtained Book","damage_taken":21,"max_hp_gain":0,"max_hp_loss":0,"event_name":"Cursed Tome","floor":21,"gold_loss":0},{"damage_healed":0,"gold_gain":0,"player_choice":"Opened","damage_taken":0,"relics_obtained":["Art of War"],"max_hp_gain":0,"max_hp_loss":0,"event_name":"The Mausoleum","floor":22,"gold_loss":0,"cards_obtained":["Writhe"]},{"damage_healed":0,"gold_gain":0,"player_choice":"Bet on Owner","damage_taken":0,"max_hp_gain":0,"max_hp_loss":0,"event_name":"The Joust","floor":25,"gold_loss":50},{"damage_healed":0,"gold_gain":999,"player_choice":"Gold","damage_taken":0,"max_hp_gain":0,"max_hp_loss":0,"event_name":"MindBloom","floor":36,"gold_loss":0,"cards_obtained":["Normality","Normality"]},{"damage_healed":0,"gold_gain":50,"player_choice":"Pray","damage_taken":0,"max_hp_gain":0,"max_hp_loss":0,"event_name":"Golden Shrine","floor":44,"gold_loss":0},{"damage_healed":0,"gold_gain":0,"player_choice":"Ignored","damage_taken":0,"max_hp_gain":0,"max_hp_loss":0,"event_name":"Mysterious Sphere","floor":47,"gold_loss":0},{"damage_healed":0,"gold_gain":0,"player_choice":"Ignored","damage_taken":0,"max_hp_gain":0,"max_hp_loss":0,"event_name":"Transmorgrifier","floor":48,"gold_loss":0}],"is_beta":false,"boss_relics":[{"not_picked":["Philosopher\u0027s Stone","Velvet Choker"],"picked":"SlaversCollar"},{"not_picked":["Runic Dome","Snecko Eye"],"picked":"Fusion Hammer"}],"items_purged_floors":[28,37],"is_endless":false,"potions_floor_spawned":[1,6,12,14,19,24,27,29,33,35],"killed_by":"Time Eater","ascension_level":20}}