{"host":"s8ccp9jw4vzp58l1","time":1611006177,"event":{"mods":["BaseMod","Colored Map","Colored Powertips","Minty Spire (QoL Compilation)","Relic Stats"],"gold_per_floor":[119,134,148,148,148,174,184,194,194,206,49,49,75,0,0,102,102,118,43,53,53,53,53,67,67,67,67,87,119,119,148,148,244,244,264,264,77,0,19,50,50,69,92,107,107,107,13,13,13,13,13],"floor_reached":50,"language":"ENG","playtime":8363,"items_purged":["Strike_G"],"score":568,"play_id":"8ac270c6-d2b5-4731-8a21-d37dbc13eec7","local_time":"20210118154257","is_ascension_mode":false,"campfire_choices":[{"data":"Dash","floor":12,"key":"SMITH"},{"data":"Bouncing Flask","floor":15,"key":"SMITH"},{"data":"Envenom","floor":23,"key":"SMITH"},{"floor":25,"key":"REST"},{"floor":27,"key":"REST"},{"floor":30,"key":"REST"},{"floor":32,"key":"REST"},{"floor":41,"key":"REST"},{"floor":46,"key":"RECALL"},{"data":"Noxious Fumes","floor":49,"key":"SMITH"}],"circlet_count":0,"master_deck":["Defend_G","Defend_G","Defend_G","Defend_G","Survivor","Neutralize","Bane","Sucker Punch","Terror","Dash+1","Flying Knee","Bouncing Flask+1","Envenom+1","Caltrops+1","Leg Sweep+1","Unload+1","Deadly Poison+1","Noxious Fumes+1","Poisoned Stab","Footwork+1","Panacea+1","Trip+1","Catalyst+1","Deadly Poison+1","Dodge and Roll+1","Blade Dance+1","Madness+1","Madness+1","Bouncing Flask+1","Slice"],"relics":["Ring of the Snake","PreservedInsect","Meat on the Bone","Singing Bowl","Pear","Frozen Eye","Du-Vu Doll","Astrolabe","Pen Nib","White Beast Statue","Toxic Egg 2","Sozu","MealTicket","Red Mask","Ornamental Fan","Bottled Tornado"],"acts_visited":["Exordium","TheCity","TheBeyond"],"potions_floor_usage":[16,24,29,29,29,35,40],"damage_taken":[{"damage":2,"enemies":"Jaw Worm","floor":1,"turns":5},{"damage":0,"enemies":"Small Slimes","floor":2,"turns":5},{"damage":0,"enemies":"2 Louse","floor":3,"turns":4},{"damage":21,"enemies":"Lagavulin","floor":6,"turns":7},{"damage":1,"enemies":"Exordium Wildlife","floor":7,"turns":5},{"damage":0,"enemies":"Large Slime","floor":8,"turns":5},{"damage":0,"enemies":"Looter","floor":10,"turns":3},{"damage":0,"enemies":"Gremlin Nob","floor":13,"turns":3},{"damage":27,"enemies":"Hexaghost","floor":16,"turns":8},{"damage":17,"enemies":"Spheric Guardian","floor":18,"turns":6},{"damage":2,"enemies":"Shell Parasite","floor":20,"turns":6},{"damage":37,"enemies":"3 Cultists","floor":24,"turns":6},{"damage":37,"enemies":"Sentry and Sphere","floor":28,"turns":6},{"damage":3,"enemies":"Slavers","floor":29,"turns":3},{"damage":30,"enemies":"Gremlin Leader","floor":31,"turns":5},{"damage":69,"enemies":"Collector","floor":33,"turns":11},{"damage":0,"enemies":"3 Shapes","floor":35,"turns":6},{"damage":2,"enemies":"Orb Walker","floor":39,"turns":3},{"damage":23,"enemies":"Reptomancer","floor":40,"turns":6},{"damage":0,"enemies":"Sphere and 2 Shapes","floor":42,"turns":4},{"damage":9,"enemies":"Maw","floor":44,"turns":5},{"damage":94,"enemies":"Awakened One","floor":50,"turns":5}],"seed_played":"-7026010396471152410","potions_obtained":[{"floor":2,"key":"FearPotion"},{"floor":8,"key":"Explosive Potion"},{"floor":13,"key":"Energy Potion"},{"floor":24,"key":"CunningPotion"},{"floor":28,"key":"Explosive Potion"},{"floor":31,"key":"GamblersBrew"},{"floor":33,"key":"AttackPotion"}],"is_trial":false,"path_per_floor":["M","M","M","?","?","E","M","M","T","M","$","R","E","$","R","B",null,"M","?","M","?","$","R","M","R","T","R","M","E","R","E","R","B",null,"M","?","$","?","M","E","R","M","T","M","?","R","$","T","R","B"],"character_chosen":"THE_SILENT","items_purchased":["Frozen Eye","Catalyst+1","MealTicket","Bouncing Flask+1","Slice"],"campfire_rested":5,"item_purchase_floors":[11,37,37,47,47],"current_hp_per_floor":[68,68,68,68,56,47,46,46,56,58,58,58,60,60,60,45,84,67,67,65,65,65,65,40,65,65,84,49,48,74,56,82,27,90,92,87,87,87,85,64,92,92,92,83,71,71,86,86,86,0,0],"gold":13,"neow_bonus":"RANDOM_COMMON_RELIC","is_daily":false,"chose_seed":false,"campfire_upgraded":4,"win_rate":0.0,"timestamp":1611006177,"path_taken":["M","M","M","?","?","E","M","M","T","M","$","R","E","$","R","BOSS","M","?","M","?","?","R","M","R","T","R","M","E","R","E","R","BOSS","M","?","$","?","M","E","R","M","T","M","?","R","?","?","R","BOSS"],"items_purchased_type":["Relic","Card","Relic","Card","Card"],"build_version":"2020-12-22","purchased_purges":1,"victory":false,"max_hp_per_floor":[70,70,70,70,70,70,70,70,80,82,82,82,84,84,84,84,84,84,84,84,84,84,84,84,84,84,84,86,88,88,88,88,90,90,92,92,92,92,92,94,94,94,94,94,94,94,94,94,94,94,94],"relic_stats":{"Sozu":5,"Singing Bowl":14,"counters":[22,117],"Ornamental Fan":[8],"Astrolabe":["Caltrops","Leg Sweep","Unload"],"MealTicket":15,"PreservedInsect":194,"Pen Nib":[7],"obtain_stats":[{"Pear":9,"Singing Bowl":6,"Astrolabe":17,"PreservedInsect":0,"Pen Nib":26,"Bottled Tornado":48,"White Beast Statue":29,"Du-Vu Doll":13,"Sozu":34,"Frozen Eye":11,"Ornamental Fan":40,"MealTicket":37,"Red Mask":38,"Toxic Egg 2":31,"Ring of the Snake":0,"Meat on the Bone":5},{"Pear":6,"Singing Bowl":4,"Astrolabe":9,"PreservedInsect":0,"Pen Nib":12,"Bottled Tornado":21,"White Beast Statue":14,"Du-Vu Doll":8,"Sozu":16,"Frozen Eye":7,"Ornamental Fan":19,"MealTicket":17,"Red Mask":17,"Toxic Egg 2":15,"Ring of the Snake":0,"Meat on the Bone":3},{"Pear":31,"Singing Bowl":21,"Astrolabe":45,"PreservedInsect":0,"Pen Nib":63,"Bottled Tornado":112,"White Beast Statue":72,"Du-Vu Doll":37,"Sozu":88,"Frozen Eye":34,"Ornamental Fan":103,"MealTicket":94,"Red Mask":94,"Toxic Egg 2":77,"Ring of the Snake":0,"Meat on the Bone":14}],"Ring of the Snake":[44],"Meat on the Bone":60},"card_choices":[{"not_picked":["All Out Attack","Flechettes"],"picked":"Bane","floor":1},{"not_picked":["Acrobatics","Calculated Gamble"],"picked":"Sucker Punch","floor":2},{"not_picked":["Acrobatics","Distraction"],"picked":"Terror","floor":3},{"not_picked":["Underhanded Strike","Tools of the Trade"],"picked":"Dash","floor":6},{"not_picked":["Catalyst","Well Laid Plans"],"picked":"Flying Knee","floor":7},{"not_picked":["Dodge and Roll","Blade Dance"],"picked":"Bouncing Flask","floor":8},{"not_picked":["Endless Agony","Expertise","Calculated Gamble"],"picked":"Singing Bowl","floor":10},{"not_picked":["Backflip","Tactician","Flying Knee"],"picked":"Singing Bowl","floor":13},{"not_picked":["Tools of the Trade","Corpse Explosion"],"picked":"Envenom","floor":16},{"not_picked":["Escape Plan+1","Expertise"],"picked":"Deadly Poison+1","floor":18},{"not_picked":["Deadly Poison","Dagger Spray"],"picked":"Noxious Fumes","floor":20},{"not_picked":["Backflip","Prepared"],"picked":"Poisoned Stab","floor":24},{"not_picked":["Calculated Gamble","Blade Dance","Masterful Stab"],"picked":"Singing Bowl","floor":28},{"not_picked":["Flechettes","Choke","Sucker Punch"],"picked":"Singing Bowl","floor":29},{"not_picked":["Choke","Wraith Form v2"],"picked":"Footwork+1","floor":31},{"not_picked":["Die Die Die","Tools of the Trade","Night Terror+1"],"picked":"Singing Bowl","floor":33},{"not_picked":["Flechettes","Slice","Underhanded Strike"],"picked":"Singing Bowl","floor":35},{"not_picked":["Good Instincts+1","Deep Breath+1"],"picked":"Panacea+1","floor":36},{"not_picked":["Discovery+1","Chrysalis+1"],"picked":"Trip+1","floor":36},{"not_picked":["Dagger Throw","Backflip+1"],"picked":"Deadly Poison+1","floor":39},{"not_picked":["Expertise+1","Underhanded Strike","Deadly Poison+1"],"picked":"Singing Bowl","floor":40},{"not_picked":["Flying Knee","Quick Slash"],"picked":"Dodge and Roll+1","floor":42},{"not_picked":["Distraction+1","Dagger Throw+1"],"picked":"Blade Dance+1","floor":44}],"player_experience":144397,"relics_obtained":[{"floor":6,"key":"Singing Bowl"},{"floor":9,"key":"Pear"},{"floor":13,"key":"Du-Vu Doll"},{"floor":26,"key":"Pen Nib"},{"floor":29,"key":"White Beast Statue"},{"floor":31,"key":"Toxic Egg 2"},{"floor":40,"key":"Ornamental Fan"},{"floor":48,"key":"Bottled Tornado"}],"event_choices":[{"cards_removed":["Strike_G"],"damage_healed":0,"gold_gain":0,"player_choice":"Forget","damage_taken":0,"max_hp_gain":0,"max_hp_loss":0,"event_name":"Living Wall","floor":4,"gold_loss":0},{"damage_healed":0,"gold_gain":0,"player_choice":"Success","damage_taken":12,"relics_obtained":["Meat on the Bone"],"max_hp_gain":0,"max_hp_loss":0,"event_name":"Scrap Ooze","floor":5,"gold_loss":0},{"cards_removed":["Defend_G"],"damage_healed":0,"gold_gain":0,"player_choice":"Gave Gold","damage_taken":0,"max_hp_gain":0,"max_hp_loss":0,"event_name":"Beggar","floor":19,"gold_loss":75},{"damage_healed":0,"gold_gain":0,"player_choice":"Memory 2","damage_taken":5,"max_hp_gain":0,"max_hp_loss":0,"event_name":"SensoryStone","floor":36,"gold_loss":0},{"damage_healed":0,"gold_gain":0,"player_choice":"Paid","damage_taken":0,"relics_obtained":["Red Mask"],"max_hp_gain":0,"max_hp_loss":0,"event_name":"Tomb of Lord Red Mask","floor":38,"gold_loss":77},{"damage_healed":0,"gold_gain":0,"player_choice":"Embrace Madness","damage_taken":12,"max_hp_gain":0,"max_hp_loss":0,"event_name":"Winding Halls","floor":45,"gold_loss":0,"cards_obtained":["Madness","Madness"]}],"is_beta":false,"boss_relics":[{"not_picked":["WristBlade","Coffee Dripper"],"picked":"Astrolabe"},{"not_picked":["SlaversCollar","Runic Dome"],"picked":"Sozu"}],"items_purged_floors":[14],"is_endless":false,"potions_floor_spawned":[2,8,13,24,28,31,33,35,39,40,42,44],"killed_by":"Awakened One","ascension_level":0}}