{"host":"k8gerrcpv9xe1nxe","time":1611005974,"event":{"mods":["2.2 Compatiblity","AchievementEnabler","BaseMod","Bestiary","Downfall","Minty Spire (QoL Compilation)","Relic Stats","StSLib"],"gold_per_floor":[99,118,136,136,136,136,161,180,198,298,312,312,326,357,368,467,467,467,486,497,482,499,517,517,544,562,575,595,242,242,276,289,386,386,386,399,409,27,80,93,93,93,141,141,156,167,167,167,196,196],"floor_reached":51,"language":"ENG","playtime":3324,"items_purged":["Guardian:Strike_Guardian","Guardian:Strike_Guardian"],"score":672,"play_id":"b445506b-5515-4404-82f8-c204f51862e6","local_time":"20210118163934","is_ascension_mode":false,"campfire_choices":[{"data":"Guardian:TwinSlam","floor":1,"key":"SMITH"},{"data":"Guardian:PiercingHide","floor":6,"key":"SMITH"},{"data":"Guardian:FloatingOrbs","floor":12,"key":"SMITH"},{"data":"Guardian:ExploitGems","floor":18,"key":"SMITH"},{"data":"1","floor":30,"key":"LIFT"},{"data":"2","floor":35,"key":"LIFT"},{"floor":44,"key":"REST"},{"data":"3","floor":47,"key":"LIFT"}],"circlet_count":0,"master_deck":["Guardian:Strike_Guardian","Guardian:Strike_Guardian","Guardian:Defend_Guardian","Guardian:Defend_Guardian","Guardian:Defend_Guardian","Guardian:Defend_Guardian","Guardian:CurlUp","Guardian:TwinSlam+1","Guardian:PiercingHide+1","Guardian:FloatingOrbs+1","Guardian:ExploitGems+1","Guardian:BronzeArmor+1","Guardian:CrystalBeam","Guardian:StasisStrike","Guardian:SpikerProtocol+1","Guardian:StasisField","Guardian:DecasProtection","Guardian:DecasProtection","expansioncontent:QuickStudy+1","Guardian:TimeSifter","Guardian:ConstructionForm","downfall:Aged","Guardian:Recover"],"relics":["Guardian:ModeShifterPlus","Regal Pillow","Bird Faced Urn","Oddly Smooth Stone","Girya","Potion Belt","Busted Crown","White Beast Statue","Torii","Shuriken","Guardian:StasisEgg","CeramicFish"],"acts_visited":["Exordium","TheCity","TheBeyond"],"potions_floor_usage":[14,16,16,33,33,33,40,50,50,50,50,50],"damage_taken":[{"damage":4,"enemies":"2 Louse","floor":2,"turns":3},{"damage":0,"enemies":"Small Slimes","floor":3,"turns":4},{"damage":0,"enemies":"Cultist","floor":5,"turns":1},{"damage":0,"enemies":"Blue Slaver","floor":8,"turns":4},{"damage":6,"enemies":"Large Slime","floor":9,"turns":8},{"damage":1,"enemies":"Lots of Slimes","floor":11,"turns":5},{"damage":0,"enemies":"Large Slime","floor":13,"turns":5},{"damage":14,"enemies":"Lagavulin","floor":14,"turns":8},{"damage":8,"enemies":"Exordium Thugs","floor":15,"turns":5},{"damage":39,"enemies":"IC_STATUS_ARCHETYPE","floor":16,"turns":12},{"damage":1,"enemies":"Spheric Guardian","floor":19,"turns":6},{"damage":0,"enemies":"Shell Parasite","floor":20,"turns":6},{"damage":0,"enemies":"downfall:FleeingMerchant","floor":21,"turns":4},{"damage":0,"enemies":"Snecko","floor":22,"turns":6},{"damage":0,"enemies":"Centurion and Healer","floor":23,"turns":7},{"damage":5,"enemies":"Slavers","floor":25,"turns":4},{"damage":0,"enemies":"Chosen and Byrds","floor":26,"turns":4},{"damage":0,"enemies":"Snake Plant","floor":27,"turns":4},{"damage":0,"enemies":"Cultist and Chosen","floor":28,"turns":4},{"damage":0,"enemies":"downfall:FleeingMerchant","floor":29,"turns":4},{"damage":31,"enemies":"Gremlin Leader","floor":31,"turns":6},{"damage":0,"enemies":"Shelled Parasite and Fungi","floor":32,"turns":4},{"damage":44,"enemies":"SI_MIRROR_ARCHETYPE","floor":33,"turns":12},{"damage":0,"enemies":"3 Darklings","floor":36,"turns":5},{"damage":10,"enemies":"3 Shapes","floor":37,"turns":5},{"damage":0,"enemies":"downfall:FleeingMerchant","floor":38,"turns":4},{"damage":36,"enemies":"2 Orb Walkers","floor":39,"turns":7},{"damage":15,"enemies":"Jaw Worm Horde","floor":40,"turns":5},{"damage":0,"enemies":"Maw","floor":45,"turns":6},{"damage":1,"enemies":"Spire Growth","floor":46,"turns":4},{"damage":0,"enemies":"3 Darklings","floor":49,"turns":6},{"damage":23,"enemies":"DF_ARCHETYPE_ORBS","floor":50,"turns":8}],"seed_played":"4480660606888004097","potions_obtained":[{"floor":8,"key":"Strength Potion"},{"floor":11,"key":"sneckomod:MuddlingPotion"},{"floor":13,"key":"SteroidPotion"},{"floor":15,"key":"Guardian:AcceleratePotion"},{"floor":19,"key":"LiquidMemories"},{"floor":20,"key":"LiquidMemories"},{"floor":33,"key":"PowerPotion"},{"floor":36,"key":"PowerPotion"},{"floor":39,"key":"Fruit Juice"},{"floor":40,"key":"Block Potion"},{"floor":45,"key":"PowerPotion"},{"floor":46,"key":"Block Potion"},{"floor":49,"key":"BlessingOfTheForge"}],"is_trial":false,"path_per_floor":["R","M","M","?","M","R","T","M","M","?","M","R","M","E","M","B",null,"R","M","M","$","M","M","T","E","M","M","M","$","R","E","M","B",null,"R","M","M","$","?","M","T","?","T","R","M","M","R","?","M","B",null],"character_chosen":"GUARDIAN","items_purchased":["Guardian:DecasProtection","expansioncontent:QuickStudy","White Beast Statue","Guardian:Gem_Cyan"],"campfire_rested":1,"item_purchase_floors":[29,29,38,38],"current_hp_per_floor":[88,84,84,84,84,84,84,84,78,78,77,77,77,63,57,20,88,88,87,88,88,88,88,88,85,88,88,88,88,88,57,61,29,88,88,88,82,88,52,54,54,54,54,93,93,92,92,92,93,70],"gold":196,"neow_bonus":"TEN_PERCENT_HP_BONUS","is_daily":false,"chose_seed":false,"campfire_upgraded":4,"win_rate":0.0,"timestamp":1611005974,"path_taken":["R","M","M","?","M","R","T","M","M","?","?","R","M","E","M","BOSS","R","M","M","$","M","M","T","E","M","M","M","$","R","E","M","BOSS","R","M","M","$","?","M","T","?","?","R","M","M","R","?","M","BOSS"],"items_purchased_type":["Card","Card","Relic","Card"],"build_version":"2020-12-22","purchased_purges":2,"victory":true,"max_hp_per_floor":[88,88,88,88,88,88,88,88,88,88,88,88,88,88,88,88,88,88,88,88,88,88,88,88,88,88,88,88,88,88,88,88,88,88,88,88,88,88,88,93,93,93,93,93,93,93,93,93,93,93],"relic_stats":{"Regal Pillow":12,"Busted Crown":16,"Torii":4,"counters":[32,176],"Shuriken":[8],"Bird Faced Urn":[49],"CeramicFish":9,"obtain_stats":[{"Potion Belt":31,"Girya":25,"Regal Pillow":7,"Guardian:ModeShifterPlus":17,"Torii":39,"Guardian:StasisEgg":42,"CeramicFish":43,"Guardian:ModeShifter":0,"Oddly Smooth Stone":24,"White Beast Statue":38,"downfall:BrokenWingStatue":4,"Busted Crown":34,"Shuriken":41,"Bird Faced Urn":14},{"Potion Belt":21,"Girya":16,"Regal Pillow":3,"Guardian:ModeShifterPlus":10,"Torii":27,"Guardian:StasisEgg":28,"CeramicFish":28,"Guardian:ModeShifter":0,"Oddly Smooth Stone":15,"White Beast Statue":26,"downfall:BrokenWingStatue":2,"Busted Crown":23,"Shuriken":28,"Bird Faced Urn":8},{"Potion Belt":110,"Girya":88,"Regal Pillow":8,"Guardian:ModeShifterPlus":55,"Torii":147,"Guardian:StasisEgg":152,"CeramicFish":152,"Guardian:ModeShifter":0,"Oddly Smooth Stone":84,"White Beast Statue":140,"downfall:BrokenWingStatue":7,"Busted Crown":126,"Shuriken":152,"Bird Faced Urn":38}]},"card_choices":[{"not_picked":["Guardian:Planning","Guardian:TimeBomb"],"picked":"Guardian:PiercingHide","floor":2},{"not_picked":["Guardian:Recover","Guardian:Gem_Cyan"],"picked":"Guardian:Gem_Purple","floor":3},{"not_picked":["Guardian:VentSteam","Guardian:Reroute"],"picked":"Guardian:Gem_White","floor":5},{"not_picked":["Guardian:Planning","Guardian:EvasiveProtocol","Guardian:BodySlam"],"picked":"SKIP","floor":8},{"not_picked":["Guardian:RollAttack","Guardian:VentSteam","Guardian:PiercingHide"],"picked":"SKIP","floor":9},{"not_picked":["Guardian:WalkerClaw","Guardian:EvasiveProtocol"],"picked":"Guardian:FloatingOrbs","floor":11},{"not_picked":["Guardian:Clone","Guardian:EvasiveProtocol","Guardian:Recover"],"picked":"SKIP","floor":13},{"not_picked":["Guardian:WalkerClaw","Guardian:Gem_Lightblue","Guardian:Suspension"],"picked":"SKIP","floor":14},{"not_picked":["Guardian:FloatingOrbs","Guardian:Harden"],"picked":"Guardian:Gem_Crimson","floor":15},{"not_picked":["Guardian:HyperBeam_Guardian","Guardian:SphericShield"],"picked":"Guardian:ExploitGems","floor":16},{"not_picked":["Guardian:Repulse","Guardian:Gem_Lightblue"],"picked":"Guardian:BronzeArmor+1","floor":19},{"not_picked":["Guardian:TemporalShield","Guardian:WalkerClaw"],"picked":"Guardian:CrystalBeam","floor":20},{"not_picked":["Guardian:BodySlam","Guardian:PrimingBeam"],"picked":"Guardian:StasisStrike","floor":21},{"not_picked":["Guardian:GuardianWhirl","Guardian:Reroute","Guardian:ChargeCore"],"picked":"SKIP","floor":22},{"not_picked":["Guardian:PrimingBeam","Guardian:RefractedBeam"],"picked":"Guardian:SpikerProtocol+1","floor":23},{"not_picked":["Guardian:CrystalBeam","Guardian:TemporalStrike+1","Guardian:Recover+1"],"picked":"SKIP","floor":25},{"not_picked":["Guardian:PiercingHide","Guardian:PrimingBeam"],"picked":"Guardian:StasisField","floor":26},{"not_picked":["Guardian:PrimingBeam","Guardian:TimeCapacitor","Guardian:WalkerClaw+1"],"picked":"SKIP","floor":27},{"not_picked":["Guardian:RollAttack","Guardian:Planning","Guardian:BodySlam+1"],"picked":"SKIP","floor":28},{"not_picked":["Guardian:Gem_Lightblue","Guardian:MultiBeam+1"],"picked":"Guardian:DecasProtection","floor":29},{"not_picked":["Guardian:VentSteam+1","Guardian:Repulse"],"picked":"Guardian:Gem_Yellow","floor":31},{"not_picked":["Guardian:Recover","Guardian:Planning"],"picked":"Guardian:TimeSifter","floor":32},{"not_picked":["Guardian:StasisField","Guardian:StasisStrike"],"picked":"Guardian:ConstructionForm","floor":33},{"not_picked":[],"picked":"Guardian:Gem_Green","floor":36},{"not_picked":["Guardian:DecasProtection"],"picked":"SKIP","floor":37},{"not_picked":["Guardian:FastForward"],"picked":"SKIP","floor":38},{"not_picked":[],"picked":"Guardian:Gem_Crimson","floor":40},{"not_picked":["Guardian:PrimingBeam"],"picked":"SKIP","floor":45},{"not_picked":["Guardian:PiercingHide"],"picked":"SKIP","floor":46},{"not_picked":["Guardian:Recover"],"picked":"SKIP","floor":49},{"not_picked":[],"picked":"Guardian:Recover","floor":49}],"player_experience":143413,"relics_obtained":[{"floor":7,"key":"Regal Pillow"},{"floor":14,"key":"Bird Faced Urn"},{"floor":24,"key":"Oddly Smooth Stone"},{"floor":25,"key":"Girya"},{"floor":31,"key":"Potion Belt"},{"floor":39,"key":"Torii"},{"floor":41,"key":"Shuriken"},{"floor":43,"key":"CeramicFish"}],"event_choices":[{"damage_healed":0,"gold_gain":0,"player_choice":"Fight","damage_taken":0,"max_hp_gain":0,"max_hp_loss":0,"event_name":"Mysterious Sphere","floor":39,"gold_loss":0}],"is_beta":false,"boss_relics":[{"not_picked":["SlaversCollar","bronze:MakeshiftBattery"],"picked":"Guardian:ModeShifterPlus"},{"not_picked":["Runic Pyramid","Astrolabe"],"picked":"Busted Crown"}],"items_purged_floors":[29,38],"is_endless":false,"potions_floor_spawned":[8,11,13,15,19,20,25,26,27,33,36,39,40,45,46,49],"ascension_level":0}}