{"host":"8anlmvy5ylhozj27","time":1611003360,"event":{"mods":["2.2 Compatiblity","Act Like it!","Aspiration","BaseMod","Best Route Mod","Better Match","Better Note","Better Sensory Stone","Better Skull","Better Third Choice","BetterRewards","Block Reminder","Colored Map","Colored Powertips","Conspire","Curses Come First","Duelist Mod","Energized Spire","GifTheSpireLib","Gold Saver","Halation","Hermit","Highlight Path","Hubris","Infinite Spire","Ironclad Rager","Minty Spire (QoL Compilation)","Permanent Neow","Quick Restart","Rare Cards Sparkle","Replay The Spire","Robot Space Explorer","Spicy Shops","StSLib","Stuff the Spire","The Bladedancer","The Blue Laboratory","The Disciple","The Exalted","The Necromancer","The Sage","Transform Curses","Wandering Minibosses","vexMod"],"gold_per_floor":[114,128,203,203,228,263,273,302,302,321,332,257,257,290,290,388,388,388],"floor_reached":17,"language":"FRA","playtime":1738,"items_purged":[],"score":275,"play_id":"5b89ff93-8d04-431a-92df-b74f804758d8","local_time":"20210118215600","is_ascension_mode":false,"campfire_choices":[{"data":"ReplayUltimateDefense","floor":13,"key":"SMITH"},{"data":"1","floor":15,"key":"LIFT"}],"circlet_count":0,"master_deck":["Strike_B","Strike_B","Strike_B","Strike_B","Defend_B","Zap","Dualcast","Genetic Algorithm","Loop","ReplayUltimateDefense+1","White Noise","Cold Snap","Genetic Algorithm","Time Bomb","Loop","BasicCrystalCard","Redo","ReplayTheSpireMod:Calculation Training","Machine Learning+1","StuffTheSpire:ForEach","StuffTheSpire:NuclearReactor+1","Reprogram+1","Reprogram+1"],"relics":["Cracked Core","Raider\u0027s Mask","hubris:FunFungus","Replay:Baseball","Girya","CaptainsWheel","Dream Catcher","Bromod:ArcaneDeflection","StuffTheSpire:GrapeVine","Replay:Mystery Machine","Astrolabe"],"acts_visited":["Exordium","TheCity"],"potions_floor_usage":[6,14,16],"damage_taken":[{"damage":0,"enemies":"2 Louse","floor":1,"turns":3},{"damage":0,"enemies":"Small Slimes","floor":2,"turns":4},{"damage":7,"enemies":"conspire:MimicChest","floor":5,"turns":5},{"damage":6,"enemies":"3 Sentries","floor":6,"turns":7},{"damage":0,"enemies":"Jaw Worm","floor":7,"turns":2},{"damage":0,"enemies":"Lagavulin","floor":8,"turns":7},{"damage":0,"enemies":"2 Fungi Beasts","floor":10,"turns":3},{"damage":4,"enemies":"Exordium Thugs","floor":11,"turns":5},{"damage":0,"enemies":"3 Sentries","floor":14,"turns":7},{"damage":0,"enemies":"The Guardian","floor":16,"turns":8}],"seed_played":"8110140594441160410","potions_obtained":[{"floor":5,"key":"LiquidBronze"},{"floor":6,"key":"LiquidMemories"},{"floor":10,"key":"blueLaboratory:PlasmaFuel"}],"is_trial":false,"path_per_floor":["M","M","?","?","?","E","M","E","T","M","M","?","R","E","R_BF","B",null],"character_chosen":"DEFECT","items_purchased":["Genetic Algorithm","Loop","ReplayUltimateDefense","Raider\u0027s Mask","hubris:FunFungus","Replay:Baseball"],"campfire_rested":0,"item_purchase_floors":[0,0,0,0,0,0],"current_hp_per_floor":[40,40,29,29,22,17,17,20,20,20,16,16,16,16,16,16,75,75],"gold":388,"neow_bonus":"","is_daily":false,"chose_seed":false,"campfire_upgraded":1,"win_rate":0.0,"timestamp":1611003360,"path_taken":["M","M","?","?","?","E","M","E","T","M","M","?","R","E","R_BF","BOSS"],"items_purchased_type":["Card","Card","Card","Relic","Relic","Relic"],"build_version":"2020-12-22","purchased_purges":0,"victory":false,"max_hp_per_floor":[75,75,75,75,75,75,75,75,75,75,75,75,75,75,75,75,75,75],"card_choices":[{"not_picked":["ReplayTheSpireMod:System Scan","Consume"],"picked":"White Noise","floor":1},{"not_picked":["Coolheaded","Steam"],"picked":"Cold Snap","floor":2},{"not_picked":["Streamline","Coolheaded"],"picked":"Genetic Algorithm","floor":5},{"not_picked":["ReplaySort","Gash"],"picked":"Time Bomb","floor":6},{"not_picked":["Doom and Gloom","StuffTheSpire:LoadUp"],"picked":"Loop","floor":7},{"not_picked":["Leap","Static Discharge"],"picked":"BasicCrystalCard","floor":8},{"not_picked":["Conserve Battery","Static Discharge"],"picked":"Redo","floor":10},{"not_picked":["BootSequence","Scrape"],"picked":"ReplayTheSpireMod:Calculation Training","floor":11},{"not_picked":["StuffTheSpire:Purify+1","Amplify+1"],"picked":"Machine Learning+1","floor":12},{"not_picked":["StuffTheSpire:Purify","Steam","Go for the Eyes"],"picked":"SKIP","floor":14},{"not_picked":["Electrodynamics","Biased Cognition"],"picked":"StuffTheSpire:ForEach","floor":16}],"player_experience":173228,"relics_obtained":[{"floor":5,"key":"CaptainsWheel"},{"floor":6,"key":"Dream Catcher"},{"floor":8,"key":"Bromod:ArcaneDeflection"},{"floor":9,"key":"StuffTheSpire:GrapeVine"},{"floor":14,"key":"Replay:Mystery Machine"}],"event_choices":[{"damage_healed":0,"gold_gain":75,"player_choice":"Gold","damage_taken":11,"max_hp_gain":0,"max_hp_loss":0,"event_name":"betterThird:BetterGoop","floor":3,"gold_loss":0},{"damage_healed":0,"gold_gain":0,"player_choice":"2","damage_taken":0,"max_hp_gain":0,"max_hp_loss":0,"event_name":"betterMatch:BetterMatch","floor":12,"gold_loss":0,"cards_obtained":["betterMatch:RareCard"]}],"is_beta":false,"boss_relics":[{"not_picked":["Honey Jar","energizedSpire:CursedPentagram"],"picked":"Astrolabe"}],"items_purged_floors":[],"is_endless":false,"potions_floor_spawned":[5,6,10],"ascension_level":0}}