{"host":"rhakyh2m1vy6smuu","time":1611006420,"event":{"mods":["BaseMod","Downfall","Minty Spire (QoL Compilation)","StSLib","The Hierophant"],"gold_per_floor":[99,116,132,282,318,329,383,131,163,175,175,185,197,197,214,254,254],"floor_reached":16,"language":"ENG","playtime":5024,"items_purged":[],"score":143,"play_id":"c9decba6-5ffe-4e5e-b4e3-1659af4acd3e","local_time":"20210118144700","is_ascension_mode":true,"campfire_choices":[{"data":"sneckomod:TailWhip","floor":1,"key":"SMITH"},{"data":"sneckomod:UnknownDexterity","floor":11,"key":"SMITH"}],"circlet_count":0,"master_deck":["sneckomod:Strike","sneckomod:Defend","sneckomod:Defend","sneckomod:TailWhip+1","sneckomod:SnekBite","sneckomod:Unknown","sneckomod:Unknown","sneckomod:TrashToTreasure+1","sneckomod:TrashToTreasure+1","sneckomod:UnknownUncommonSkill+1","sneckomod:QuickBite","sneckomod:ImprovisedGuard","downfall:Icky","sneckomod:UnknownColorless","sneckomod:Unknown2Cost","sneckomod:Rotation","sneckomod:UnendingSupply","sneckomod:UnknownRarePower","sneckomod:UnknownDexterity+1","sneckomod:UnknownWeak","sneckomod:QuickBite+1","sneckomod:UnknownBoss"],"relics":["Astrolabe","Happy Flower","Oddly Smooth Stone","Orichalcum"],"acts_visited":["Exordium"],"potions_floor_usage":[12,16,16,16],"damage_taken":[{"damage":0,"enemies":"2 Louse","floor":2,"turns":3},{"damage":12,"enemies":"Jaw Worm","floor":3,"turns":3},{"damage":7,"enemies":"Small Slimes","floor":5,"turns":3},{"damage":3,"enemies":"Exordium Wildlife","floor":6,"turns":4},{"damage":0,"enemies":"downfall:FleeingMerchant","floor":8,"turns":4},{"damage":25,"enemies":"Lagavulin","floor":9,"turns":5},{"damage":4,"enemies":"Blue Slaver","floor":10,"turns":3},{"damage":10,"enemies":"Exordium Thugs","floor":12,"turns":5},{"damage":6,"enemies":"Exordium Wildlife","floor":13,"turns":2},{"damage":7,"enemies":"Gremlin Gang","floor":15,"turns":7},{"damage":7,"enemies":"SI_SHIV_ARCHETYPE","floor":16,"turns":3}],"seed_played":"-2668814306747685818","potions_obtained":[{"floor":3,"key":"Weak Potion"},{"floor":5,"key":"PowerPotion"},{"floor":12,"key":"hexamod:SoulburnPotion"},{"floor":15,"key":"CultistPotion"}],"is_trial":false,"path_per_floor":["R","M","M","?","M","M","T","$","E","M","R","M","M","?","M","B"],"character_chosen":"THE_SNECKO","items_purchased":["sneckomod:UnendingSupply","Oddly Smooth Stone"],"campfire_rested":0,"item_purchase_floors":[8,8],"current_hp_per_floor":[81,81,69,69,62,59,59,59,34,30,30,20,14,14,7,0,0],"gold":254,"neow_bonus":"BOSS_RELIC","is_daily":false,"chose_seed":false,"campfire_upgraded":2,"win_rate":0.0,"timestamp":1611006420,"path_taken":["R","M","M","?","M","M","T","?","E","M","R","M","M","?","M","BOSS"],"items_purchased_type":["Card","Relic"],"build_version":"2020-12-22","purchased_purges":0,"victory":false,"max_hp_per_floor":[90,90,90,90,90,90,90,90,90,90,90,90,90,90,90,90,90],"card_choices":[{"not_picked":["sneckomod:UnknownClassGUARDIAN","sneckomod:Unknown2Cost"],"picked":"sneckomod:QuickBite","floor":2},{"not_picked":["sneckomod:DiceCrush","sneckomod:Nope"],"picked":"sneckomod:ImprovisedGuard","floor":3},{"not_picked":["sneckomod:DangerNoodle","sneckomod:QuickMove"],"picked":"sneckomod:UnknownColorless","floor":5},{"not_picked":["sneckomod:UnknownClassGUARDIAN","sneckomod:UnknownBlock"],"picked":"sneckomod:Unknown2Cost","floor":6},{"not_picked":["sneckomod:Memorize","sneckomod:UnknownX"],"picked":"sneckomod:Rotation","floor":8},{"not_picked":["sneckomod:TrashToTreasure","sneckomod:UnknownDraw"],"picked":"sneckomod:UnknownRarePower","floor":9},{"not_picked":["sneckomod:QuickBite","sneckomod:DefensiveFlair"],"picked":"sneckomod:UnknownDexterity","floor":10},{"not_picked":["sneckomod:UnknownClassSLIMEBOUND","sneckomod:UnknownClassBLUE"],"picked":"sneckomod:UnknownWeak","floor":12},{"not_picked":["sneckomod:RainOfDice","sneckomod:UnknownBlock"],"picked":"sneckomod:QuickBite","floor":13},{"not_picked":["sneckomod:UnknownClassBLUE","sneckomod:UnknownUncommonAttack"],"picked":"sneckomod:UnknownBoss","floor":15}],"player_experience":1613829,"relics_obtained":[{"floor":7,"key":"Happy Flower"},{"floor":9,"key":"Orichalcum"}],"event_choices":[{"damage_healed":0,"gold_gain":0,"player_choice":"Grow","damage_taken":0,"max_hp_gain":0,"max_hp_loss":0,"event_name":"Living Wall","floor":14,"gold_loss":0,"cards_upgraded":["sneckomod:QuickBite"]}],"is_beta":false,"boss_relics":[],"items_purged_floors":[],"is_endless":false,"potions_floor_spawned":[3,5,12,15],"killed_by":"SI_SHIV_ARCHETYPE","ascension_level":7}}