{"host":"4ek4eq5z32z3zgvw","time":1611000776,"event":{"mods":["2.2 Compatiblity","AchievementEnabler","Act Like it!","AlwaysNeverKeys","Aspiration","BaseMod","Better Altar","Better Match","Better Note","Better Sensory Stone","Better Skull","Better Third Choice","BetterRewards","Block Reminder","Challenge The Spire","Colored Map","Colored Powertips","Curses Come First","Dark Map","DeckTracker","Defuse TimeMaze Blight","Energized Spire","Evolution","Gensokyo","GifTheSpireLib","Halation","Hallownest","Highlight Path","Hubris","Infinite Spire","Minty Spire (QoL Compilation)","Permanent Neow","Quick Restart","RRrroohrrRGHHhhh!!","Rare Cards Sparkle","RatMod","Relic Filter","Relic Sorter","Relic Stats","Replay The Spire","Reworked Bosses","Shop Mod","Spicy Shops","Spikes Relics","StSLib","Stuff the Spire","SuperFastMode","The Blue Laboratory","Uncapped","Unceasing Turn Reminder","Unknown Chances","UnlockEverythingMod","Waifu the Spire","egg","vexMod","????"],"gold_per_floor":[115,115,146,165,185,185,185],"floor_reached":6,"language":"ENG","playtime":340,"items_purged":["rat:RuptureArtery"],"score":182,"play_id":"e117ce2b-700c-44e5-a5cb-21018c24865b","local_time":"20210118141256","is_ascension_mode":true,"campfire_choices":[],"circlet_count":0,"master_deck":["AscendersBane","rat:RuptureArtery","rat:RuptureArtery","rat:RuptureArtery","rat:RuptureArtery","Dodge and Roll","Dodge and Roll","Dodge and Roll","Dodge and Roll","Dodge and Roll","Survivor","Neutralize","Dagger Spray","PiercingWail","BlessedFruit","BlessedFruit","infinitespire:Neurotoxin+1","rat:Garrote","hubris:DuctTapeCard","Backflip+1","Escape Plan+1"],"relics":["Ring of the Snake","EVO:Axolotl","hubris:MobiusCoin","halation:PrussianBluePaint","Orichalcum","Snake Skull","RollingBoulder","Membership Card","Anchor","HeavenlyBonsai","Toxic Egg 2","hubris:DuctTape","halation:PinkSoulGem","infinitespire:Magic Flask"],"acts_visited":["Gensokyo:Gensokyo"],"potions_floor_usage":[],"damage_taken":[{"damage":1.0,"enemies":"Gensokyo:3_Fairies","floor":1.0,"turns":5.0},{"damage":0,"enemies":"Gensokyo:Mamizou","floor":3,"turns":4},{"damage":5,"enemies":"Gensokyo:Gryphon","floor":4,"turns":3},{"damage":0,"enemies":"Gensokyo:Python","floor":5,"turns":3},{"damage":74,"enemies":"Gensokyo:Cirno","floor":6,"turns":11}],"seed_played":"-5848659223970796800","potions_obtained":[],"is_trial":false,"path_per_floor":["M","?","?","M","M","E"],"character_chosen":"THE_SILENT","items_purchased":["hubris:MobiusCoin","Dagger Spray","halation:PrussianBluePaint","Orichalcum","Snake Skull","RollingBoulder","Membership Card","Anchor","PiercingWail","HeavenlyBonsai","Toxic Egg 2","Discovery+1","ReplayTheSpireMod:Private Reserves+1","hubris:DuctTape","infinitespire:Neurotoxin+1"],"campfire_rested":0,"item_purchase_floors":[0,0,0,0,0,0,0,0,0,0,0,0,0,0,0],"current_hp_per_floor":[64,64,66,63,64,0,0],"gold":185,"neow_bonus":"","is_daily":false,"chose_seed":false,"campfire_upgraded":0,"win_rate":0.0,"timestamp":1611000776,"path_taken":["M","?","?","M","M","E"],"items_purchased_type":["Relic","Card","Relic","Relic","Relic","Relic","Relic","Relic","Card","Relic","Relic","Card","Card","Relic","Card"],"build_version":"2020-12-22","purchased_purges":1,"victory":false,"max_hp_per_floor":[72,72,74,76,77,79,79],"relic_stats":{"counters":[43,125],"Snake Skull":[83],"Orichalcum":[24],"obtain_stats":[{"TwistedFunnel":11,"Golden Egg":0,"StuffTheSpire:Barrel":36,"vexMod:MemoryStick":40,"Whetstone":0,"Bottled Tornado":0,"Sling":0,"vexMod:InvisibilityCloak":9,"infinitespire:ShieldingShard":0,"rorgmod:The Boot":46,"halation:PromiseList":7,"Replay:Wax Seal":9,"hubris:MobiusCoin":0,"MerchantsRug":11,"Blue Candle":29,"Pen Nib":10,"infinitespire:Magic Flask":3,"aspiration:FrozenJewel":0,"Kintsugi":17,"Lantern":0,"Torii":0,"Singing Bowl":0,"Bag of Preparation":46,"HeavenlyBonsai":0,"Burning Blood":29,"Replay:Rubber Ducky":0,"StuffTheSpire:OccultApparatus":3,"Ring of Peace":4,"hubris:CuriousFeather":47,"Chemical X":0,"InkBottle":14,"Ring of the Snake":0,"StuffTheSpire:TintedRock":0,"Potion Belt":0,"Lee\u0027s Waffle":0,"StuffTheSpire:Saxophone":0,"PreservedInsect":0,"Omamori":0,"hubris:Towel":2,"Frozen Egg 2":0,"halation:NonexistentMirror":0,"StuffTheSpire:Mouthbags":25,"Ornamental Fan":0,"rat:KircheisShard":23,"Orrery":0,"Garlic":0,"SpikesRelics:DaevaFist":0,"Art of War":29,"Bottled Lightning":11,"halation:LostSnail":0,"halation:PinkSoulGem":42,"Ice Cream":13,"CeramicFish":0,"EVO:Axolotl":0,"DollysMirror":0,"halation:PrussianBluePaint":0,"Philosopher\u0027s Stone":34,"Toxic Egg 2":0,"Happy Flower":11,"hubris:DuctTape":0,"ReplayTheSpireMod:CursedCoin":0,"aspiration:Nostalgia":29,"Oddly Smooth Stone":0,"infinitespire:Beetle Shell":0,"vexMod:PaidLearning":0,"BlackRope":0,"War Paint":0,"Question Card":0,"Du-Vu Doll":0,"rat:RedSneckoSkull":46,"ReplayTheSpireMod:Shallot":0,"Bronze Scales":0,"StuffTheSpire:DarkSteelAnvil":0,"Onion Ring":29,"ReplayTheSpireMod:TigerMarble":0,"Darkstone Periapt":0,"ReplayFunnel":0,"SnailShell":0,"aspiration:TomeofQuesting":0,"Snake Skull":0,"halation:WeightlessCrab":0,"Juzu Bracelet":0,"hubris:SlimyHat":0,"vexMod:Spyglass":0,"ClockworkSouvenir":0,"StuffTheSpire:Experiment12":7,"Tough Bandages":0,"hubris:Icosahedron":3,"Mummified Hand":0,"MiniBlackHole":12,"RollingBoulder":0,"Tiny Chest":0,"energizedSpire:RedRose":52,"BargainBundle":0,"Replay:Towering Pillar of Hats":0,"infinitespire:CursedDice":27,"Guide Book":0,"Quantum Egg":44,"halation:IllGainedPizza":43,"hubris:MedicalManual":0,"Orichalcum":0,"Medical Kit":0,"Peace Pipe":29,"Strange Spoon":0,"Anchor":46,"vexMod:BarristanHead":26,"vexMod:HeadHunter":0,"rat:QuicksilverSash":0,"Membership Card":0,"hubris:OldNail":0,"hubris:Potato":0,"ReplayTheSpireMod:ShopPack":0,"hubris:NiceRug":29},{"TwistedFunnel":13,"Golden Egg":2,"StuffTheSpire:Barrel":26,"vexMod:MemoryStick":29,"Whetstone":9,"Bottled Tornado":9,"Sling":9,"vexMod:InvisibilityCloak":12,"infinitespire:ShieldingShard":9,"rorgmod:The Boot":31,"halation:PromiseList":5,"Replay:Wax Seal":6,"hubris:MobiusCoin":9,"MerchantsRug":13,"Blue Candle":21,"Pen Nib":13,"infinitespire:Magic Flask":40,"aspiration:FrozenJewel":2,"Kintsugi":16,"Lantern":9,"Torii":2,"Singing Bowl":9,"Bag of Preparation":31,"HeavenlyBonsai":38,"Burning Blood":22,"Replay:Rubber Ducky":9,"StuffTheSpire:OccultApparatus":1,"Ring of Peace":11,"hubris:CuriousFeather":31,"Chemical X":9,"InkBottle":15,"Ring of the Snake":0,"StuffTheSpire:TintedRock":9,"Potion Belt":9,"Lee\u0027s Waffle":9,"StuffTheSpire:Saxophone":2,"PreservedInsect":9,"Omamori":9,"hubris:Towel":1,"Frozen Egg 2":9,"halation:NonexistentMirror":2,"StuffTheSpire:Mouthbags":20,"Ornamental Fan":9,"rat:KircheisShard":19,"Orrery":9,"Garlic":9,"SpikesRelics:DaevaFist":9,"Art of War":22,"Bottled Lightning":13,"halation:LostSnail":9,"halation:PinkSoulGem":29,"Ice Cream":14,"CeramicFish":9,"EVO:Axolotl":0,"DollysMirror":9,"halation:PrussianBluePaint":9,"Philosopher\u0027s Stone":25,"Toxic Egg 2":38,"Happy Flower":7,"hubris:DuctTape":9,"ReplayTheSpireMod:CursedCoin":9,"aspiration:Nostalgia":22,"Oddly Smooth Stone":9,"infinitespire:Beetle Shell":9,"vexMod:PaidLearning":9,"BlackRope":9,"War Paint":9,"Question Card":9,"Du-Vu Doll":9,"rat:RedSneckoSkull":31,"ReplayTheSpireMod:Shallot":9,"Bronze Scales":9,"StuffTheSpire:DarkSteelAnvil":9,"Onion Ring":22,"ReplayTheSpireMod:TigerMarble":9,"Darkstone Periapt":9,"ReplayFunnel":9,"SnailShell":9,"aspiration:TomeofQuesting":9,"Snake Skull":9,"halation:WeightlessCrab":9,"Juzu Bracelet":9,"hubris:SlimyHat":9,"vexMod:Spyglass":9,"ClockworkSouvenir":9,"StuffTheSpire:Experiment12":12,"Tough Bandages":9,"hubris:Icosahedron":3,"Mummified Hand":9,"MiniBlackHole":14,"RollingBoulder":9,"Tiny Chest":9,"energizedSpire:RedRose":35,"BargainBundle":9,"Replay:Towering Pillar of Hats":2,"infinitespire:CursedDice":21,"Guide Book":9,"Quantum Egg":30,"halation:IllGainedPizza":29,"hubris:MedicalManual":9,"Orichalcum":38,"Medical Kit":9,"Peace Pipe":22,"Strange Spoon":9,"Anchor":31,"vexMod:BarristanHead":20,"vexMod:HeadHunter":9,"rat:QuicksilverSash":9,"Membership Card":9,"hubris:OldNail":9,"hubris:Potato":9,"ReplayTheSpireMod:ShopPack":2,"hubris:NiceRug":22},{"TwistedFunnel":30,"Golden Egg":6,"StuffTheSpire:Barrel":69,"vexMod:MemoryStick":78,"Whetstone":22,"Bottled Tornado":22,"Sling":22,"vexMod:InvisibilityCloak":27,"infinitespire:ShieldingShard":22,"rorgmod:The Boot":82,"halation:PromiseList":14,"Replay:Wax Seal":15,"hubris:MobiusCoin":22,"MerchantsRug":30,"Blue Candle":55,"Pen Nib":30,"infinitespire:Magic Flask":108,"aspiration:FrozenJewel":6,"Kintsugi":34,"Lantern":22,"Torii":6,"Singing Bowl":22,"Bag of Preparation":82,"HeavenlyBonsai":99,"Burning Blood":60,"Replay:Rubber Ducky":22,"StuffTheSpire:OccultApparatus":5,"Ring of Peace":26,"hubris:CuriousFeather":82,"Chemical X":22,"InkBottle":32,"Ring of the Snake":0,"StuffTheSpire:TintedRock":22,"Potion Belt":22,"Lee\u0027s Waffle":22,"StuffTheSpire:Saxophone":6,"PreservedInsect":22,"Omamori":22,"hubris:Towel":5,"Frozen Egg 2":22,"halation:NonexistentMirror":6,"StuffTheSpire:Mouthbags":53,"Ornamental Fan":22,"rat:KircheisShard":42,"Orrery":22,"Garlic":22,"SpikesRelics:DaevaFist":22,"Art of War":60,"Bottled Lightning":30,"halation:LostSnail":22,"halation:PinkSoulGem":78,"Ice Cream":31,"CeramicFish":22,"EVO:Axolotl":0,"DollysMirror":22,"halation:PrussianBluePaint":22,"Philosopher\u0027s Stone":66,"Toxic Egg 2":99,"Happy Flower":19,"hubris:DuctTape":22,"ReplayTheSpireMod:CursedCoin":22,"aspiration:Nostalgia":60,"Oddly Smooth Stone":22,"infinitespire:Beetle Shell":22,"vexMod:PaidLearning":22,"BlackRope":22,"War Paint":22,"Question Card":22,"Du-Vu Doll":22,"rat:RedSneckoSkull":82,"ReplayTheSpireMod:Shallot":22,"Bronze Scales":22,"StuffTheSpire:DarkSteelAnvil":22,"Onion Ring":60,"ReplayTheSpireMod:TigerMarble":22,"Darkstone Periapt":22,"ReplayFunnel":22,"SnailShell":22,"aspiration:TomeofQuesting":22,"Snake Skull":22,"halation:WeightlessCrab":22,"Juzu Bracelet":22,"hubris:SlimyHat":22,"vexMod:Spyglass":22,"ClockworkSouvenir":22,"StuffTheSpire:Experiment12":27,"Tough Bandages":22,"hubris:Icosahedron":10,"Mummified Hand":22,"MiniBlackHole":31,"RollingBoulder":22,"Tiny Chest":22,"energizedSpire:RedRose":91,"BargainBundle":22,"Replay:Towering Pillar of Hats":6,"infinitespire:CursedDice":55,"Guide Book":22,"Quantum Egg":81,"halation:IllGainedPizza":78,"hubris:MedicalManual":22,"Orichalcum":99,"Medical Kit":22,"Peace Pipe":60,"Strange Spoon":22,"Anchor":82,"vexMod:BarristanHead":53,"vexMod:HeadHunter":22,"rat:QuicksilverSash":22,"Membership Card":22,"hubris:OldNail":22,"hubris:Potato":22,"ReplayTheSpireMod:ShopPack":6,"hubris:NiceRug":60}],"Ring of the Snake":[78]},"card_choices":[{"not_picked":["StuffTheSpire:Injection","StuffTheSpire:MirrorStance+1"],"picked":"rat:Garrote","floor":1.0},{"not_picked":["Flying Knee","Sneak Up+1"],"picked":"Backflip+1","floor":3},{"not_picked":["ReplayTheSpireMod:The Works+1","hubris:Sniper+1","Dodge and Roll+1"],"picked":"SKIP","floor":4},{"not_picked":["Skewer","Acrobatics+1"],"picked":"Escape Plan+1","floor":5}],"player_experience":629104,"relics_obtained":[{"floor":3,"key":"infinitespire:Magic Flask"}],"event_choices":[],"is_beta":false,"boss_relics":[],"items_purged_floors":[0],"is_endless":false,"potions_floor_spawned":[],"killed_by":"Gensokyo:Cirno","ascension_level":20}}