{"host":"nlowmoq7gy18n72d","time":1611003531,"event":{"mods":["BaseMod","Colored Powertips","Downfall","Highlight Path","Minty Spire (QoL Compilation)","StSLib"],"gold_per_floor":[0,15,190,31,91,91,114,125,275,175,193,222,222,3,13,108,108,8,21,36,36,21,37,37,53,53,153,250,250,277,291,306,405,405,305,318,333,344,360,376,376,376,376,409,421,160,48,68,86,86,86,116,44,44,44,44,44],"floor_reached":56,"language":"ENG","playtime":2910,"items_purged":["Doubt","downfall:Icky","bronze:Strike+1","bronze:WhirlingStrike"],"score":951,"play_id":"a0af955c-9b32-4d69-b979-ec41d44e174d","local_time":"20210118235851","is_ascension_mode":false,"campfire_choices":[{"data":"bronze:Replicate","floor":1,"key":"SMITH"},{"data":"bronze:Boost","floor":10,"key":"SMITH"},{"floor":13,"key":"RECALL"},{"data":"bronze:HardenedForm","floor":18,"key":"SMITH"},{"data":"bronze:Optimize","floor":26,"key":"SMITH"},{"data":"bronze:ClassDefault","floor":29,"key":"SMITH"},{"data":"bronze:HardenedForm","floor":35,"key":"SMITH"},{"data":"bronze:HardenedForm","floor":42,"key":"SMITH"},{"data":"bronze:Verify","floor":54,"key":"SMITH"}],"circlet_count":0,"master_deck":["bronze:Defend+1","bronze:Defend+1","bronze:Defend+1","bronze:Defend+1","bronze:Replicate+1","bronze:Goto","bronze:DelayedSlice+1","bronze:Boost+1","bronze:ClassDefault+1","bronze:CloningBeam+1","bronze:FineTuning","bronze:Repair","bronze:Iterate+1","bronze:Optimize+1","bronze:ForLoop","bronze:HardenedForm+1","bronze:DelayedGuard","bronze:FineTuning","bronze:SpaghettiCode","bronze:InfiniteBeams","bronze:HardenedForm+1","bronze:Assembly","bronze:Return","bronze:HardenedForm+1","bronze:Overload","bronze:Verify+1","bronze:HardenedForm+1","bronze:MaxOutput","bronze:BronzeOrb+1","bronze:Overload+1"],"relics":["bronze:PlatinumCore","Bronze Scales","downfall:HeartBlessingBlue","Blue Candle","Membership Card","downfall:HeartBlessingRed","Vajra","Potion Belt","Pear","StoneCalendar","Sozu","downfall:HeartBlessingGreen","Prayer Wheel","Art of War","bronze:SilverBullet","DollysMirror","Pen Nib","Happy Flower","Whetstone"],"acts_visited":["Exordium","TheCity","TheBeyond","TheEnding"],"potions_floor_usage":[12,12,16,22,28,30,30,32,33,38,50],"damage_taken":[{"damage":0,"enemies":"Cultist","floor":2,"turns":4},{"damage":5,"enemies":"downfall:FleeingMerchant","floor":4,"turns":4},{"damage":28,"enemies":"Lagavulin Event","floor":5,"turns":8},{"damage":3,"enemies":"Small Slimes","floor":8,"turns":3},{"damage":0,"enemies":"2 Louse","floor":11,"turns":2},{"damage":15,"enemies":"Gremlin Nob","floor":12,"turns":4},{"damage":6,"enemies":"downfall:FleeingMerchant","floor":14,"turns":4},{"damage":8,"enemies":"Gremlin Gang","floor":15,"turns":3},{"damage":11,"enemies":"IC_STATUS_ARCHETYPE","floor":16,"turns":7},{"damage":5,"enemies":"Chosen","floor":19,"turns":4},{"damage":12,"enemies":"Shell Parasite","floor":20,"turns":4},{"damage":20,"enemies":"downfall:FleeingMerchant","floor":22,"turns":4},{"damage":24,"enemies":"Shelled Parasite and Fungi","floor":23,"turns":5},{"damage":0,"enemies":"Centurion and Healer","floor":25,"turns":4},{"damage":8,"enemies":"downfall:LadyInBlue","floor":27,"turns":9},{"damage":1,"enemies":"downfall:FleeingMerchant","floor":28,"turns":3},{"damage":28,"enemies":"Gremlin Leader","floor":30,"turns":5},{"damage":15,"enemies":"Snake Plant","floor":31,"turns":4},{"damage":0,"enemies":"Snecko","floor":32,"turns":4},{"damage":5,"enemies":"WA_ARCHETYPE_CALM","floor":33,"turns":9},{"damage":36,"enemies":"3 Shapes","floor":36,"turns":2},{"damage":10,"enemies":"Orb Walker","floor":37,"turns":3},{"damage":16,"enemies":"4 Shapes","floor":38,"turns":3},{"damage":25,"enemies":"Maw","floor":39,"turns":7},{"damage":1,"enemies":"Sphere and 2 Shapes","floor":40,"turns":4},{"damage":4,"enemies":"Giant Head","floor":44,"turns":7},{"damage":49,"enemies":"Writhing Mass","floor":45,"turns":6},{"damage":18,"enemies":"4 Shapes","floor":48,"turns":6},{"damage":6,"enemies":"3 Darklings","floor":49,"turns":3},{"damage":30,"enemies":"DF_ARCHETYPE_ORBS","floor":50,"turns":9},{"damage":19,"enemies":"downfall:CharBossMerchant","floor":52,"turns":7},{"damage":29,"enemies":"downfall:NeowBoss","floor":55,"turns":12},{"damage":85,"enemies":"downfall:NeowBossFinal","floor":56,"turns":5}],"seed_played":"-7288804822930438538","potions_obtained":[{"floor":6,"key":"SteroidPotion"},{"floor":6,"key":"bronze:BuildAFunctionPotion"},{"floor":6,"key":"Guardian:BlockOnCardUsePotion"},{"floor":8,"key":"PowerPotion"},{"floor":12,"key":"sneckomod:MuddlingPotion"},{"floor":25,"key":"FairyPotion"},{"floor":27,"key":"SneckoOil"},{"floor":27,"key":"Regen Potion"},{"floor":27,"key":"ColorlessPotion"},{"floor":27,"key":"Energy Potion"},{"floor":31,"key":"Explosive Potion"},{"floor":32,"key":"Slimebound:ThreeZeroPotion"},{"floor":33,"key":"SkillPotion"}],"is_trial":false,"path_per_floor":["R","M","?","$","?","?","T","M","?","R","M","E","R","$","M","B",null,"R","M","M","?","$","M","T","M","R","?","$","R","E","M","M","B",null,"R","M","M","M","M","M","T","R","?","E","M","$","$","M","M","B",null,"E","$","R","B","B"],"character_chosen":"THE_AUTOMATON","items_purchased":["bronze:ClassDefault","Membership Card","Pear","SteroidPotion","bronze:InfiniteBeams","bronze:Verify","bronze:SilverBullet","DollysMirror","bronze:MaxOutput","Pen Nib","Whetstone"],"campfire_rested":0,"item_purchase_floors":[4,14,28,28,28,46,46,46,47,47,53],"current_hp_per_floor":[70,70,70,65,37,37,37,34,34,44,44,36,36,37,29,28,80,80,80,68,68,58,44,44,51,51,43,52,52,24,9,24,39,90,90,54,44,42,44,43,43,43,35,45,3,3,3,27,32,9,90,71,71,71,62,0,0],"gold":44,"neow_bonus":"REMOVE_TWO","is_daily":false,"chose_seed":false,"campfire_upgraded":8,"win_rate":0.0,"timestamp":1611003531,"path_taken":["R","M","?","$","?","?","T","?","?","R","M","E","R","$","M","BOSS","R","M","M","?","$","M","T","M","R","?","$","R","E","M","M","BOSS","R","M","M","?","M","M","T","R","?","E","M","?","$","?","M","BOSS","E","$","R","BOSS","BOSS"],"items_purchased_type":["Card","Relic","Relic","Potion","Card","Card","Relic","Relic","Card","Relic","Relic"],"build_version":"2020-12-22","purchased_purges":4,"victory":false,"max_hp_per_floor":[70,70,70,70,70,70,70,70,70,80,80,80,80,80,80,80,80,80,80,80,80,80,80,80,80,80,80,90,90,90,90,90,90,90,90,90,90,90,90,90,90,90,90,90,90,90,90,90,90,90,90,90,90,90,90,90,90],"card_choices":[{"not_picked":["bronze:Invalidate","bronze:Backtrace"],"picked":"bronze:DelayedSlice","floor":2},{"not_picked":["bronze:BugBarrage","bronze:Overheat"],"picked":"bronze:Boost","floor":4},{"not_picked":["bronze:Repair","bronze:ItsAFeature"],"picked":"bronze:CloningBeam","floor":5},{"not_picked":["bronze:Iterate","bronze:BitShift"],"picked":"bronze:FineTuning","floor":8},{"not_picked":["bronze:WhirlingStrike","bronze:Frontload"],"picked":"bronze:Repair","floor":11},{"not_picked":["bronze:OilSpill","bronze:Refactor"],"picked":"bronze:Iterate","floor":12},{"not_picked":["bronze:OilSpill","bronze:ForLoop"],"picked":"bronze:Optimize","floor":14},{"not_picked":["bronze:Philosophize","bronze:ItsAFeature"],"picked":"bronze:ForLoop","floor":15},{"not_picked":["bronze:CleanCode","bronze:Assembly"],"picked":"bronze:HardenedForm","floor":16},{"not_picked":["bronze:ForceShield","bronze:CutThrough"],"picked":"bronze:DelayedGuard","floor":19},{"not_picked":["bronze:CutThrough","bronze:BitShift"],"picked":"bronze:WhirlingStrike","floor":20},{"not_picked":["bronze:Deprecate+1","bronze:ForceShield","bronze:OilSpill"],"picked":"SKIP","floor":22},{"not_picked":["bronze:Repair","bronze:ItsAFeature","bronze:Separator"],"picked":"SKIP","floor":23},{"not_picked":["bronze:BugBarrage","bronze:BronzeArmor"],"picked":"bronze:FineTuning","floor":25},{"not_picked":["bronze:ChosenStrike","bronze:Deprecate"],"picked":"bronze:SpaghettiCode","floor":27},{"not_picked":["bronze:ItsAFeature","bronze:Overheat","bronze:WildBeam"],"picked":"SKIP","floor":28},{"not_picked":["bronze:Fortify+1","bronze:Shield"],"picked":"bronze:HardenedForm","floor":30},{"not_picked":["bronze:Separator","bronze:ForLoop","bronze:Allocate+1"],"picked":"SKIP","floor":31},{"not_picked":["bronze:ChildClass","bronze:Safeguard","bronze:Deprecate"],"picked":"SKIP","floor":32},{"not_picked":["bronze:CleanCode","bronze:Format"],"picked":"bronze:Assembly","floor":33},{"not_picked":["bronze:DelayedSlice","bronze:WhirlingStrike+1"],"picked":"bronze:Return","floor":36},{"not_picked":["bronze:ClassDefault","bronze:Overheat","bronze:BugBarrage"],"picked":"SKIP","floor":37},{"not_picked":["bronze:Philosophize","bronze:MaxOutput"],"picked":"bronze:HardenedForm","floor":38},{"not_picked":["bronze:DelayedSlice","bronze:BuggyMess"],"picked":"bronze:Overload","floor":39},{"not_picked":["bronze:ItsAFeature+1","bronze:WhirlingStrike","bronze:Refactor+1"],"picked":"SKIP","floor":40},{"not_picked":["bronze:Overheat+1","bronze:Iterate","bronze:Frontload"],"picked":"SKIP","floor":44},{"not_picked":["bronze:DigitalCarnage","bronze:BuggyMess+1","bronze:Shield"],"picked":"SKIP","floor":45},{"not_picked":["bronze:GetLatest","bronze:InfiniteBeams","bronze:CutThrough"],"picked":"SKIP","floor":45},{"not_picked":["bronze:Shield+1","bronze:BitShift","bronze:Repair+1"],"picked":"SKIP","floor":48},{"not_picked":["bronze:Turbo+1","bronze:DarkDash+1","bronze:Virus"],"picked":"SKIP","floor":48},{"not_picked":["bronze:Iterate","bronze:Safeguard"],"picked":"bronze:BronzeOrb+1","floor":49},{"not_picked":["bronze:DelayedSlice+1","bronze:WildBeam+1"],"picked":"bronze:Overload+1","floor":49},{"not_picked":["bronze:ThunderWave","bronze:Iterate+1","bronze:Turbo+1"],"picked":"SKIP","floor":52}],"player_experience":687268,"relics_obtained":[{"floor":5,"key":"Bronze Scales"},{"floor":12,"key":"Blue Candle"},{"floor":24,"key":"Vajra"},{"floor":27,"key":"Potion Belt"},{"floor":30,"key":"StoneCalendar"},{"floor":41,"key":"Prayer Wheel"},{"floor":44,"key":"Art of War"},{"floor":52,"key":"Happy Flower"}],"event_choices":[{"damage_healed":0,"gold_gain":0,"player_choice":"Got Potions","damage_taken":0,"max_hp_gain":0,"max_hp_loss":0,"event_name":"Lab","floor":6,"gold_loss":0}],"is_beta":false,"boss_relics":[{"not_picked":["bronze:MakeshiftBattery","Cursed Key"],"picked":"bronze:PlatinumCore"},{"not_picked":["Snecko Eye","Black Star"],"picked":"Sozu"}],"items_purged_floors":[4,14,28,46],"is_endless":false,"potions_floor_spawned":[8,11,12,25,27,31,32,33,36,39,44,48],"killed_by":"downfall:NeowBossFinal","ascension_level":0}}