{"host":"n605f8gctjc87d7h","time":1611013106,"event":{"mods":["Aspiration","Bard","BaseMod","Better Match","Better Note","Better Skull","Better Third Choice","Conspire","Halation","Infinite Spire","Minty Spire (QoL Compilation)","Replay The Spire","Retaliation","Shade Mod","Spicy Shops","StSLib","The IronCluck"],"gold_per_floor":[112,126,126,126,126,126,142,67,92,126,139,139,174,193,193,321,321,334,353,306,331,34,34,48,48,48,48,102,102,147,72,72,92,92,217,280,322,322,322,363,363,363,363,363,363],"floor_reached":44,"language":"ENG","playtime":3020,"items_purged":["Injury"],"score":902,"play_id":"1825a8d4-4897-4838-afde-a920a9cf9cc6","local_time":"20210118153826","is_ascension_mode":true,"campfire_choices":[{"data":"Zap","floor":6,"key":"SMITH"},{"floor":12,"key":"REST"},{"floor":15,"key":"REST"},{"floor":23,"key":"REST"},{"floor":29,"key":"REST"},{"floor":34,"key":"REST"},{"floor":42,"key":"REST"}],"circlet_count":0,"master_deck":["AscendersBane","Strike_B","Strike_B","Strike_B","Defend_B+1","Defend_B+1","Defend_B+1","Zap+1","Dualcast+1","Multi-Cast","Coolheaded","Sweeping Beam+1","Ball Lightning","conspire:Rain","Genetic Algorithm","Buffer","Chill","Panic Button+1","Loop","Redo","Core Surge","FTL","Capacitor","aspiration:Polymerization+1","Streamline+1","infinitespire:Fortify"],"relics":["FrozenCore","Golden Idol","War Paint","aspiration:TomeofQuesting","halation:OrihimeAndHikoboshiSamaAndTears","conspire:GiftBox","Bronze Scales","Pear","infinitespire:EvilPickle","Tiny House","halation:EternalFortune","halation:Gekota"],"acts_visited":["Exordium","TheCity","TheBeyond"],"potions_floor_usage":[7,13,24,35,35,40,44,44],"damage_taken":[{"damage":9,"enemies":"2 Louse","floor":1,"turns":3},{"damage":0,"enemies":"Small Slimes","floor":2,"turns":2},{"damage":8,"enemies":"Jaw Worm","floor":7,"turns":3},{"damage":15,"enemies":"3 Sentries","floor":10,"turns":5},{"damage":12,"enemies":"Gremlin Gang","floor":11,"turns":4},{"damage":26,"enemies":"Lagavulin","floor":13,"turns":7},{"damage":0,"enemies":"Looter","floor":14,"turns":2},{"damage":42,"enemies":"The Guardian","floor":16,"turns":13},{"damage":48,"enemies":"3 Byrds","floor":18,"turns":5},{"damage":1,"enemies":"Spheric Guardian","floor":19,"turns":7},{"damage":8,"enemies":"3 Cultists","floor":21,"turns":6},{"damage":0,"enemies":"Snecko","floor":24,"turns":9},{"damage":4,"enemies":"Centurion and Healer","floor":33,"turns":6},{"damage":42,"enemies":"Pondfish","floor":35,"turns":14},{"damage":28,"enemies":"3 Shapes","floor":37,"turns":4},{"damage":2,"enemies":"Orb Walker","floor":40,"turns":6},{"damage":53,"enemies":"Reptomancer","floor":44,"turns":3}],"seed_played":"-1536246980474373446","potions_obtained":[{"floor":1,"key":"EssenceOfSteel"},{"floor":2,"key":"DDmod:CleansePotion"},{"floor":11,"key":"Venom Potion"},{"floor":21,"key":"Weak Potion"},{"floor":33,"key":"Adrenaline Potion"},{"floor":35,"key":"Dexterity Potion"},{"floor":36,"key":"FocusPotion"},{"floor":40,"key":"Swift Potion"}],"is_trial":false,"path_per_floor":["M","M","?","?","?","R","M","$","T","E","M","R","E","M","R","B",null,"M","M","$","M","$","R","M","PTL","PTL","HB","T","R","?","?","?","M","R","B",null,"M","?","AVR","M","?","R","?","E"],"character_chosen":"DEFECT","items_purchased":["Loop","conspire:GiftBox"],"campfire_rested":6,"item_purchase_floors":[20,22],"current_hp_per_floor":[59,59,59,44,69,69,61,61,61,46,34,56,30,30,52,10,59,11,10,10,2,2,24,24,24,24,24,24,35,36,36,36,32,46,4,42,14,17,17,15,15,31,31,0,0],"gold":363,"neow_bonus":"TRANSFORM_CARD","is_daily":false,"chose_seed":false,"campfire_upgraded":1,"win_rate":0.0,"timestamp":1611013106,"path_taken":["M","M","?","?","?","R","?","$","T","E","?","R","E","M","R","BOSS","M","M","$","M","$","R","M","PTL","PTL","HB","T","R","?","?","?","M","R","BOSS","M","?","AVR","M","?","R","?","E"],"items_purchased_type":["Card","Relic"],"build_version":"2020-12-22","purchased_purges":1,"victory":false,"max_hp_per_floor":[75,75,75,75,75,75,75,75,75,75,75,75,75,75,75,75,75,75,75,75,75,75,75,75,75,75,38,38,38,48,48,48,48,48,48,53,53,56,56,56,56,56,56,56,56],"card_choices":[{"not_picked":["Go for the Eyes","Turbo"],"picked":"Coolheaded","floor":1},{"not_picked":["Double Energy","Beam Cell"],"picked":"Sweeping Beam","floor":2},{"not_picked":["Turbo","Force Field"],"picked":"Ball Lightning","floor":7},{"not_picked":["Melter","Steam","Cold Snap"],"picked":"SKIP","floor":10},{"not_picked":["ReplayTheSpireMod:Repulse","Coolheaded"],"picked":"conspire:Rain","floor":11},{"not_picked":["Tempest","ReplayGash","Rebound"],"picked":"SKIP","floor":13},{"not_picked":["Sweeping Beam","Cold Snap"],"picked":"Genetic Algorithm","floor":14},{"not_picked":["Multi-Cast","Echo Form"],"picked":"Buffer","floor":16},{"not_picked":["Hologram","Steam Power"],"picked":"Chill","floor":18},{"not_picked":["Compile Driver","ReplaySort"],"picked":"Panic Button+1","floor":19},{"not_picked":["aspiration:Polymerization","Barrage"],"picked":"Redo","floor":21},{"not_picked":["Hyperbeam","Multi-Cast"],"picked":"Core Surge","floor":22},{"not_picked":["ReplayTheSpireMod:Reroute Power","Rebound","Scrape"],"picked":"SKIP","floor":24},{"not_picked":["Stack","ReplaySolidLightProjector"],"picked":"FTL","floor":30},{"not_picked":["Multi-Cast","Loop"],"picked":"Capacitor","floor":30},{"not_picked":["Redo","Gash+1"],"picked":"aspiration:Polymerization+1","floor":33},{"not_picked":["Biased Cognition","ReplayRNGCard"],"picked":"Thunder Strike","floor":35},{"not_picked":["Chill+1","Turbo"],"picked":"Streamline+1","floor":36},{"not_picked":["ReplayGash","Ball Lightning+1","Go for the Eyes+1"],"picked":"SKIP","floor":37},{"not_picked":["Chaos","Leap","Ball Lightning"],"picked":"SKIP","floor":40}],"player_experience":586887,"relics_obtained":[{"floor":9,"key":"War Paint"},{"floor":10,"key":"aspiration:TomeofQuesting"},{"floor":13,"key":"halation:OrihimeAndHikoboshiSamaAndTears"},{"floor":28,"key":"Bronze Scales"},{"floor":30,"key":"Pear"}],"event_choices":[{"damage_healed":0,"gold_gain":0,"player_choice":"Take Wound","damage_taken":0,"relics_obtained":["Golden Idol"],"max_hp_gain":0,"max_hp_loss":0,"event_name":"Golden Idol","floor":3,"gold_loss":0,"cards_obtained":["Injury"]},{"damage_healed":59,"gold_gain":0,"player_choice":"Upgrade","damage_taken":15,"max_hp_gain":0,"max_hp_loss":75,"event_name":"betterThird:BetterShining","floor":4,"gold_loss":0,"cards_upgraded":["Defend_B","Defend_B"]},{"damage_healed":25,"gold_gain":0,"player_choice":"Banana","damage_taken":0,"max_hp_gain":0,"max_hp_loss":0,"event_name":"Big Fish","floor":5,"gold_loss":0},{"cards_removed":["Strike_B"],"damage_healed":0,"gold_gain":0,"player_choice":"Gave Gold","damage_taken":0,"max_hp_gain":0,"max_hp_loss":0,"event_name":"Beggar","floor":31,"gold_loss":75},{"cards_removed":["Thunder Strike"],"damage_healed":0,"gold_gain":0,"player_choice":"Removed Attack","damage_taken":0,"max_hp_gain":0,"max_hp_loss":0,"event_name":"Falling","floor":43,"gold_loss":0}],"is_beta":false,"boss_relics":[{"not_picked":["aspiration:FutureDiary","SacredBark"],"picked":"FrozenCore"},{"not_picked":["Sozu","Replay:Grab Bag"],"picked":"Tiny House"}],"items_purged_floors":[8],"is_endless":false,"potions_floor_spawned":[1,2,11,21,33,35,40],"killed_by":"Reptomancer","ascension_level":12}}