{"host":"njruw0b0uprlitpx","time":1611006810,"event":{"mods":["2.2 Compatiblity","BaseMod","Better Altar","Better Match","Better Note","Better Sensory Stone","Better Skull","Better Third Choice","BetterRewards","Block Reminder","Colored Map","Colored Powertips","Downfall","Energized Spire","Jedi Mod","Keyboard Shortcuts","Minty Spire (QoL Compilation)","Quick Restart","Rare Cards Sparkle","Relic Stats","SacredBarkPlus","Spicy Shops","StSLib","SuperFastMode"],"gold_per_floor":[99,109,34,47,62,62,111,111,111,128,138,82,82,82,82,82,82,82,82,82,17,17,17,17,17,17,17,17,17,17,19,30,128,178,78,94,17,117,131,131,158,184,84,134,38,38,38,38,55,55],"floor_reached":51,"language":"ENG","playtime":30283,"items_purged":["Slimebound:Defend_Slimebound","Slimebound:Strike_Slimebound","Slimebound:Defend_Slimebound"],"score":727,"play_id":"5a2ed622-8002-4ac6-b72d-79dbd375f21d","local_time":"20210118155330","is_ascension_mode":false,"campfire_choices":[{"data":"Slimebound:CorrosiveSpit","floor":1,"key":"SMITH"},{"data":"Slimebound:RallyTheTroops","floor":9,"key":"SMITH"},{"data":"Slimebound:DuplicatedForm","floor":18,"key":"SMITH"},{"data":"Slimebound:LevelUp","floor":26,"key":"SMITH"},{"data":"Slimebound:ForwardTackle","floor":28,"key":"SMITH"},{"data":"Slimebound:MinionMaster","floor":35,"key":"SMITH"},{"data":"Slimebound:FirmFortitude","floor":40,"key":"SMITH"},{"data":"Slimebound:DouseInSlime","floor":43,"key":"SMITH"},{"data":"Slimebound:WasteNot","floor":47,"key":"SMITH"}],"circlet_count":0,"master_deck":["Slimebound:Strike_Slimebound","Slimebound:Strike_Slimebound","Slimebound:Tackle","Slimebound:Defend_Slimebound","Slimebound:Defend_Slimebound","Slimebound:Split","Slimebound:CorrosiveSpit+1","Slimebound:RallyTheTroops+1","Slimebound:LevelUp+1","Slimebound:SlimeBarrage+1","Slimebound:RejuvenatingLick","Slimebound:SplitBruiser","Slimebound:SplitMire","Slimebound:GoopSpray","Slimebound:SlimeTap","Slimebound:ForwardTackle+1","Slimebound:LeechingTouch","Slimebound:Replication","Slimebound:SlimeSpikes","Slimebound:DuplicatedForm+1","Slimebound:Prepare","Slimebound:Equalize+1","Slimebound:DisruptingSlam","Slimebound:SplitLeeching","Slimebound:MegaLick+1","downfall:Icky","Slimebound:WasteNot+1","Slimebound:FirmFortitude+1","Slimebound:ViciousTackle","Slimebound:MinionMaster+1","Slimebound:SplitMire","downfall:Aged","Slimebound:Dissolve","Slimebound:SlimeBarrage","Slimebound:Prepare","Slimebound:DouseInSlime+1","Slimebound:Recollect","downfall:Bewildered","Slimebound:LeadByExample+1"],"relics":["Slimebound:AbsorbEndCombat","downfall:ShatteredFragment","Blood Vial","jedi:ominousloannote","Oddly Smooth Stone","jedi:shrinkray","energizedSpire:CursedPentagram","Meat on the Bone","Vajra","Tiny House","downfall:HeartBlessingGreen","Toy Ornithopter","Juzu Bracelet","downfall:HeartBlessingBlue","hexamod:Sixitude"],"acts_visited":["Exordium","TheCity","TheBeyond"],"potions_floor_usage":[15,16,33,33,33,38,49,50,50,50],"damage_taken":[{"damage":0,"enemies":"2 Louse","floor":2,"turns":2},{"damage":0,"enemies":"Cultist","floor":4,"turns":3},{"damage":9,"enemies":"Jaw Worm","floor":5,"turns":3},{"damage":2,"enemies":"2 Fungi Beasts","floor":10,"turns":3},{"damage":3,"enemies":"Exordium Wildlife","floor":11,"turns":3},{"damage":3,"enemies":"downfall:FleeingMerchant","floor":12,"turns":4},{"damage":0,"enemies":"Lagavulin","floor":13,"turns":4},{"damage":12,"enemies":"Red Slaver","floor":14,"turns":3},{"damage":8,"enemies":"Exordium Thugs","floor":15,"turns":2},{"damage":20,"enemies":"WA_ARCHETYPE_RETAIN","floor":16,"turns":6},{"damage":8,"enemies":"3 Byrds","floor":19,"turns":3},{"damage":24,"enemies":"downfall:FleeingMerchant","floor":21,"turns":4},{"damage":0,"enemies":"Spheric Guardian","floor":23,"turns":3},{"damage":23,"enemies":"Cultist and Chosen","floor":27,"turns":5},{"damage":0,"enemies":"Sentry and Sphere","floor":30,"turns":3},{"damage":0,"enemies":"downfall:FleeingMerchant","floor":31,"turns":3},{"damage":12,"enemies":"Snecko","floor":32,"turns":3},{"damage":30,"enemies":"IC_MUSHROOM_ARCHETYPE","floor":33,"turns":5},{"damage":35,"enemies":"3 Darklings","floor":36,"turns":5},{"damage":36,"enemies":"downfall:LadyInBlue","floor":38,"turns":7},{"damage":24,"enemies":"Orb Walker","floor":39,"turns":3},{"damage":27,"enemies":"Nemesis","floor":42,"turns":5},{"damage":15,"enemies":"Nemesis","floor":44,"turns":3},{"damage":10,"enemies":"Spire Growth","floor":46,"turns":4},{"damage":21,"enemies":"Writhing Mass","floor":49,"turns":3},{"damage":76,"enemies":"SI_POISON_ARCHETYPE","floor":50,"turns":8}],"seed_played":"8943922172492706588","potions_obtained":[{"floor":2,"key":"jedi:hoardpotion"},{"floor":10,"key":"Weak Potion"},{"floor":11,"key":"Regen Potion"},{"floor":16,"key":"Slimebound:SlimedPotion"},{"floor":25,"key":"CultistPotion"},{"floor":25,"key":"sneckomod:MuddlingPotion"},{"floor":29,"key":"downfall:CursedFountainPotion"},{"floor":33,"key":"ColorlessPotion"},{"floor":34,"key":"LiquidMemories"},{"floor":38,"key":"Block Potion"},{"floor":38,"key":"DuplicationPotion"}],"is_trial":false,"path_per_floor":["R","M","?","M","M","?","T","?","R","M","M","$","E","M","M","B",null,"R","M","?","$","T","M","T","?","R","M","R","?","M","$","M","B",null,"R","M","$","?","M","R","T","E","R","?","$","M","R","?","M","B",null],"character_chosen":"SLIMEBOUND","items_purchased":["Slimebound:SlimeTap","jedi:ominousloannote","Slimebound:ForwardTackle","Oddly Smooth Stone","Slimebound:SplitLeeching","Slimebound:FirmFortitude","Slimebound:ViciousTackle","Ancient Potion","PowerPotion"],"campfire_rested":0,"item_purchase_floors":[12,12,12,12,21,31,31,37,45],"current_hp_per_floor":[59,59,59,59,52,34,34,53,53,55,57,59,59,48,49,39,59,59,56,56,55,55,59,59,59,59,51,51,51,59,59,47,52,64,64,58,58,56,59,59,59,56,66,71,71,66,66,66,55,28],"gold":55,"neow_bonus":"THREE_RARE_CARDS","is_daily":false,"chose_seed":false,"campfire_upgraded":9,"win_rate":0.0,"timestamp":1611006810,"path_taken":["R","M","?","?","M","?","T","?","R","M","M","$","E","?","M","BOSS","R","M","?","$","?","M","T","?","R","?","R","?","M","$","M","BOSS","R","M","$","?","?","R","T","E","R","?","?","M","R","?","M","BOSS"],"items_purchased_type":["Card","Relic","Card","Relic","Card","Card","Card","Potion","Potion"],"build_version":"2020-12-22","purchased_purges":3,"victory":true,"max_hp_per_floor":[59,59,59,59,59,59,59,59,59,59,59,59,59,59,59,59,59,59,59,59,59,59,59,59,59,59,59,59,59,59,59,59,59,64,64,64,64,64,64,64,64,64,74,74,74,74,74,74,74,74],"relic_stats":{"Blood Vial":32,"counters":[26,98],"Juzu Bracelet":1,"obtain_stats":[{"downfall:ShatteredFragment":6,"Tiny House":34,"Oddly Smooth Stone":12,"Vajra":24,"hexamod:Sixitude":44,"downfall:HeartBlessingGreen":35,"Juzu Bracelet":42,"jedi:shrinkray":13,"Blood Vial":7,"energizedSpire:CursedPentagram":17,"jedi:ominousloannote":12,"downfall:HeartBlessingBlue":43,"Slimebound:AbsorbEndCombat":0,"Toy Ornithopter":38,"Meat on the Bone":22},{"downfall:ShatteredFragment":3,"Tiny House":18,"Oddly Smooth Stone":6,"Vajra":13,"hexamod:Sixitude":23,"downfall:HeartBlessingGreen":18,"Juzu Bracelet":22,"jedi:shrinkray":7,"Blood Vial":3,"energizedSpire:CursedPentagram":10,"jedi:ominousloannote":6,"downfall:HeartBlessingBlue":22,"Slimebound:AbsorbEndCombat":0,"Toy Ornithopter":20,"Meat on the Bone":12},{"downfall:ShatteredFragment":8,"Tiny House":60,"Oddly Smooth Stone":18,"Vajra":42,"hexamod:Sixitude":83,"downfall:HeartBlessingGreen":60,"Juzu Bracelet":80,"jedi:shrinkray":22,"Blood Vial":8,"energizedSpire:CursedPentagram":32,"jedi:ominousloannote":18,"downfall:HeartBlessingBlue":80,"Slimebound:AbsorbEndCombat":0,"Toy Ornithopter":72,"Meat on the Bone":39}],"Toy Ornithopter":20,"Meat on the Bone":24},"card_choices":[{"not_picked":["Slimebound:Recycling","Slimebound:PrepareCrush"],"picked":"Slimebound:RallyTheTroops","floor":0},{"not_picked":["Slimebound:SlimeSpikes","Slimebound:GoopSpray"],"picked":"Slimebound:LevelUp","floor":2},{"not_picked":["Slimebound:RainOfGoop+1","Slimebound:Gluttony+1"],"picked":"Slimebound:SlimeBarrage+1","floor":3},{"not_picked":["Slimebound:LeechingTouch","Slimebound:SpikyOuterGoop"],"picked":"Slimebound:RejuvenatingLick","floor":4},{"not_picked":["Slimebound:SplitLeeching","Slimebound:SplitAcid"],"picked":"Slimebound:SplitBruiser","floor":5},{"not_picked":["Slimebound:Equalize","Slimebound:DisruptingSlam"],"picked":"Slimebound:SplitMire","floor":10},{"not_picked":["Slimebound:LivingWall","Slimebound:LeechEnergy"],"picked":"Slimebound:GoopSpray","floor":11},{"not_picked":["Slimebound:SplitMire","Slimebound:Grow","Slimebound:AcidTongue"],"picked":"SKIP","floor":12},{"not_picked":["Slimebound:HungryTackle","Slimebound:FlameTackle"],"picked":"Slimebound:LeechingTouch","floor":13},{"not_picked":["Slimebound:ServeAndProtect","Slimebound:SplitBruiser"],"picked":"Slimebound:Replication","floor":14},{"not_picked":["Slimebound:Chomp","Slimebound:Schlurp"],"picked":"Slimebound:SlimeSpikes","floor":15},{"not_picked":["Slimebound:LeechLife","Slimebound:Recycling"],"picked":"Slimebound:DuplicatedForm","floor":16},{"not_picked":["Slimebound:ComboTackle","Slimebound:SplitAcid+1"],"picked":"Slimebound:Prepare","floor":19},{"not_picked":["Slimebound:Grow","Slimebound:LeechEnergy"],"picked":"Slimebound:DisruptingSlam","floor":21},{"not_picked":["Slimebound:GrowthPunch","Slimebound:SlimeSpikes","Slimebound:SplitLeeching"],"picked":"SKIP","floor":23},{"not_picked":["Slimebound:SamplingLick","Slimebound:BestDefense"],"picked":"Slimebound:MegaLick+1","floor":27},{"not_picked":["Slimebound:Prepare","Slimebound:Schlurp","Slimebound:SamplingLick"],"picked":"SKIP","floor":30},{"not_picked":["Slimebound:PressTheAttack","Slimebound:SplitBruiser"],"picked":"Slimebound:WasteNot","floor":31},{"not_picked":["Slimebound:GoopTackle","Slimebound:ComboTackle","Slimebound:SplitLeeching+1"],"picked":"SKIP","floor":32},{"not_picked":["Slimebound:DouseInSlime","Slimebound:LeechLife"],"picked":"Slimebound:MinionMaster","floor":33},{"not_picked":["Slimebound:LivingWall","Slimebound:SamplingLick"],"picked":"Slimebound:SplitMire","floor":34},{"not_picked":["Slimebound:SplitAcid","Slimebound:GoopTackle"],"picked":"Slimebound:Dissolve","floor":36},{"not_picked":["Slimebound:Schlurp+1","Slimebound:FirmFortitude"],"picked":"Slimebound:SlimeBarrage","floor":38},{"not_picked":["Slimebound:ItLooksTasty","Slimebound:SplitBruiser+1"],"picked":"Slimebound:Prepare","floor":39},{"not_picked":["Slimebound:GrowthPunch+1","Slimebound:ComboTackle+1"],"picked":"Slimebound:DouseInSlime","floor":42},{"not_picked":["Slimebound:SpikyOuterGoop+1","Slimebound:SamplingLick"],"picked":"Slimebound:Recollect","floor":44},{"not_picked":["Slimebound:SpikyOuterGoop","Slimebound:SamplingLick","Slimebound:SplitBruiser"],"picked":"SKIP","floor":46},{"not_picked":["Slimebound:FlameTackle","Slimebound:ForwardTackle+1"],"picked":"Slimebound:LeadByExample+1","floor":49}],"player_experience":1447791,"relics_obtained":[{"floor":7,"key":"Blood Vial"},{"floor":13,"key":"jedi:shrinkray"},{"floor":22,"key":"Meat on the Bone"},{"floor":24,"key":"Vajra"},{"floor":38,"key":"Toy Ornithopter"},{"floor":42,"key":"Juzu Bracelet"},{"floor":44,"key":"hexamod:Sixitude"}],"event_choices":[{"damage_healed":0,"gold_gain":0,"player_choice":"2","damage_taken":0,"max_hp_gain":0,"max_hp_loss":0,"event_name":"betterMatch:BetterMatch","floor":3,"gold_loss":0,"cards_obtained":["betterMatch:UncommonCard"]},{"damage_healed":19,"gold_gain":0,"player_choice":"Banana","damage_taken":0,"max_hp_gain":0,"max_hp_loss":0,"event_name":"Big Fish","floor":8,"gold_loss":0},{"damage_healed":0,"gold_gain":0,"player_choice":"Got Potions","damage_taken":0,"max_hp_gain":0,"max_hp_loss":0,"event_name":"Lab","floor":25,"gold_loss":0}],"is_beta":false,"boss_relics":[{"not_picked":["jedi:hotpepper","Slimebound:AbsorbEndCombatUpgraded"],"picked":"energizedSpire:CursedPentagram"},{"not_picked":["energizedSpire:StickyHand","Fusion Hammer"],"picked":"Tiny House"}],"items_purged_floors":[12,12,31],"is_endless":false,"potions_floor_spawned":[2,10,11,16,32,33,38,39,42],"ascension_level":0}}