{"host":"qrbkigq52dd42dk0","time":1611010876,"event":{"mods":["AchievementEnabler","BaseMod","Colored Map","Colored Powertips","Minty Spire (QoL Compilation)","Quick Restart","StSLib","SuperFastMode","The IronCluck"],"gold_per_floor":[113,113,113,113,131,160,174,202,229,259,259,259,285,297,297,297,297],"floor_reached":16,"language":"ENG","playtime":213,"items_purged":[],"score":236,"play_id":"5867f097-fc62-4cec-a7a5-92b49d9dfd31","local_time":"20210119000116","is_ascension_mode":true,"campfire_choices":[{"data":"Whirlwind","floor":11,"key":"SMITH"},{"floor":15,"key":"REST"}],"circlet_count":0,"master_deck":["AscendersBane","Strike_R","Strike_R","Strike_R","Strike_R","Strike_R","Defend_R","Defend_R","Defend_R","Defend_R","Whirlwind+1","Shrug It Off","Entrench"],"relics":["Burning Blood","NeowsBlessing","Paper Frog","CaptainsWheel","Juzu Bracelet","Odd Mushroom","Red Skull","Lantern","Gremlin Horn"],"acts_visited":["Exordium"],"potions_floor_usage":[],"damage_taken":[{"damage":0,"enemies":"Jaw Worm","floor":1,"turns":1},{"damage":0,"enemies":"2 Louse","floor":5,"turns":1},{"damage":0,"enemies":"Gremlin Nob","floor":6,"turns":1},{"damage":8,"enemies":"Small Slimes","floor":7,"turns":2},{"damage":16,"enemies":"The Mushroom Lair","floor":8,"turns":3},{"damage":48,"enemies":"Lagavulin","floor":10,"turns":7},{"damage":15,"enemies":"3 Sentries","floor":13,"turns":3},{"damage":0,"enemies":"2 Fungi Beasts","floor":14,"turns":1},{"damage":36,"enemies":"The Guardian","floor":16,"turns":5}],"seed_played":"367807543229505429","potions_obtained":[{"floor":7,"key":"Dexterity Potion"},{"floor":8,"key":"Block Potion"}],"is_trial":false,"path_per_floor":["M","?","T","?","M","E","M","?","T","E","R","?","E","M","R","B"],"character_chosen":"IRONCLAD","items_purchased":[],"campfire_rested":1,"item_purchase_floors":[],"current_hp_per_floor":[78,83,83,65,71,77,75,65,65,23,23,23,14,20,45,9,9],"gold":297,"neow_bonus":"THREE_ENEMY_KILL","is_daily":false,"chose_seed":false,"campfire_upgraded":1,"win_rate":0.0,"timestamp":1611010876,"path_taken":["M","?","?","?","M","E","M","?","T","E","R","?","E","M","R","BOSS"],"items_purchased_type":[],"build_version":"2020-12-22","purchased_purges":0,"victory":false,"max_hp_per_floor":[80,85,85,85,85,85,85,85,85,85,85,85,85,85,85,85,85],"card_choices":[{"not_picked":["Wild Strike","Clash"],"picked":"Whirlwind","floor":1},{"not_picked":["Hemokinesis","Whirlwind","Disarm"],"picked":"SKIP","floor":5},{"not_picked":["Hemokinesis","Fire Breathing","Combust"],"picked":"SKIP","floor":6},{"not_picked":["True Grit","Wild Strike"],"picked":"Shrug It Off","floor":7},{"not_picked":["Pommel Strike","Corruption","Clothesline"],"picked":"SKIP","floor":10},{"not_picked":["Wild Strike","Rupture"],"picked":"Entrench","floor":13},{"not_picked":["Armaments","True Grit","Fire Breathing"],"picked":"SKIP","floor":14}],"player_experience":196616,"relics_obtained":[{"floor":3,"key":"Paper Frog"},{"floor":6,"key":"Juzu Bracelet"},{"floor":8,"key":"Odd Mushroom"},{"floor":9,"key":"Red Skull"},{"floor":10,"key":"Lantern"},{"floor":13,"key":"Gremlin Horn"}],"event_choices":[{"damage_healed":0,"gold_gain":0,"player_choice":"Donut","damage_taken":0,"max_hp_gain":5,"max_hp_loss":0,"event_name":"Big Fish","floor":2,"gold_loss":0},{"damage_healed":0,"gold_gain":0,"player_choice":"Success","damage_taken":18,"relics_obtained":["CaptainsWheel"],"max_hp_gain":0,"max_hp_loss":0,"event_name":"Scrap Ooze","floor":4,"gold_loss":0},{"damage_healed":0,"gold_gain":0,"player_choice":"Fought Mushrooms","damage_taken":0,"max_hp_gain":0,"max_hp_loss":0,"event_name":"Mushrooms","floor":8,"gold_loss":0},{"cards_removed":["Bash"],"damage_healed":0,"gold_gain":0,"player_choice":"Forget","damage_taken":0,"max_hp_gain":0,"max_hp_loss":0,"event_name":"Living Wall","floor":12,"gold_loss":0}],"is_beta":false,"boss_relics":[],"items_purged_floors":[],"is_endless":false,"potions_floor_spawned":[7,8,10,13],"killed_by":"The Guardian","ascension_level":13}}