{"host":"q9718omregw4er46","time":1611000064,"event":{"mods":["BaseMod","Bestiary","Colored Powertips","Minty Spire (QoL Compilation)","Quick Restart","Relic Stats"],"gold_per_floor":[111,111,128,148,164,164,175,175,225,251,263,293,293,309,309,387,387,398,313,313,330,69,104,116,116,116,116,135,146,146,146,146],"floor_reached":31,"language":"ENG","playtime":755,"items_purged":[],"score":538,"play_id":"c29f3006-013e-4928-8f6c-b560810fb1a4","local_time":"20210119010104","is_ascension_mode":true,"campfire_choices":[{"data":"Loop","floor":6.0,"key":"SMITH"},{"floor":8.0,"key":"REST"},{"data":"Loop","floor":15.0,"key":"SMITH"},{"floor":25.0,"key":"REST"},{"data":"Electrodynamics","floor":27.0,"key":"SMITH"}],"circlet_count":0,"master_deck":["AscendersBane","Strike_B+1","Strike_B+1","Strike_B+1","Strike_B+1","Defend_B+1","Defend_B+1","Defend_B+1","Defend_B+1","Zap","Dualcast+1","Sweeping Beam+1","Loop+1","Ball Lightning+1","Compile Driver+1","Loop+1","Ball Lightning+1","Reboot","Conserve Battery","BootSequence","Electrodynamics+1","Creative AI"],"relics":["Cracked Core","War Paint","Molten Egg 2","Whetstone","Bronze Scales","StrikeDummy","Philosopher\u0027s Stone","InkBottle","Frozen Eye","Ancient Tea Set","Question Card"],"acts_visited":["Exordium","TheCity"],"potions_floor_usage":[31],"damage_taken":[{"damage":0.0,"enemies":"Small Slimes","floor":1.0,"turns":3.0},{"damage":0.0,"enemies":"2 Louse","floor":3.0,"turns":1.0},{"damage":6.0,"enemies":"Cultist","floor":4.0,"turns":3.0},{"damage":8.0,"enemies":"Blue Slaver","floor":5.0,"turns":3.0},{"damage":2.0,"enemies":"2 Fungi Beasts","floor":7.0,"turns":3.0},{"damage":9.0,"enemies":"Gremlin Nob","floor":10.0,"turns":3.0},{"damage":0.0,"enemies":"Looter","floor":11.0,"turns":1.0},{"damage":7.0,"enemies":"Lagavulin","floor":12.0,"turns":5.0},{"damage":1.0,"enemies":"Exordium Thugs","floor":14.0,"turns":3.0},{"damage":18.0,"enemies":"Slime Boss","floor":16.0,"turns":5.0},{"damage":10.0,"enemies":"3 Byrds","floor":18.0,"turns":2.0},{"damage":0.0,"enemies":"Chosen","floor":21.0,"turns":2.0},{"damage":24.0,"enemies":"Book of Stabbing","floor":23.0,"turns":4.0},{"damage":13.0,"enemies":"Centurion and Healer","floor":24.0,"turns":4.0},{"damage":16.0,"enemies":"Shelled Parasite and Fungi","floor":28.0,"turns":3.0},{"damage":0.0,"enemies":"Chosen and Byrds","floor":29.0,"turns":3.0},{"damage":19,"enemies":"Gremlin Leader","floor":31,"turns":2}],"seed_played":"-6616758799781517357","potions_obtained":[{"floor":4.0,"key":"AttackPotion"},{"floor":7.0,"key":"DuplicationPotion"},{"floor":11.0,"key":"BlessingOfTheForge"},{"floor":12.0,"key":"Weak Potion"},{"floor":21.0,"key":"PowerPotion"},{"floor":28.0,"key":"EssenceOfSteel"}],"is_trial":false,"path_per_floor":["M","?","M","M","M","R","M","R","T","E","M","E","?","M","R","B",null,"M","?","?","M","$","E","M","R","T","R","M","M","?","E"],"character_chosen":"DEFECT","items_purchased":["Electrodynamics","Frozen Eye"],"campfire_rested":2,"item_purchase_floors":[22,22],"current_hp_per_floor":[64,46,46,40,32,32,30,51,51,42,42,35,35,34,34,16,57,47,47,47,47,47,23,10,31,31,31,15,15,15,0,0],"gold":146,"neow_bonus":"RANDOM_COMMON_RELIC","is_daily":false,"chose_seed":false,"campfire_upgraded":3,"win_rate":0.0,"timestamp":1611000064,"path_taken":["M","?","M","M","M","R","M","R","T","E","M","E","?","M","R","BOSS","M","?","?","M","$","E","M","R","T","R","M","M","?","E"],"items_purchased_type":["Card","Relic"],"build_version":"2020-12-22","purchased_purges":0,"victory":false,"max_hp_per_floor":[71,71,71,71,71,71,71,71,71,71,71,71,71,71,71,71,71,71,71,71,71,71,71,71,71,71,71,71,71,71,71,71],"relic_stats":{"counters":[17,50],"Bronze Scales":[85],"Whetstone":["Sweeping Beam","Strike_B"],"War Paint":["Defend_B","Dualcast"],"Question Card":2,"obtain_stats":[{"Frozen Eye":22,"Bronze Scales":10,"Molten Egg 2":2,"Philosopher\u0027s Stone":17,"Whetstone":9,"War Paint":0,"Cracked Core":0,"StrikeDummy":12,"Ancient Tea Set":23,"Question Card":26,"InkBottle":19},{"Frozen Eye":12,"Bronze Scales":6,"Molten Egg 2":1,"Philosopher\u0027s Stone":10,"Whetstone":5,"War Paint":0,"Cracked Core":0,"StrikeDummy":8,"Ancient Tea Set":13,"Question Card":14,"InkBottle":11},{"Frozen Eye":34,"Bronze Scales":16,"Molten Egg 2":3,"Philosopher\u0027s Stone":30,"Whetstone":13,"War Paint":0,"Cracked Core":0,"StrikeDummy":22,"Ancient Tea Set":38,"Question Card":42,"InkBottle":32}],"InkBottle":[8]},"card_choices":[{"not_picked":["Stack","Coolheaded"],"picked":"Sweeping Beam","floor":1.0},{"not_picked":["Rip and Tear+1","Storm"],"picked":"Loop","floor":3.0},{"not_picked":["Barrage+1","Streamline+1"],"picked":"Ball Lightning+1","floor":4.0},{"not_picked":["Recycle","Barrage+1","Reinforced Body"],"picked":"SKIP","floor":5.0},{"not_picked":["Streamline+1","Conserve Battery"],"picked":"Compile Driver+1","floor":7.0},{"not_picked":["Amplify","Barrage+1"],"picked":"Loop","floor":10.0},{"not_picked":["Redo","Reprogram","Sweeping Beam+1"],"picked":"SKIP","floor":11.0},{"not_picked":["Sweeping Beam+1","Stack","Skim"],"picked":"SKIP","floor":12.0},{"not_picked":["Conserve Battery","Leap"],"picked":"Ball Lightning+1","floor":14.0},{"not_picked":["Fission","Rainbow"],"picked":"Reboot","floor":16.0},{"not_picked":["Turbo","Hologram"],"picked":"Conserve Battery","floor":18.0},{"not_picked":["Leap+1","Genetic Algorithm"],"picked":"BootSequence","floor":21.0},{"not_picked":["Reinforced Body","Steam","Go for the Eyes+1"],"picked":"SKIP","floor":23.0},{"not_picked":["Sweeping Beam+1","Coolheaded","Compile Driver+1"],"picked":"SKIP","floor":24.0},{"not_picked":["Rebound+1","Barrage+1","Redo","Coolheaded"],"picked":"SKIP","floor":28.0},{"not_picked":["Streamline+1","Gash+1","Rebound+1"],"picked":"Creative AI","floor":29.0}],"player_experience":1226488,"relics_obtained":[{"floor":9.0,"key":"Whetstone"},{"floor":10.0,"key":"Bronze Scales"},{"floor":12.0,"key":"StrikeDummy"},{"floor":23.0,"key":"Ancient Tea Set"},{"floor":26.0,"key":"Question Card"}],"event_choices":[{"damage_healed":0.0,"max_hp_gain":0.0,"max_hp_loss":0.0,"gold_gain":0.0,"event_name":"Scrap Ooze","player_choice":"Success","floor":2.0,"gold_loss":0.0,"damage_taken":18.0,"relics_obtained":["Molten Egg 2"]},{"damage_healed":0.0,"max_hp_gain":0.0,"max_hp_loss":0.0,"gold_gain":0.0,"event_name":"Lab","player_choice":"Got Potions","floor":13.0,"gold_loss":0.0,"damage_taken":0.0},{"damage_healed":0.0,"max_hp_gain":0.0,"max_hp_loss":0.0,"gold_gain":0.0,"event_name":"Addict","player_choice":"Obtained Relic","floor":19.0,"gold_loss":85.0,"damage_taken":0.0,"relics_obtained":["InkBottle"]},{"damage_healed":0.0,"max_hp_gain":0.0,"max_hp_loss":0.0,"gold_gain":0.0,"event_name":"The Mausoleum","player_choice":"Ignored","floor":20.0,"gold_loss":0.0,"damage_taken":0.0},{"damage_healed":0.0,"max_hp_gain":0.0,"max_hp_loss":0.0,"gold_gain":0.0,"event_name":"Back to Basics","player_choice":"Simplicity","floor":30.0,"gold_loss":0.0,"damage_taken":0.0,"cards_upgraded":["Strike_B","Strike_B","Strike_B","Defend_B","Defend_B","Defend_B"]}],"is_beta":false,"boss_relics":[{"not_picked":["Sozu","Fusion Hammer"],"picked":"Philosopher\u0027s Stone"}],"items_purged_floors":[],"is_endless":false,"potions_floor_spawned":[4,7,11,12,21,28],"killed_by":"Gremlin Leader","ascension_level":20}}