{"host":"hg77cm6lvslg446i","time":1611007307,"event":{"mods":["BaseMod","BetterRewards","Minty Spire (QoL Compilation)","Say the Spire","StSLib"],"gold_per_floor":[114,129,129,204,204,242,242,242,267,292,292,292,311,330,330,455,455,474,474,474,24,24,62,62,62,62,100,100,100,125,163,163,288,288,307,307,307,307,307,345,364,364,389,53,53,53,91,154,154,154],"floor_reached":51,"language":"DEU","playtime":1643,"items_purged":[],"score":949,"play_id":"da7b7653-7248-47ac-8a85-abb0a3659c9d","local_time":"20210118230147","daily_mods":["Draft","Flight","Lethality"],"is_ascension_mode":false,"campfire_choices":[{"floor":7,"key":"REST"},{"floor":12,"key":"REST"},{"floor":15,"key":"REST"},{"floor":25,"key":"REST"},{"floor":28,"key":"REST"},{"floor":32,"key":"REST"},{"data":"Heavy Blade","floor":42,"key":"SMITH"},{"data":"Limit Break","floor":46,"key":"SMITH"},{"data":"Heavy Blade","floor":49,"key":"SMITH"}],"circlet_count":0,"master_deck":["Rampage","Metallicize","Clash","Inflame","Heavy Blade+1","Dual Wield","Flex","Anger+1","Armaments","Wild Strike","Limit Break","Heavy Blade","Demon Form","Clash+1","RitualDagger","Inflame","Anger","Limit Break+1","Perfected Strike","Clash","Reaper","Perfected Strike+1","Clothesline+1","Headbutt+1","Clash","Apotheosis","Seeing Red","Perfected Strike","Wild Strike+1","Heavy Blade","Perfected Strike+1","Dramatic Entrance","PanicButton","Impatience","Heavy Blade+1"],"relics":["Burning Blood","Golden Idol","Juzu Bracelet","Tiny Chest","Boot","Omamori","Mark of Pain","Darkstone Periapt","Lizard Tail","DollysMirror","HornCleat","Happy Flower","Lantern","Bird Faced Urn","MutagenicStrength","PreservedInsect","Red Skull","Astrolabe","Eternal Feather","Pocketwatch","Whetstone","Orrery","Nunchaku","Mango"],"acts_visited":["Exordium","TheCity","TheBeyond"],"potions_floor_usage":[16,33,33,50,50,50,50,50,50,50,50,50],"damage_taken":[{"damage":2,"enemies":"Cultist","floor":1,"turns":1},{"damage":0,"enemies":"2 Louse","floor":2,"turns":1},{"damage":41,"enemies":"Lagavulin","floor":6,"turns":4},{"damage":1,"enemies":"Small Slimes","floor":13,"turns":2},{"damage":15,"enemies":"Blue Slaver","floor":14,"turns":2},{"damage":2,"enemies":"Slime Boss","floor":16,"turns":4},{"damage":34,"enemies":"2 Thieves","floor":18,"turns":3},{"damage":26,"enemies":"Book of Stabbing","floor":23,"turns":3},{"damage":42,"enemies":"Slavers","floor":27,"turns":5},{"damage":18,"enemies":"Book of Stabbing","floor":31,"turns":2},{"damage":5,"enemies":"Champ","floor":33,"turns":6},{"damage":0,"enemies":"3 Shapes","floor":35,"turns":2},{"damage":35,"enemies":"Nemesis","floor":40,"turns":3},{"damage":27,"enemies":"3 Darklings","floor":41,"turns":3},{"damage":18,"enemies":"Giant Head","floor":47,"turns":5},{"damage":0,"enemies":"Mind Bloom Boss Battle","floor":48,"turns":3},{"damage":84,"enemies":"Awakened One","floor":50,"turns":7}],"seed_played":"-1283480827410872575","potions_obtained":[{"floor":1,"key":"Energy Potion"},{"floor":6,"key":"HeartOfIron"},{"floor":14,"key":"Weak Potion"},{"floor":18,"key":"SpeedPotion"},{"floor":33,"key":"EssenceOfSteel"},{"floor":47,"key":"EntropicBrew"}],"is_trial":false,"path_per_floor":["M","M","?","?","$","E","R","T","T","T","?","R","M","M","R","B",null,"M","?","T","$","T","E","?","R","T","E","R","?","T","E","R","B",null,"M","?","?","?","T","E","M","R","T","$","?","R","E","?","R","B",null],"character_chosen":"IRONCLAD","items_purchased":["Lizard Tail","DollysMirror","Apotheosis","Orrery"],"campfire_rested":6,"item_purchase_floors":[21,21,44,44],"current_hp_per_floor":[80,80,60,49,49,14,38,38,38,38,38,62,67,58,80,80,80,52,46,46,46,46,26,26,50,50,14,38,38,38,26,50,59,80,80,80,80,80,80,51,54,69,69,69,59,77,73,94,94,22],"gold":154,"neow_bonus":"","is_daily":true,"chose_seed":false,"campfire_upgraded":3,"win_rate":0.0,"timestamp":1611007307,"path_taken":["M","?","?","?","?","E","R","?","T","?","?","R","M","M","R","BOSS","M","?","?","$","?","E","?","R","T","E","R","?","?","E","R","BOSS","M","?","?","?","?","E","M","R","T","$","?","R","E","?","R","BOSS"],"items_purchased_type":["Relic","Relic","Card","Relic"],"build_version":"2020-12-22","purchased_purges":0,"victory":true,"max_hp_per_floor":[80,80,80,80,80,80,80,80,80,80,80,80,80,80,80,80,80,80,80,80,80,80,80,80,80,80,80,80,80,80,80,80,80,80,80,80,80,80,80,80,80,80,80,80,80,80,80,94,94,94],"card_choices":[{"not_picked":["Second Wind","True Grit"],"picked":"Rampage","floor":0},{"not_picked":["Cleave","Feel No Pain"],"picked":"Metallicize","floor":0},{"not_picked":["Anger","Hemokinesis"],"picked":"Flex","floor":0},{"not_picked":["Twin Strike","Armaments"],"picked":"Clash","floor":0},{"not_picked":["Sword Boomerang","Armaments"],"picked":"Hemokinesis","floor":0},{"not_picked":["Cleave","Sentinel"],"picked":"Inflame","floor":0},{"not_picked":["Wild Strike","Entrench"],"picked":"Iron Wave","floor":0},{"not_picked":["True Grit","Cleave"],"picked":"Heavy Blade","floor":0},{"not_picked":["Cleave","Thunderclap"],"picked":"Dual Wield","floor":0},{"not_picked":["Dropkick","Armaments"],"picked":"Flex","floor":0},{"not_picked":["True Grit","Feel No Pain"],"picked":"Anger","floor":0},{"not_picked":["Anger","Clothesline"],"picked":"Sentinel","floor":0},{"not_picked":["True Grit","Anger"],"picked":"Armaments","floor":0},{"not_picked":["Armaments","Flex"],"picked":"Wild Strike","floor":0},{"not_picked":["Warcry","Shrug It Off"],"picked":"Bloodletting","floor":0},{"not_picked":["Body Slam","True Grit","Cleave"],"picked":"SKIP","floor":1},{"not_picked":["Flex","Anger","Wild Strike"],"picked":"SKIP","floor":2},{"not_picked":["Havoc","Heavy Blade"],"picked":"Limit Break","floor":6},{"not_picked":["Combust","Heavy Blade","True Grit"],"picked":"SKIP","floor":13},{"not_picked":["Thunderclap","Sword Boomerang"],"picked":"Heavy Blade","floor":14},{"not_picked":["Corruption","Impervious"],"picked":"Demon Form","floor":16},{"not_picked":["Iron Wave","Fire Breathing"],"picked":"Clash","floor":18},{"not_picked":["Sword Boomerang","Disarm"],"picked":"Anger","floor":23},{"not_picked":["Intimidate","Cleave+1"],"picked":"Perfected Strike","floor":27},{"not_picked":["Ghostly Armor","Combust+1"],"picked":"Clash","floor":31},{"not_picked":["Exhume","Bludgeon"],"picked":"Reaper","floor":33},{"not_picked":["Pommel Strike+1","Sword Boomerang+1"],"picked":"Clash","floor":35},{"not_picked":["Cleave","Armaments+1","Thunderclap+1"],"picked":"SKIP","floor":40},{"not_picked":["Fire Breathing+1","Dropkick+1","True Grit"],"picked":"SKIP","floor":41},{"not_picked":["Warcry","Pommel Strike+1"],"picked":"Seeing Red","floor":44},{"not_picked":["Flex","Juggernaut"],"picked":"Perfected Strike","floor":44},{"not_picked":["Combust","Clothesline+1"],"picked":"Wild Strike+1","floor":44},{"not_picked":["Whirlwind","Wild Strike+1"],"picked":"Heavy Blade","floor":44},{"not_picked":["Clothesline+1","Bloodletting"],"picked":"Perfected Strike+1","floor":44},{"not_picked":["Jack Of All Trades","Bandage Up"],"picked":"Dramatic Entrance","floor":45},{"not_picked":["Dark Shackles","Madness"],"picked":"PanicButton","floor":45},{"not_picked":["Purity","The Bomb"],"picked":"Impatience","floor":45},{"not_picked":["Combust","Body Slam","Cleave+1"],"picked":"SKIP","floor":47},{"not_picked":["Havoc+1","Feel No Pain+1"],"picked":"Heavy Blade","floor":48}],"player_experience":120106,"relics_obtained":[{"floor":6,"key":"Juzu Bracelet"},{"floor":8,"key":"Tiny Chest"},{"floor":9,"key":"Boot"},{"floor":10,"key":"Omamori"},{"floor":20,"key":"Darkstone Periapt"},{"floor":22,"key":"HornCleat"},{"floor":23,"key":"Happy Flower"},{"floor":26,"key":"Lantern"},{"floor":27,"key":"Bird Faced Urn"},{"floor":30,"key":"PreservedInsect"},{"floor":31,"key":"Red Skull"},{"floor":39,"key":"Eternal Feather"},{"floor":40,"key":"Pocketwatch"},{"floor":43,"key":"Whetstone"},{"floor":47,"key":"Nunchaku"},{"floor":48,"key":"Mango"}],"event_choices":[{"damage_healed":0,"gold_gain":0,"player_choice":"Take Damage","damage_taken":20,"relics_obtained":["Golden Idol"],"max_hp_gain":0,"max_hp_loss":0,"event_name":"Golden Idol","floor":3,"gold_loss":0},{"damage_healed":0,"gold_gain":75,"player_choice":"Gather Gold","damage_taken":11,"max_hp_gain":0,"max_hp_loss":0,"event_name":"World of Goop","floor":4,"gold_loss":0},{"cards_removed":["Bloodletting"],"damage_healed":0,"gold_gain":0,"player_choice":"Card Removal","damage_taken":0,"max_hp_gain":0,"max_hp_loss":0,"event_name":"Wheel of Change","floor":11,"gold_loss":0},{"damage_healed":0,"gold_gain":0,"player_choice":"Joined the Cult","damage_taken":6,"max_hp_gain":0,"max_hp_loss":0,"event_name":"Nest","floor":19,"gold_loss":0,"cards_obtained":["RitualDagger"]},{"damage_healed":0,"gold_gain":0,"player_choice":"Copied","damage_taken":0,"max_hp_gain":0,"max_hp_loss":0,"event_name":"Duplicator","floor":24,"gold_loss":0,"cards_obtained":["Limit Break"]},{"damage_healed":0,"gold_gain":0,"player_choice":"Inject Mutagens","damage_taken":0,"relics_obtained":["MutagenicStrength"],"max_hp_gain":0,"max_hp_loss":0,"event_name":"Drug Dealer","floor":29,"gold_loss":0},{"cards_removed":["Sentinel"],"damage_healed":0,"gold_gain":0,"player_choice":"Removed Skill","damage_taken":0,"max_hp_gain":0,"max_hp_loss":0,"event_name":"Falling","floor":36,"gold_loss":0},{"damage_healed":0,"gold_gain":0,"player_choice":"Ignored","damage_taken":0,"max_hp_gain":0,"max_hp_loss":0,"event_name":"SecretPortal","floor":37,"gold_loss":0},{"damage_healed":20,"gold_gain":0,"player_choice":"Writhe","damage_taken":0,"max_hp_gain":0,"max_hp_loss":0,"event_name":"Winding Halls","floor":38,"gold_loss":0,"cards_obtained":["Writhe"]},{"damage_healed":0,"gold_gain":0,"player_choice":"Memory 3","damage_taken":10,"max_hp_gain":0,"max_hp_loss":0,"event_name":"SensoryStone","floor":45,"gold_loss":0},{"damage_healed":0,"gold_gain":0,"player_choice":"Fight","damage_taken":0,"max_hp_gain":0,"max_hp_loss":0,"event_name":"MindBloom","floor":48,"gold_loss":0}],"is_beta":false,"boss_relics":[{"not_picked":["Runic Dome","Sozu"],"picked":"Mark of Pain"},{"not_picked":["Velvet Choker","Coffee Dripper"],"picked":"Astrolabe"}],"items_purged_floors":[],"is_endless":false,"potions_floor_spawned":[1,6,14,18,27,33,47],"ascension_level":0}}