{"host":"tq99ucv8ezzqzioe","time":1611012928,"event":{"mods":["BaseMod","Colored Map","Downfall","Highlight Path","Minty Spire (QoL Compilation)","StSLib"],"gold_per_floor":[99,199,217,231,43,54,108,8,19,4,18,51,62,91,105,105,105],"floor_reached":16,"language":"ENG","playtime":1186,"items_purged":[],"score":114,"play_id":"e6b470b1-74bb-4f52-9997-9c88b93b484b","local_time":"20210118183528","is_ascension_mode":false,"campfire_choices":[{"floor":1,"key":"RECALL"},{"data":"bronze:ForLoop","floor":8,"key":"SMITH"}],"circlet_count":0,"master_deck":["bronze:Strike","bronze:Strike","bronze:Strike","bronze:Strike","bronze:Defend","bronze:Defend","bronze:Defend","bronze:Defend","bronze:Replicate","bronze:Goto","bronze:GetLatest","bronze:ForLoop+1","bronze:DigitalCarnage","expansioncontent:StudyTheSpire","bronze:WhirlingStrike","bronze:ClassDefault","bronze:DelayedSlice","bronze:GetLatest","bronze:HyperBeam","bronze:Overheat","bronze:Mutator","bronze:DarkDash"],"relics":["bronze:BronzeCore","downfall:HeartBlessingRed","Kunai","The Courier"],"acts_visited":["Exordium"],"potions_floor_usage":[14,14,14],"damage_taken":[{"damage":1,"enemies":"Cultist","floor":3,"turns":3},{"damage":1,"enemies":"Jaw Worm","floor":4,"turns":4},{"damage":0,"enemies":"downfall:FleeingMerchant","floor":5,"turns":4},{"damage":0,"enemies":"Small Slimes","floor":6,"turns":2},{"damage":14,"enemies":"Blue Slaver","floor":9,"turns":3},{"damage":5,"enemies":"downfall:FleeingMerchant","floor":10,"turns":4},{"damage":0,"enemies":"3 Louse","floor":11,"turns":3},{"damage":14,"enemies":"Gremlin Nob","floor":12,"turns":4},{"damage":0,"enemies":"2 Fungi Beasts","floor":13,"turns":2},{"damage":19,"enemies":"3 Sentries","floor":14,"turns":6},{"damage":17,"enemies":"Red Slaver","floor":15,"turns":2},{"damage":8,"enemies":"DF_ARCHETYPE_STREAMLINE","floor":16,"turns":2}],"seed_played":"-7484475509141536687","potions_obtained":[{"floor":3,"key":"bronze:CleanCodePotion"},{"floor":4,"key":"PowerPotion"},{"floor":9,"key":"ColorlessPotion"},{"floor":13,"key":"bronze:BuildAFunctionPotion"},{"floor":15,"key":"Block Potion"}],"is_trial":false,"path_per_floor":["R","?","M","M","$","M","T","R","M","$","M","E","M","E","M","B"],"character_chosen":"THE_AUTOMATON","items_purchased":["expansioncontent:StudyTheSpire"],"campfire_rested":0,"item_purchase_floors":[5],"current_hp_per_floor":[77,77,76,75,75,75,75,75,61,56,56,42,42,23,6,0,0],"gold":105,"neow_bonus":"TEN_PERCENT_HP_BONUS","is_daily":false,"chose_seed":false,"campfire_upgraded":1,"win_rate":0.0,"timestamp":1611012928,"path_taken":["R","?","M","M","$","M","T","R","M","$","M","E","M","E","M","BOSS"],"items_purchased_type":["Card"],"build_version":"2020-12-22","purchased_purges":0,"victory":false,"max_hp_per_floor":[77,77,77,77,77,77,77,77,77,77,77,77,77,77,77,77,77],"card_choices":[{"not_picked":["bronze:MaxOutput","bronze:DarkDash"],"picked":"bronze:GetLatest","floor":3},{"not_picked":["bronze:Overload","bronze:Invalidate"],"picked":"bronze:ForLoop","floor":4},{"not_picked":["bronze:OilSpill","bronze:Iterate"],"picked":"bronze:DigitalCarnage","floor":5},{"not_picked":["bronze:Overload","bronze:DelayedGuard"],"picked":"bronze:WhirlingStrike","floor":6},{"not_picked":["bronze:ForceShield","bronze:DelayedGuard"],"picked":"bronze:ClassDefault","floor":9},{"not_picked":["bronze:BitShift","bronze:Frontload"],"picked":"bronze:DelayedSlice","floor":10},{"not_picked":["bronze:ForceShield","bronze:Deprecate"],"picked":"bronze:GetLatest","floor":11},{"not_picked":["bronze:Fortify","bronze:BronzeArmor"],"picked":"bronze:HyperBeam","floor":12},{"not_picked":["bronze:Shield","bronze:OilSpill"],"picked":"bronze:Overheat","floor":13},{"not_picked":["bronze:WhirlingStrike","bronze:BugBarrage"],"picked":"bronze:Mutator","floor":14},{"not_picked":["bronze:DelayedGuard","bronze:ChosenStrike"],"picked":"bronze:DarkDash","floor":15}],"player_experience":695206,"relics_obtained":[{"floor":12,"key":"Kunai"},{"floor":14,"key":"The Courier"}],"event_choices":[],"is_beta":false,"boss_relics":[],"items_purged_floors":[],"is_endless":false,"potions_floor_spawned":[3,4,9,13,15],"killed_by":"DF_ARCHETYPE_STREAMLINE","ascension_level":0}}