{"host":"qj49eghpaxba70kv","time":1611009367,"event":{"mods":["ATMod(∞¢Ë™Mod)","Act Like it!","Arknights The Spire","Aspiration","BaseMod","Dota2Spire","Energized Spire","Gensokyo","GungeonMod","Hermit","Hunter ¡‘»À","Koishi","Luminous","Minty Spire (QoL Compilation)","Pale of the Ancients","Permanent Neow","Prisma Mod","Quick Restart","Reimu£®≤©¿ˆ¡È√Œ£©","Replay The Spire","Robot Space Explorer","StSLib","The Administrix","The Construct","The Hierophant","The Jungle","The Marked","The Senshi","UnlockEverythingMod","[GremlinLeader]The Maniac","vexMod","°æπ¶ƒ‹Mod°øªÏ„Á÷Æª∑–ﬁ∏¥≤π∂°","°æ“≈ŒÔø®≈∆°øREMEMod","ÛÙª÷∏ƒœ"],"gold_per_floor":[16,16,0,18,18,49,49,93,93,109,34,34,68,68,68,198,298,313,327,341,357,357,357,382,397,442,487,487,487,487,487,487,505,505,642,642,674,700,725,749,749,749],"floor_reached":41,"language":"ZHS","playtime":1912,"items_purged":["Strike_B"],"score":456,"play_id":"7d7db487-68d7-436a-9b23-ef59e998a0f8","local_time":"20210118163607","is_ascension_mode":false,"campfire_choices":[{"data":"RobotSpaceExplorer:DroneSwarm","floor":7.0,"key":"SMITH"},{"data":"AT_ThreeBodyProblem","floor":12.0,"key":"SMITH"},{"data":"White Noise","floor":15.0,"key":"SMITH"},{"data":"Static Discharge","floor":23,"key":"SMITH"},{"floor":29,"key":"RECALL"},{"floor":32,"key":"REST"},{"floor":34,"key":"REST"}],"circlet_count":0,"master_deck":["Strike_B","Strike_B","Defend_B","Defend_B","Zap","Dualcast","AT_ShrugMaster","RobotSpaceExplorer:DroneSwarm+1","Static Discharge+1","AT_ThreeBodyProblem+1","White Noise+1","AT_HeatAcrobatics+1","BasicCrystalCard+1","J.A.X.+1","Core Surge","Self Repair","Defragment+1"],"relics":["Cracked Core","AT_ATBox","REME_ComplimentaryCards","Golden Idol","aspiration:HummingbirdHeart","Singing Bowl","AT_GuinsooRageblade","Omamori","Replay:Wanted Poster","CeramicFish","DemoMod:PartiallyEatenCheese","Sozu","AT_BellDemon","Prayer Wheel","ReplayTheSpireMod:Shallot"],"acts_visited":["Exordium","TheCity","TheBeyond"],"potions_floor_usage":[],"damage_taken":[{"damage":7.0,"enemies":"Small Slimes","floor":1.0,"turns":2.0},{"damage":4.0,"enemies":"Jaw Worm","floor":4.0,"turns":4.0},{"damage":1.0,"enemies":"Lagavulin","floor":6.0,"turns":7.0},{"damage":3.0,"enemies":"3 Sentries","floor":8.0,"turns":5.0},{"damage":0.0,"enemies":"2 Louse","floor":10.0,"turns":2.0},{"damage":19.0,"enemies":"Gremlin Nob","floor":13.0,"turns":5.0},{"damage":1.0,"enemies":"Fading Forest","floor":16.0,"turns":11.0},{"damage":9.0,"enemies":"Spheric Guardian","floor":18.0,"turns":5.0},{"damage":5.0,"enemies":"Shell Parasite","floor":19.0,"turns":6.0},{"damage":0,"enemies":"Snake Plant","floor":20,"turns":5},{"damage":0,"enemies":"Centurion and Healer","floor":21,"turns":9},{"damage":18,"enemies":"3 Cultists","floor":24,"turns":5},{"damage":12,"enemies":"Snake Plant","floor":25,"turns":3},{"damage":24,"enemies":"Book of Stabbing","floor":27,"turns":5},{"damage":0,"enemies":"Centurion and Healer","floor":33,"turns":5},{"damage":14,"enemies":"Champ","floor":35,"turns":7},{"damage":3,"enemies":"Orb Walker","floor":37,"turns":4},{"damage":19,"enemies":"3 Darklings","floor":39,"turns":4},{"damage":40,"enemies":"Jaw Worm Horde","floor":40,"turns":4},{"damage":53,"enemies":"Spire Growth","floor":41,"turns":4}],"seed_played":"-186921977859659931","potions_obtained":[{"floor":1.0,"key":"Dexterity Potion"},{"floor":4.0,"key":"Dexterity Potion"},{"floor":13.0,"key":"AttackPotion"},{"floor":18.0,"key":"Weak Potion"},{"floor":19.0,"key":"FocusPotion"},{"floor":21,"key":"ZuzhouPotion:ReiMu"}],"is_trial":false,"path_per_floor":["M","?","?","M","?","E","R","E","T","M","$","R","E","T","R","B",null,"M","M","M","M","?","R","M","M","T","E","?","R","PTL","PTL","R","M","R","B",null,"M","T","M","M","M"],"character_chosen":"DEFECT","items_purchased":[],"campfire_rested":2,"item_purchase_floors":[],"current_hp_per_floor":[68,50,50,46,39,38,38,37,37,39,39,39,20,20,20,31,81,72,69,69,71,71,71,53,43,43,19,19,19,19,19,45,54,80,73,89,89,89,81,52,0,0],"gold":749,"neow_bonus":"REMOVE_TWO","is_daily":false,"chose_seed":false,"campfire_upgraded":4,"win_rate":0.0,"timestamp":1611009367,"path_taken":["M","?","?","M","?","E","R","E","T","M","$","R","E","?","R","BOSS","M","M","M","M","?","R","M","M","T","E","?","R","PTL","PTL","R","M","R","BOSS","M","?","M","M","?"],"items_purchased_type":[],"build_version":"2020-12-22","purchased_purges":1,"victory":false,"max_hp_per_floor":[75,75,75,75,75,75,75,77,77,79,79,79,79,79,79,81,81,81,83,83,85,85,85,85,87,87,87,87,87,87,87,87,89,89,89,89,89,89,93,97,97,97],"card_choices":[{"not_picked":["Crystallizer","Rebound"],"picked":"Static Discharge","floor":1.0},{"not_picked":["Go for the Eyes","Undo","Coolheaded"],"picked":"SKIP","floor":4.0},{"not_picked":["Auto Shields","Leap"],"picked":"AT_ThreeBodyProblem","floor":6.0},{"not_picked":["Fusion","Stack","Buffer"],"picked":"Singing Bowl","floor":8.0},{"not_picked":["Steam","Rebound","Skim"],"picked":"Singing Bowl","floor":10.0},{"not_picked":["REME_Compress","Sweeping Beam"],"picked":"White Noise","floor":13.0},{"not_picked":["Biased Cognition","ReplayRNGCard","Hyperbeam"],"picked":"Singing Bowl","floor":16.0},{"not_picked":["Recycle","Streamline","Redo"],"picked":"AT_HeatAcrobatics+1","floor":18.0},{"not_picked":["ReplayTheSpireMod:Repulse","REME_Compress","Coolheaded"],"picked":"Singing Bowl","floor":19.0},{"not_picked":["Doom and Gloom","BootSequence"],"picked":"BasicCrystalCard+1","floor":20},{"not_picked":["Machine Learning","Gash","Go for the Eyes"],"picked":"Singing Bowl","floor":21},{"not_picked":["ReplaySort+1","Go for the Eyes"],"picked":"Core Surge","floor":24},{"not_picked":["Lockon+1","Go for the Eyes","Leap"],"picked":"Singing Bowl","floor":25},{"not_picked":["Chaos+1","Panic Button"],"picked":"Self Repair","floor":27},{"not_picked":["Steam","Scrape","ReplayTheSpireMod:Reroute Power"],"picked":"Singing Bowl","floor":33},{"not_picked":["REME_Shoggoth","Echo Form"],"picked":"ReplayTheSpireMod:Fabricate Wheel","floor":35},{"not_picked":["Capacitor+1","AT_WarpDrive+1"],"picked":"Defragment+1","floor":37},{"not_picked":["Streamline","AT_DarkMatter","ReplaySolidLightProjector+1"],"picked":"Singing Bowl","floor":39},{"not_picked":["Crystallizer","Redo+1","Aggregate"],"picked":"Singing Bowl","floor":39},{"not_picked":["Tempest+1","Hologram","Fusion"],"picked":"Singing Bowl","floor":40},{"not_picked":["AT_WaterDrop","Gash","Compile Driver+1"],"picked":"Singing Bowl","floor":40}],"player_experience":53995,"relics_obtained":[{"floor":6.0,"key":"aspiration:HummingbirdHeart"},{"floor":8.0,"key":"Singing Bowl"},{"floor":9.0,"key":"AT_GuinsooRageblade"},{"floor":13.0,"key":"Omamori"},{"floor":26,"key":"CeramicFish"},{"floor":27,"key":"DemoMod:PartiallyEatenCheese"},{"floor":38,"key":"AT_BellDemon"},{"floor":40,"key":"ReplayTheSpireMod:Shallot"}],"event_choices":[{"damage_healed":0.0,"max_hp_gain":0.0,"max_hp_loss":0.0,"gold_gain":0.0,"event_name":"Golden Idol","player_choice":"Take Damage","floor":2.0,"gold_loss":0.0,"damage_taken":18.0,"relics_obtained":["Golden Idol"]},{"cards_removed":["Defend_B"],"damage_healed":0.0,"max_hp_gain":0.0,"max_hp_loss":0.0,"gold_gain":0.0,"event_name":"Golden Wing","player_choice":"Card Removal","floor":5.0,"gold_loss":0.0,"damage_taken":7.0},{"damage_healed":0,"gold_gain":0,"player_choice":"Obtain J.A.X.","damage_taken":0,"max_hp_gain":0,"max_hp_loss":0,"event_name":"Drug Dealer","floor":22,"gold_loss":0,"cards_obtained":["J.A.X."]},{"damage_healed":0,"gold_gain":0,"player_choice":"Forge","damage_taken":0,"max_hp_gain":0,"max_hp_loss":0,"event_name":"Accursed Blacksmith","floor":28,"gold_loss":0,"cards_upgraded":["J.A.X."]}],"is_beta":false,"boss_relics":[{"not_picked":["Replay:Drink Me","REME_DemonsWealth"],"picked":"Replay:Wanted Poster"},{"not_picked":["REME_LowDesire","Coffee Dripper"],"picked":"Sozu"}],"items_purged_floors":[11],"is_endless":false,"potions_floor_spawned":[1,4,13,18,19,21,27,35,37],"killed_by":"Spire Growth","ascension_level":0}}