{"host":"fkig9nrckec4xsh0","time":1611013134,"event":{"mods":["BaseMod","Colored Map","Minty Spire (QoL Compilation)","Quick Restart","Replay The Spire","StSLib"],"gold_per_floor":[115,127,38,57,96,122,122,72,72,72,99,99,115,125,125,225,225,245,245,257,257,273,303,303,303,303],"floor_reached":25,"language":"ENG","playtime":1226,"items_purged":[],"score":335,"play_id":"1e0b27d7-2c3c-4734-a466-f79288dab97c","local_time":"20210118183854","is_ascension_mode":true,"campfire_choices":[{"data":"Mayhem","floor":7,"key":"SMITH"},{"data":"Sneak Up","floor":10,"key":"SMITH"},{"floor":15,"key":"REST"},{"floor":24,"key":"REST"}],"circlet_count":0,"master_deck":["Strike_G","Defend_G","Defend_G","Defend_G","Defend_G","Defend_G","Survivor","Neutralize","Mayhem+1","Hidden Blade","Deadly Poison","Deadly Poison+1","Poisoned Stab","Sneak Up+1","Venomology","Night Terror","Outmaneuver","Footwork","Corpse Explosion","Footwork+1","Poisoned Stab","Hidden Blade+1","ReplayTheSpireMod:Scrap Shanks","Dodge and Roll+1","Adrenaline"],"relics":["Ring of the Snake","Prayer Wheel","TungstenRod","Kunai","Philosopher\u0027s Stone","Ninja Scroll"],"acts_visited":["Exordium","TheCity"],"potions_floor_usage":[6,6,11,13,13,14,14,16,16,18,20,22,23,23,25],"damage_taken":[{"damage":2,"enemies":"2 Louse","floor":1,"turns":3},{"damage":6,"enemies":"Small Slimes","floor":2,"turns":5},{"damage":4,"enemies":"Jaw Worm","floor":4,"turns":4},{"damage":6,"enemies":"Gremlin Nob","floor":6,"turns":3},{"damage":11,"enemies":"Lagavulin","floor":11,"turns":7},{"damage":0,"enemies":"Exordium Wildlife","floor":13,"turns":3},{"damage":0,"enemies":"3 Louse","floor":14,"turns":3},{"damage":10,"enemies":"Hexaghost","floor":16,"turns":11},{"damage":2,"enemies":"Shell Parasite","floor":18,"turns":6},{"damage":10,"enemies":"3 Byrds","floor":20,"turns":3},{"damage":9,"enemies":"Snake Plant","floor":22,"turns":4},{"damage":30,"enemies":"Slavers","floor":23,"turns":4},{"damage":34,"enemies":"Book of Stabbing","floor":25,"turns":4}],"seed_played":"-5711010159327946651","potions_obtained":[{"floor":5,"key":"Explosive Potion"},{"floor":5,"key":"DistilledChaos"},{"floor":5,"key":"SneckoOil"},{"floor":11,"key":"Languid Potion"},{"floor":14,"key":"SpeedPotion"},{"floor":16,"key":"Fire Potion"},{"floor":20,"key":"GamblersBrew"}],"is_trial":false,"path_per_floor":["M","M","$","M","?","E","R","?","T","R","E","?","M","M","R","B",null,"M","?","M","?","M","E","R","E"],"character_chosen":"THE_SILENT","items_purchased":["Deadly Poison+1","Poisoned Stab"],"campfire_rested":2,"item_purchase_floors":[3,3],"current_hp_per_floor":[43,37,37,33,33,27,27,27,27,27,16,10,10,10,31,21,58,56,56,46,46,37,7,28,0,0],"gold":303,"neow_bonus":"RANDOM_COLORLESS_2","is_daily":false,"chose_seed":false,"campfire_upgraded":2,"win_rate":0.0,"timestamp":1611013134,"path_taken":["M","M","$","M","?","E","R","?","T","R","E","?","M","?","R","BOSS","M","?","M","?","M","E","R","E"],"items_purchased_type":["Card","Card"],"build_version":"2020-12-22","purchased_purges":0,"victory":false,"max_hp_per_floor":[70,70,70,70,70,70,70,70,70,70,70,70,70,70,70,70,70,70,70,70,70,70,70,70,70,70],"card_choices":[{"not_picked":["ReplayTheSpireMod:Necrogeddon","Transmutation"],"picked":"Mayhem","floor":0},{"not_picked":["Well Laid Plans","Quick Slash"],"picked":"Hidden Blade","floor":1},{"not_picked":["Dagger Spray","ReplayTheSpireMod:Necrosis"],"picked":"Deadly Poison","floor":2},{"not_picked":["Bane","Hidden Blade"],"picked":"Sneak Up","floor":4},{"not_picked":["Deadly Poison","Acrobatics"],"picked":"Venomology","floor":6},{"not_picked":["Slice","Acrobatics"],"picked":"Night Terror","floor":11},{"not_picked":["Setup","Deadly Poison"],"picked":"Outmaneuver","floor":13},{"not_picked":["Masterful Stab","Heel Hook","Deflect"],"picked":"SKIP","floor":13},{"not_picked":["Prepared","Backstab"],"picked":"Footwork","floor":14},{"not_picked":["Prepared","Dagger Spray","Blur"],"picked":"SKIP","floor":14},{"not_picked":["Burst","Adrenaline"],"picked":"Corpse Explosion","floor":16},{"not_picked":["Flying Knee","Sucker Punch"],"picked":"Footwork+1","floor":18},{"not_picked":["Outmaneuver","Flechettes"],"picked":"Poisoned Stab","floor":18},{"not_picked":["ReplayTheSpireMod:Speed Training","Underhanded Strike+1"],"picked":"Hidden Blade+1","floor":20},{"not_picked":["Blade Dance","Backstab","Well Laid Plans+1"],"picked":"SKIP","floor":20},{"not_picked":["Dagger Throw","Cloak And Dagger"],"picked":"Dodge and Roll+1","floor":22},{"not_picked":["Prepared","Accuracy","Deflect"],"picked":"SKIP","floor":22},{"not_picked":["Well Laid Plans+1","ReplayTheSpireMod:Speed Training"],"picked":"Adrenaline","floor":23}],"player_experience":359734,"relics_obtained":[{"floor":6,"key":"Prayer Wheel"},{"floor":9,"key":"TungstenRod"},{"floor":11,"key":"Kunai"},{"floor":23,"key":"Ninja Scroll"}],"event_choices":[{"cards_removed":["Strike_G"],"damage_healed":0,"gold_gain":0,"player_choice":"Card Removal","damage_taken":0,"max_hp_gain":0,"max_hp_loss":0,"event_name":"The Cleric","floor":8,"gold_loss":50},{"cards_removed":["Strike_G"],"damage_healed":0,"gold_gain":0,"player_choice":"Card Removal","damage_taken":7,"max_hp_gain":0,"max_hp_loss":0,"event_name":"Golden Wing","floor":12,"gold_loss":0},{"cards_removed":["Strike_G"],"damage_healed":0,"gold_gain":0,"player_choice":"Elegance","damage_taken":0,"max_hp_gain":0,"max_hp_loss":0,"event_name":"Back to Basics","floor":19,"gold_loss":0},{"damage_healed":0,"gold_gain":0,"cards_transformed":["Strike_G"],"player_choice":"Transformed","damage_taken":0,"max_hp_gain":0,"max_hp_loss":0,"event_name":"Transmorgrifier","floor":21,"gold_loss":0,"cards_obtained":["ReplayTheSpireMod:Scrap Shanks"]}],"is_beta":false,"boss_relics":[{"not_picked":["HoveringKite","Snecko Eye"],"picked":"Philosopher\u0027s Stone"}],"items_purged_floors":[],"is_endless":false,"potions_floor_spawned":[11,14,16,20],"killed_by":"Book of Stabbing","ascension_level":9}}