{"host":"5c3kjl7nos5i2inu","time":1611010833,"event":{"mods":["AchievementEnabler","BaseMod","Dark Map","Downfall","Hermit","Minty Spire (QoL Compilation)","StSLib"],"gold_per_floor":[116,116,116,131,149,149,160,160,160,179,25,53,63,80,80,181,181,198,198,55,75,75,75,75,75],"floor_reached":24,"language":"ENG","playtime":1590,"items_purged":["Writhe"],"score":298,"play_id":"a3c0f178-d8d3-4dd4-ab69-4a291ea8cb54","local_time":"20210118180033","is_ascension_mode":false,"campfire_choices":[{"data":"Deadly Poison","floor":6,"key":"SMITH"},{"data":"Flying Knee","floor":8,"key":"SMITH"},{"floor":15,"key":"REST"},{"data":"Sucker Punch","floor":23,"key":"SMITH"}],"circlet_count":0,"master_deck":["Strike_G+1","Strike_G+1","Strike_G+1","Strike_G+1","Defend_G+1","Defend_G+1","Defend_G+1","Defend_G+1","Defend_G+1","Survivor+1","Neutralize","Night Terror","Deadly Poison+1","Backstab","Crippling Poison","Flying Knee+1","Slice","Deadly Poison","Sucker Punch+1","Noxious Fumes","Dash","Dodge and Roll","Terror","Die Die Die","CurseOfTheBell","Dodge and Roll","Finisher","Bane"],"relics":["Ring of the Snake","Bottled Lightning","Centennial Puzzle","Calling Bell","Regal Pillow","Pear","Gambling Chip","Bag of Preparation"],"acts_visited":["Exordium","TheCity"],"potions_floor_usage":[4,12,16,21],"damage_taken":[{"damage":1,"enemies":"Jaw Worm","floor":1,"turns":5},{"damage":5,"enemies":"2 Louse","floor":4,"turns":3},{"damage":1,"enemies":"Cultist","floor":5,"turns":4},{"damage":0,"enemies":"Looter","floor":7,"turns":3},{"damage":1,"enemies":"3 Louse","floor":10,"turns":3},{"damage":25,"enemies":"Gremlin Nob","floor":12,"turns":4},{"damage":12,"enemies":"Large Slime","floor":13,"turns":2},{"damage":0,"enemies":"Looter","floor":14,"turns":3},{"damage":35,"enemies":"The Guardian","floor":16,"turns":9},{"damage":7,"enemies":"Chosen","floor":18,"turns":4},{"damage":2,"enemies":"Shell Parasite","floor":21,"turns":6},{"damage":72,"enemies":"Gremlin Leader","floor":24,"turns":6}],"seed_played":"-7126013942259449076","potions_obtained":[{"floor":1,"key":"Swift Potion"},{"floor":7,"key":"FearPotion"},{"floor":10,"key":"sneckomod:MuddlingPotion"},{"floor":12,"key":"SneckoOil"}],"is_trial":false,"path_per_floor":["M","?","?","M","M","R","M","R","T","M","$","E","M","M","R","B",null,"M","?","$","M","?","R","E"],"character_chosen":"THE_SILENT","items_purchased":["Deadly Poison","Sucker Punch","Noxious Fumes","Finisher"],"campfire_rested":1,"item_purchase_floors":[11,11,11,20],"current_hp_per_floor":[69,62,62,57,56,56,56,56,56,55,55,30,18,18,39,4,80,73,73,73,71,71,71,0,0],"gold":75,"neow_bonus":"ONE_RANDOM_RARE_CARD","is_daily":false,"chose_seed":false,"campfire_upgraded":3,"win_rate":0.0,"timestamp":1611010833,"path_taken":["M","?","?","?","M","R","M","R","T","M","$","E","M","M","R","BOSS","M","?","$","M","?","R","E"],"items_purchased_type":["Card","Card","Card","Card"],"build_version":"2020-12-22","purchased_purges":1,"victory":false,"max_hp_per_floor":[70,70,70,70,70,70,70,70,70,70,70,70,70,70,70,70,80,80,80,80,80,80,80,80,80],"card_choices":[{"not_picked":["Setup","Sucker Punch"],"picked":"Deadly Poison","floor":1},{"not_picked":["Prepared","Leg Sweep"],"picked":"Backstab","floor":4},{"not_picked":["PiercingWail","Backstab"],"picked":"Crippling Poison","floor":5},{"not_picked":["Flechettes","Predator"],"picked":"Flying Knee","floor":7},{"not_picked":["Escape Plan","Acrobatics"],"picked":"Slice","floor":10},{"not_picked":["Blade Dance","Tactician"],"picked":"Dash","floor":12},{"not_picked":["Bouncing Flask","Footwork"],"picked":"Dodge and Roll","floor":13},{"not_picked":["Backstab","PiercingWail"],"picked":"Terror","floor":14},{"not_picked":["Burst","Venomology"],"picked":"Die Die Die","floor":16},{"not_picked":["Deadly Poison","Outmaneuver"],"picked":"Dodge and Roll","floor":18},{"not_picked":["Well Laid Plans","Flying Knee"],"picked":"Bane","floor":21}],"player_experience":102727,"relics_obtained":[{"floor":9,"key":"Bottled Lightning"},{"floor":12,"key":"Centennial Puzzle"},{"floor":17,"key":"Regal Pillow"},{"floor":17,"key":"Pear"},{"floor":17,"key":"Gambling Chip"}],"event_choices":[{"cards_removed":["Strike_G"],"damage_healed":0,"gold_gain":0,"player_choice":"Card Removal","damage_taken":7,"max_hp_gain":0,"max_hp_loss":0,"event_name":"Golden Wing","floor":2,"gold_loss":0},{"damage_healed":0,"gold_gain":0,"player_choice":"Forge","damage_taken":0,"max_hp_gain":0,"max_hp_loss":0,"event_name":"Accursed Blacksmith","floor":3,"gold_loss":0,"cards_upgraded":["Survivor"]},{"damage_healed":0,"gold_gain":0,"player_choice":"Opened","damage_taken":0,"relics_obtained":["Bag of Preparation"],"max_hp_gain":0,"max_hp_loss":0,"event_name":"The Mausoleum","floor":19,"gold_loss":0,"cards_obtained":["Writhe"]},{"damage_healed":0,"gold_gain":0,"player_choice":"Simplicity","damage_taken":0,"max_hp_gain":0,"max_hp_loss":0,"event_name":"Back to Basics","floor":22,"gold_loss":0,"cards_upgraded":["Strike_G","Strike_G","Strike_G","Strike_G","Defend_G","Defend_G","Defend_G","Defend_G","Defend_G"]}],"is_beta":false,"boss_relics":[{"not_picked":["HoveringKite","Coffee Dripper"],"picked":"Calling Bell"}],"items_purged_floors":[20],"is_endless":false,"potions_floor_spawned":[1,7,10,12],"killed_by":"Gremlin Leader","ascension_level":0}}