{"host":"pno9h1fupbyz205f","time":1611011161,"event":{"mods":["Aspiration","BaseMod","Better Altar","Better Match","Better Note","Better Sensory Stone","Better Skull","Better Third Choice","Colored Map","Colored Powertips","Hermit","Highlight Path","Hubris","Infinite Spire","Jedi Mod","Mad Scientist","Marisa????????","Minty Spire (QoL Compilation)","Permanent Neow","Potionbrewer","Prisma Mod","Replay The Spire","Robot Space Explorer","Shop Mod","Spicy Shops","StSLib","Td1madao Mod","The Blackbeard","The Gatherer","The Hierophant","The Marked","The Poker Player","The Runesmith","The Servant 0.9.4","The Spell Scribe","The Vixen","thorton","vexMod"],"gold_per_floor":[110,130,55,69,85,85,113,113,140,152,185,198,217,68,68,163,163,183,201,201,216,141,166,166,166,190,209,54,54,67,97,97,192,192,192,6,6,6,6,34,45,45,70,85,85,85,85,85,85,185,185,185],"floor_reached":51,"language":"ENG","playtime":2077,"items_purged":["RobotSpaceExplorer:Defend","RobotSpaceExplorer:Strike","RobotSpaceExplorer:Defend","RobotSpaceExplorer:Defend","Wraith"],"score":775,"play_id":"bb5c84ca-1b0c-486e-9b4d-412d869e8adb","local_time":"20210118150601","is_ascension_mode":false,"campfire_choices":[{"data":"RobotSpaceExplorer:DroneSwarm","floor":6.0,"key":"SMITH"},{"data":"infinitespire:Execution","floor":24.0,"key":"SMITH"},{"data":"RobotSpaceExplorer:DualCore","floor":32.0,"key":"SMITH"},{"data":"infinitespire:NeuralNetwork","floor":42.0,"key":"SMITH"}],"circlet_count":0,"master_deck":["RobotSpaceExplorer:Strike","RobotSpaceExplorer:Strike","RobotSpaceExplorer:Defend+1","RobotSpaceExplorer:Scan","RobotSpaceExplorer:DroneSwarm+1","RobotSpaceExplorer:Calculate+1","RobotSpaceExplorer:JunkDive","RobotSpaceExplorer:ScrapMissile+1","RobotSpaceExplorer:GearShield+1","RobotSpaceExplorer:LuckyStrike","RobotSpaceExplorer:Autoloader+1","RobotSpaceExplorer:LuckyStrike","RobotSpaceExplorer:Accelerator","RobotSpaceExplorer:ScrapMissile","RobotSpaceExplorer:TurboDodge","infinitespire:Execution+1","RobotSpaceExplorer:DualCore+1","RobotSpaceExplorer:Ammunition","RobotSpaceExplorer:Scanner","infinitespire:NeuralNetwork+1","RobotSpaceExplorer:LaserBurst","RobotSpaceExplorer:Probe","RobotSpaceExplorer:Probe+1","RobotSpaceExplorer:Explosion","hubris:DuctTapeCard"],"relics":["RobotSpaceExplorer:RoboCore","Matryoshka","aspiration:ChemicalBlood","Regal Pillow","Anchor","infinitespire:Cupcake","Whetstone","Shuriken","hubris:TenFootPole","Ancient Tea Set","jedi:arcanewood","aspiration:Lifesprig","hubris:Reverence","MerchantsRug","vexMod:Spyglass","Orichalcum","hubris:DuctTape","The Courier","Happy Flower","hubris:Towel","RobotSpaceExplorer:SearchSpecs"],"acts_visited":["Exordium","TheCity","TheBeyond"],"potions_floor_usage":[],"damage_taken":[{"damage":4.0,"enemies":"Jaw Worm","floor":1.0,"turns":4.0},{"damage":0.0,"enemies":"Cultist","floor":2.0,"turns":4.0},{"damage":1.0,"enemies":"2 Louse","floor":4.0,"turns":3.0},{"damage":0.0,"enemies":"Gremlin Gang","floor":5.0,"turns":5.0},{"damage":13.0,"enemies":"Gremlin Nob","floor":7.0,"turns":5.0},{"damage":0.0,"enemies":"Exordium Wildlife","floor":10.0,"turns":3.0},{"damage":4.0,"enemies":"Lagavulin","floor":11.0,"turns":7.0},{"damage":4.0,"enemies":"3 Louse","floor":12.0,"turns":4.0},{"damage":2.0,"enemies":"2 Fungi Beasts","floor":13.0,"turns":4.0},{"damage":31.0,"enemies":"Hexaghost","floor":16.0,"turns":8.0},{"damage":5.0,"enemies":"3 Byrds","floor":18.0,"turns":4.0},{"damage":3.0,"enemies":"Spheric Guardian","floor":19.0,"turns":4.0},{"damage":4.0,"enemies":"Snecko","floor":21.0,"turns":6.0},{"damage":0.0,"enemies":"Nightmare","floor":23.0,"turns":7.0},{"damage":5.0,"enemies":"Snake Plant","floor":27.0,"turns":4.0},{"damage":0.0,"enemies":"Sentry and Sphere","floor":30.0,"turns":4.0},{"damage":0.0,"enemies":"Gremlin Leader","floor":31.0,"turns":5.0},{"damage":0.0,"enemies":"Champ","floor":33.0,"turns":3.0},{"damage":0.0,"enemies":"3 Darklings","floor":35.0,"turns":1.0},{"damage":11.0,"enemies":"R_Hoarder","floor":40.0,"turns":6.0},{"damage":0.0,"enemies":"Orb Walker","floor":41.0,"turns":2.0},{"damage":0.0,"enemies":"Maw","floor":44.0,"turns":3.0},{"damage":8.0,"enemies":"Donu and Deca","floor":50.0,"turns":6.0}],"seed_played":"5097299061037986081","potions_obtained":[{"floor":1.0,"key":"LifebloodPotion"},{"floor":5.0,"key":"Languid Potion"},{"floor":11.0,"key":"SpeedPotion"},{"floor":13.0,"key":"SmokeBomb"},{"floor":16.0,"key":"FearPotion"},{"floor":16.0,"key":"Block Potion"},{"floor":21.0,"key":"potionbrewer:BlacksmithPotion"},{"floor":27.0,"key":"potionbrewer:MidasPotion"},{"floor":30.0,"key":"ColorlessPotion"},{"floor":33.0,"key":"CultistPotion"},{"floor":40.0,"key":"SteroidPotion"},{"floor":41.0,"key":"potionbrewer:NoxiousPotion"},{"floor":48.0,"key":"EntropicBrew"},{"floor":48.0,"key":"Doom Potion"}],"is_trial":false,"path_per_floor":["M","M","$","M","M","R","E","?","T","M","E","M","M","$","R_BF","B",null,"M","M","?","M","?","NM","R","AVR","T","M","$","T","M","E","R","B",null,"M","$","?","AVR","T","E","M","R","T","M","?","?","$","?","R_BF","B",null],"character_chosen":"RobotSpaceExplorer","items_purchased":["RobotSpaceExplorer:LuckyStrike","aspiration:Lifesprig","MerchantsRug","vexMod:Spyglass"],"campfire_rested":0,"item_purchase_floors":[14,28,36,36],"current_hp_per_floor":[71,71,71,70,70,70,57,57,57,57,53,49,47,47,75,44,75,70,67,67,63,63,63,63,63,63,58,58,58,58,58,58,58,75,75,75,75,75,75,64,64,64,64,64,64,64,64,64,75,67,75,75],"gold":185,"neow_bonus":"ONE_RANDOM_RARE_CARD","is_daily":false,"chose_seed":false,"campfire_upgraded":4,"win_rate":0.0,"timestamp":1611011161,"path_taken":["M","M","$","M","M","R","E","?","T","?","E","M","M","$","R_BF","BOSS","M","?","?","?","?","NM","R","AVR","T","M","$","?","M","E","R","BOSS","M","$","?","AVR","?","E","M","R","T","M","?","?","$","?","R_BF","BOSS"],"items_purchased_type":["Card","Relic","Relic","Relic"],"build_version":"2020-12-22","purchased_purges":5,"victory":false,"max_hp_per_floor":[75,75,75,75,75,75,75,75,75,75,75,75,75,75,75,75,75,75,75,75,75,75,75,75,75,75,75,75,75,75,75,75,75,75,75,75,75,75,75,75,75,75,75,75,75,75,75,75,75,75,75,75],"card_choices":[{"not_picked":["RobotSpaceExplorer:MiniDrones","RobotSpaceExplorer:Pulsar"],"picked":"RobotSpaceExplorer:Calculate","floor":1.0},{"not_picked":["RobotSpaceExplorer:SlimeMissile","RobotSpaceExplorer:PowerGlove"],"picked":"RobotSpaceExplorer:JunkDive","floor":2.0},{"not_picked":["RobotSpaceExplorer:SurgingStrike","RobotSpaceExplorer:Ammunition"],"picked":"RobotSpaceExplorer:ScrapMissile","floor":4.0},{"not_picked":["RobotSpaceExplorer:Ammunition","RobotSpaceExplorer:MetalStrike"],"picked":"RobotSpaceExplorer:GearShield","floor":5.0},{"not_picked":["RobotSpaceExplorer:ToxicBomb","RobotSpaceExplorer:SurgingShield","RobotSpaceExplorer:FranticSearch"],"picked":"SKIP","floor":7.0},{"not_picked":["RobotSpaceExplorer:Probe","RobotSpaceExplorer:StarLightning"],"picked":"RobotSpaceExplorer:LuckyStrike","floor":10.0},{"not_picked":["RobotSpaceExplorer:Probe","RobotSpaceExplorer:MiniDrones"],"picked":"RobotSpaceExplorer:Autoloader","floor":11.0},{"not_picked":["RobotSpaceExplorer:LaserBurst","RobotSpaceExplorer:PowerCollector","RobotSpaceExplorer:StarDust"],"picked":"SKIP","floor":12.0},{"not_picked":["RobotSpaceExplorer:Blitz","RobotSpaceExplorer:Counterblock","RobotSpaceExplorer:ShovelStrike"],"picked":"SKIP","floor":13.0},{"not_picked":["RobotSpaceExplorer:BlastShield","RobotSpaceExplorer:Autoloader"],"picked":"RobotSpaceExplorer:Accelerator","floor":16.0},{"not_picked":["RobotSpaceExplorer:ImprovisedAttack","RobotSpaceExplorer:ShockKick","RobotSpaceExplorer:Pulsar"],"picked":"SKIP","floor":18.0},{"not_picked":["RobotSpaceExplorer:StunGrenade+1","RobotSpaceExplorer:GlueSpray"],"picked":"RobotSpaceExplorer:Exploration","floor":19.0},{"not_picked":["RobotSpaceExplorer:FrostMissile","RobotSpaceExplorer:DoubleBlock"],"picked":"RobotSpaceExplorer:ScrapMissile","floor":21.0},{"not_picked":["RobotSpaceExplorer:PowerGlove","RobotSpaceExplorer:Blitz"],"picked":"RobotSpaceExplorer:TurboDodge","floor":22.0},{"not_picked":["ReplayTheSpireMod:Chaos Vortex","infinitespire:Menacing"],"picked":"infinitespire:Execution","floor":23.0},{"not_picked":["RobotSpaceExplorer:Accelerator","RobotSpaceExplorer:FreezeRay"],"picked":"RobotSpaceExplorer:DualCore","floor":23.0},{"not_picked":["RobotSpaceExplorer:DoubleFind","RobotSpaceExplorer:Smokescreen","RobotSpaceExplorer:GlueShot"],"picked":"SKIP","floor":27.0},{"not_picked":["RobotSpaceExplorer:ScrapShield","RobotSpaceExplorer:Blitz+1"],"picked":"RobotSpaceExplorer:Ammunition","floor":30.0},{"not_picked":["RobotSpaceExplorer:Blitz","RobotSpaceExplorer:Electropulse"],"picked":"RobotSpaceExplorer:Probe","floor":31.0},{"not_picked":["RobotSpaceExplorer:Comet","RobotSpaceExplorer:BlastShield"],"picked":"RobotSpaceExplorer:Scanner","floor":33.0},{"not_picked":["RobotSpaceExplorer:BigMissile+1","RobotSpaceExplorer:PlasmaMissile"],"picked":"RobotSpaceExplorer:LaserBurst","floor":40.0},{"not_picked":["RobotSpaceExplorer:StunGrenade+1","RobotSpaceExplorer:Blitz+1"],"picked":"RobotSpaceExplorer:Probe","floor":41.0},{"not_picked":["RobotSpaceExplorer:ImprovisedAttack","RobotSpaceExplorer:GlueShot"],"picked":"RobotSpaceExplorer:Probe+1","floor":44.0},{"not_picked":["RobotSpaceExplorer:Comet","RobotSpaceExplorer:Accelerator"],"picked":"RobotSpaceExplorer:Explosion","floor":50.0}],"player_experience":204713,"relics_obtained":[{"floor":7.0,"key":"Matryoshka"},{"floor":9.0,"key":"aspiration:ChemicalBlood"},{"floor":9.0,"key":"Regal Pillow"},{"floor":11.0,"key":"Anchor"},{"floor":21.0,"key":"Whetstone"},{"floor":23.0,"key":"Shuriken"},{"floor":26.0,"key":"Ancient Tea Set"},{"floor":26.0,"key":"jedi:arcanewood"},{"floor":29.0,"key":"hubris:Reverence"},{"floor":31.0,"key":"hubris:TenFootPole"},{"floor":39.0,"key":"hubris:DuctTape"},{"floor":40.0,"key":"The Courier"},{"floor":43.0,"key":"Happy Flower"}],"event_choices":[{"damage_healed":0.0,"max_hp_gain":0.0,"max_hp_loss":0.0,"gold_gain":0.0,"event_name":"The Woman in Blue","player_choice":"Bought 0 Potions","floor":8.0,"gold_loss":0.0,"damage_taken":0.0},{"damage_healed":0.0,"max_hp_gain":0.0,"max_hp_loss":0.0,"gold_gain":0.0,"event_name":"Accursed Blacksmith","player_choice":"Forge","floor":20.0,"gold_loss":0.0,"damage_taken":0.0,"cards_upgraded":["RobotSpaceExplorer:Autoloader"]},{"damage_healed":0.0,"max_hp_gain":0.0,"max_hp_loss":0.0,"gold_gain":0.0,"event_name":"betterMatch:BetterMatch","player_choice":"1","floor":22.0,"gold_loss":0.0,"damage_taken":0.0,"cards_obtained":["betterMatch:UncommonCard"]},{"damage_healed":0.0,"max_hp_gain":0.0,"max_hp_loss":0.0,"gold_gain":0.0,"event_name":"OrinTheCat","player_choice":"Ignored","floor":37.0,"gold_loss":0.0,"damage_taken":0.0},{"cards_removed":["RobotSpaceExplorer:Strike"],"damage_healed":0.0,"max_hp_gain":0.0,"max_hp_loss":0.0,"gold_gain":0.0,"event_name":"Falling","player_choice":"Removed Attack","floor":45.0,"gold_loss":0.0,"damage_taken":0.0},{"damage_healed":0.0,"max_hp_gain":0.0,"max_hp_loss":0.0,"gold_gain":0.0,"event_name":"Lab","player_choice":"Got Potions","floor":48.0,"gold_loss":0.0,"damage_taken":0.0}],"is_beta":false,"boss_relics":[{"not_picked":["Philosopher\u0027s Stone","Coffee Dripper"],"picked":"infinitespire:Cupcake"},{"not_picked":["Astrolabe","Replay:Ancient Bell"],"picked":"Velvet Choker"},{"not_picked":["aspiration:RunicSpoon","vexMod:MysteryBossChallenge"],"picked":"RobotSpaceExplorer:SearchSpecs"}],"items_purged_floors":[3,14,25,36,38],"is_endless":true,"potions_floor_spawned":[1,5,11,13,16,21,27,30,33,35,40,41],"ascension_level":0}}