{"host":"z5ogtnuuoxgup8y1","time":1611007375,"event":{"mods":["BaseMod","Better Third Choice","BetterRewards","Hermit","Hubris","Jorbs\u0027s Wanderer Trilogy","Minty Spire (QoL Compilation)","Replay The Spire","Spicy Shops","StSLib","The Cursed","The Disciple","The Hierophant","The Jungle","The Runesmith"],"gold_per_floor":[118,135,145,162,162,188,188,204,204,236,252,284,0,0,0,72,72,84,102,120,132,146,146,179,198,198,227,227,246,22,35,35,109,109,123,123,143,161,161,190,190,41,41,71,87,104,104,123,123,123],"floor_reached":51,"language":"ENG","playtime":2603,"items_purged":["Strike_P","Strike_P","Strike_P","Doubt"],"score":1899,"play_id":"0f164c86-184a-4487-8d50-90aef6e96a9d","local_time":"20210118220255","is_ascension_mode":true,"campfire_choices":[{"floor":7.0,"key":"REST"},{"data":"Pot Of Greed","floor":15.0,"key":"SMITH"},{"data":"Pot Of Greed","floor":15.0,"key":"SMITH"},{"data":"Wallop","floor":23.0,"key":"SMITH"},{"data":"Blasphemy","floor":23.0,"key":"SMITH"},{"data":"Pot Of Greed","floor":28.0,"key":"SMITH"},{"data":"WindmillStrike","floor":28.0,"key":"SMITH"},{"data":"BattleHymn","floor":41.0,"key":"SMITH"},{"data":"SignatureMove","floor":41.0,"key":"SMITH"},{"data":"Scrawl","floor":47.0,"key":"SMITH"},{"data":"hubris:DuctTapeCard","floor":47.0,"key":"SMITH"},{"data":"Protect","floor":49.0,"key":"SMITH"},{"data":"EmptyBody","floor":49.0,"key":"SMITH"}],"circlet_count":0,"master_deck":["AscendersBane","Defend_P","Defend_P","Defend_P","Defend_P","Eruption+1","Vigilance","Conclude+1","BattleHymn+1","ThirdEye","BowlingBash","SignatureMove+1","Protect+1","EmptyBody+1","Halt","Pot Of Greed+1","Pot Of Greed+1","Blasphemy+1","Tantrum+1","WindmillStrike+1","Wallop+1","Pot Of Greed+1","Consecrate+1","Evaluate+1","Scrawl+1","JustLucky+1","MentalFortress+1","Pot Of Greed+1","MentalFortress+1","Prostrate+1","hubris:DuctTapeCard"],"relics":["HolyWater","Membership Card","Blood Vial","Counterbalance","Replay:Arrowhead","Oddly Smooth Stone","hubris:CuriousFeather","Incense Burner","Letter Opener","Orichalcum","Runesmith:Nanobots","Toy Ornithopter","Bronze Scales","Grinning Jar","Whetstone","Cursed Key","hubris:DuctTape","Sundial","Nunchaku","Calipers","hubris:FunFungus","Bottled Flame","OrangePellets","Gremlin Food","Replay:Rubber Ducky"],"acts_visited":["Exordium","TheCity","TheBeyond"],"potions_floor_usage":[],"damage_taken":[{"damage":4.0,"enemies":"2 Louse","floor":1.0,"turns":3.0},{"damage":0.0,"enemies":"Jaw Worm","floor":2.0,"turns":2.0},{"damage":0.0,"enemies":"Cultist","floor":3.0,"turns":3.0},{"damage":2.0,"enemies":"2 Fungi Beasts","floor":4.0,"turns":3.0},{"damage":14.0,"enemies":"Gremlin Nob","floor":6.0,"turns":3.0},{"damage":6.0,"enemies":"Exordium Wildlife","floor":8.0,"turns":2.0},{"damage":10.0,"enemies":"Lagavulin","floor":10.0,"turns":6.0},{"damage":0.0,"enemies":"Blue Slaver","floor":11.0,"turns":3.0},{"damage":7.0,"enemies":"3 Sentries","floor":12.0,"turns":3.0},{"damage":0.0,"enemies":"Fading Forest","floor":16.0,"turns":11.0},{"damage":0.0,"enemies":"3 Byrds","floor":18.0,"turns":2.0},{"damage":0.0,"enemies":"Shell Parasite","floor":19.0,"turns":2.0},{"damage":0.0,"enemies":"Snecko","floor":20.0,"turns":3.0},{"damage":6.0,"enemies":"Centurion and Healer","floor":21.0,"turns":4.0},{"damage":1.0,"enemies":"Shelled Parasite and Fungi","floor":22.0,"turns":4.0},{"damage":0.0,"enemies":"Gremlin Leader","floor":24.0,"turns":3.0},{"damage":0.0,"enemies":"3 Cultists","floor":25.0,"turns":3.0},{"damage":0.0,"enemies":"Book of Stabbing","floor":27.0,"turns":5.0},{"damage":0.0,"enemies":"Snecko","floor":29.0,"turns":2.0},{"damage":0.0,"enemies":"Shelled Parasite and Fungi","floor":31.0,"turns":3.0},{"damage":34.0,"enemies":"Automaton","floor":33.0,"turns":8.0},{"damage":0.0,"enemies":"3 Darklings","floor":35.0,"turns":1.0},{"damage":0.0,"enemies":"3 Shapes","floor":37.0,"turns":1.0},{"damage":0.0,"enemies":"Transient","floor":38.0,"turns":5.0},{"damage":0.0,"enemies":"R_Hoarder","floor":40.0,"turns":6.0},{"damage":12.0,"enemies":"Giant Head","floor":44.0,"turns":5.0},{"damage":0.0,"enemies":"Jaw Worm Horde","floor":45.0,"turns":2.0},{"damage":15.0,"enemies":"Writhing Mass","floor":46.0,"turns":2.0},{"damage":0.0,"enemies":"Spire Growth","floor":48.0,"turns":3.0},{"damage":40,"enemies":"Awakened One","floor":50,"turns":7}],"seed_played":"-1978245843716265912","potions_obtained":[{"floor":2.0,"key":"Toxic Potion"},{"floor":8.0,"key":"Weak Potion"},{"floor":10.0,"key":"GamblersBrew"},{"floor":22.0,"key":"LifebloodPotion"},{"floor":27.0,"key":"ColorlessPotion"},{"floor":29.0,"key":"Energy Potion"},{"floor":48.0,"key":"Adrenaline Potion"}],"is_trial":false,"path_per_floor":["M","M","M","M","?","E","R","M","T","E","M","E","$","?","R","B",null,"M","M","M","M","M","R","E","M","T","E","R","M","$","M","R","B",null,"M","?","M","M","?","E","R","$","T","E","M","M","R","M","R","B",null],"character_chosen":"WATCHER","items_purchased":["Membership Card","Conclude","Blood Vial","FlurryOfBlows","Prostrate","Oddly Smooth Stone","BattleHymn","AttackPotion","Bronze Scales","Grinning Jar","Whetstone","Calipers","hubris:FunFungus","OrangePellets","Gremlin Food"],"campfire_rested":1,"item_purchase_floors":[0,0,0,0,0,0,0,0,13,13,13,30,30,42,42],"current_hp_per_floor":[21,23,25,25,25,13,34,30,30,22,24,19,19,82,82,82,82,82,82,82,76,77,77,82,82,82,82,82,82,82,82,82,49,74,76,76,78,82,82,82,82,82,82,70,72,65,65,68,68,31],"gold":123,"neow_bonus":"","is_daily":false,"chose_seed":false,"campfire_upgraded":12,"win_rate":0.0,"timestamp":1611007375,"path_taken":["M","M","M","M","?","E","R","M","T","E","M","E","$","?","R","BOSS","M","M","M","M","?","R","E","M","T","E","R","M","$","M","R","BOSS","M","?","?","M","?","E","R","$","T","E","?","M","R","M","R","BOSS"],"items_purchased_type":["Relic","Card","Relic","Card","Card","Relic","Card","Potion","Relic","Relic","Relic","Relic","Relic","Relic","Relic"],"build_version":"2020-12-22","purchased_purges":4,"victory":true,"max_hp_per_floor":[72,72,72,72,72,72,72,72,72,72,72,72,72,82,82,82,82,82,82,82,82,82,82,82,82,82,82,82,82,82,82,82,82,82,82,82,82,82,82,82,82,82,82,82,82,82,82,82,82,82],"card_choices":[{"not_picked":["FlyingSleeves","Replay:ManipulateFuture"],"picked":"ThirdEye","floor":1.0},{"not_picked":["Conclude","Vengeance"],"picked":"BowlingBash","floor":2.0},{"not_picked":["ThirdEye","Prostrate"],"picked":"SignatureMove","floor":3.0},{"not_picked":["Wireheading","SignatureMove","ThirdEye"],"picked":"SKIP","floor":4.0},{"not_picked":["SashWhip","Sanctity"],"picked":"FollowUp","floor":6.0},{"not_picked":["Replay:Battleflow","PathToVictory"],"picked":"Protect","floor":8.0},{"not_picked":["Replay:Cycle","Pray"],"picked":"EmptyBody","floor":10.0},{"not_picked":["SashWhip","ReachHeaven"],"picked":"Halt","floor":11.0},{"not_picked":["BattleHymn","Halt"],"picked":"MasterReality","floor":12.0},{"not_picked":["LessonLearned","Ragnarok"],"picked":"Blasphemy","floor":16.0},{"not_picked":["ClearTheMind","FlyingSleeves"],"picked":"Tantrum+1","floor":18.0},{"not_picked":["EmptyFist","SandsOfTime"],"picked":"WindmillStrike","floor":19.0},{"not_picked":["ClearTheMind","Replay:DivineShield","Pray"],"picked":"SKIP","floor":20.0},{"not_picked":["EmptyMind","LikeWater","Crescendo"],"picked":"SKIP","floor":21.0},{"not_picked":["Replay:Cycle","ClearTheMind"],"picked":"Wallop","floor":22.0},{"not_picked":["BowlingBash","ClearTheMind","Replay:DivineShield"],"picked":"SKIP","floor":24.0},{"not_picked":["BowlingBash","Tantrum","Adaptation"],"picked":"SKIP","floor":25.0},{"not_picked":["Prostrate","FearNoEvil"],"picked":"Consecrate+1","floor":27.0},{"not_picked":["FearNoEvil","Prostrate"],"picked":"Evaluate+1","floor":29.0},{"not_picked":["MasterReality","Crescendo+1","Worship"],"picked":"SKIP","floor":31.0},{"not_picked":["Omniscience","Replay:AllIn"],"picked":"Scrawl","floor":33.0},{"not_picked":["BowlingBash","Conclude"],"picked":"JustLucky+1","floor":35.0},{"not_picked":["Replay:BluntJabs","Perseverance+1","Evaluate"],"picked":"SKIP","floor":37.0},{"not_picked":["Replay:BluntJabs","SashWhip"],"picked":"MentalFortress+1","floor":38.0},{"not_picked":["Replay:ManipulateFuture","ReachHeaven"],"picked":"MentalFortress+1","floor":40.0},{"not_picked":["WreathOfFlame","Replay:Cycle","SpiritShield"],"picked":"SKIP","floor":44.0},{"not_picked":["Study+1","FollowUp","EmptyFist"],"picked":"SKIP","floor":45.0},{"not_picked":["SashWhip","Replay:BluntJabs","Indignation+1"],"picked":"SKIP","floor":46.0},{"not_picked":["EmptyFist","WreathOfFlame"],"picked":"Prostrate+1","floor":48.0}],"player_experience":675258,"relics_obtained":[{"floor":6.0,"key":"Letter Opener"},{"floor":9.0,"key":"Orichalcum"},{"floor":10.0,"key":"Runesmith:Nanobots"},{"floor":12.0,"key":"Toy Ornithopter"},{"floor":24.0,"key":"hubris:DuctTape"},{"floor":26.0,"key":"Sundial"},{"floor":27.0,"key":"Nunchaku"},{"floor":40.0,"key":"Bottled Flame"},{"floor":44.0,"key":"Replay:Rubber Ducky"}],"event_choices":[{"cards_removed":["MasterReality"],"damage_healed":53.0,"max_hp_gain":10.0,"max_hp_loss":0.0,"gold_gain":0.0,"event_name":"Bonfire Elementals","player_choice":"Offered Rare","floor":14.0,"gold_loss":0.0,"damage_taken":0.0},{"cards_removed":["FollowUp"],"damage_healed":0.0,"max_hp_gain":0.0,"max_hp_loss":0.0,"gold_gain":0.0,"event_name":"Wheel of Change","player_choice":"Card Removal","floor":36.0,"gold_loss":0.0,"damage_taken":0.0},{"damage_healed":0.0,"max_hp_gain":0.0,"max_hp_loss":0.0,"gold_gain":0.0,"event_name":"Duplicator","player_choice":"Copied","floor":39.0,"gold_loss":0.0,"damage_taken":0.0,"cards_obtained":["Pot Of Greed"]}],"is_beta":false,"boss_relics":[{"not_picked":["Calling Bell","SlaversCollar"],"picked":"Cursed Key"},{"not_picked":["hubris:HollowSoul","Runic Pyramid"],"picked":"HolyWater"}],"items_purged_floors":[0,0,13,30],"is_endless":false,"potions_floor_spawned":[2,4,8,10,16,19,20,22,27,29,37,38,45,48],"ascension_level":13}}