{"host":"1a3cjta80tad0aqj","time":1611013080,"event":{"mods":["2.2 Compatiblity","AchievementEnabler","BaseMod","Colored Map","DeckTracker","KOR Keyword Fix","Keyboard Shortcuts","Minty Spire (QoL Compilation)","Permanent Neow","Quick Restart","Random Character Button","StSLib","SuperFastMode","everything is the same but u backflip on backflip"],"gold_per_floor":[109,109,128,145,160,160,194,171,198,198,245,257,285,317,329,341,341],"floor_reached":16,"language":"KOR","playtime":666,"items_purged":[],"score":123,"play_id":"b8100525-79c9-453c-8045-a6d27acbdcf3","local_time":"20210119083800","is_ascension_mode":true,"campfire_choices":[{"data":"Immolate","floor":6,"key":"SMITH"},{"floor":12,"key":"REST"},{"data":"True Grit","floor":15,"key":"SMITH"}],"circlet_count":0,"master_deck":["Strike_R","Strike_R","Strike_R","Strike_R","Strike_R","Defend_R","Defend_R","Defend_R","Bash","Pommel Strike","Immolate+1","Power Through","Feed","Headbutt","Double Tap","True Grit+1","Burning Pact+1","Shrug It Off+1","Second Wind+1"],"relics":["Burning Blood","Potion Belt","Juzu Bracelet","MawBank","Toxic Egg 2"],"acts_visited":["Exordium"],"potions_floor_usage":[7,11,16],"damage_taken":[{"damage":3.0,"enemies":"2 Louse","floor":1.0,"turns":3.0},{"damage":1,"enemies":"Cultist","floor":3,"turns":3},{"damage":0,"enemies":"Small Slimes","floor":4,"turns":2},{"damage":11,"enemies":"Looter","floor":5,"turns":2},{"damage":51,"enemies":"Gremlin Nob","floor":7,"turns":6},{"damage":38,"enemies":"Lagavulin","floor":11,"turns":8},{"damage":7,"enemies":"2 Fungi Beasts","floor":13,"turns":2},{"damage":0,"enemies":"Exordium Wildlife","floor":14,"turns":3},{"damage":40,"enemies":"Hexaghost","floor":16,"turns":11}],"seed_played":"2773325392916709604","potions_obtained":[{"floor":1.0,"key":"BlessingOfTheForge"},{"floor":3,"key":"ColorlessPotion"},{"floor":4,"key":"Regen Potion"},{"floor":13,"key":"Fire Potion"},{"floor":14,"key":"Swift Potion"}],"is_trial":false,"path_per_floor":["M","?","M","M","M","R","E","$","T","?","E","R","M","M","R","B"],"character_chosen":"IRONCLAD","items_purchased":["True Grit"],"campfire_rested":1,"item_purchase_floors":[8],"current_hp_per_floor":[80,80,80,80,75,75,33,33,33,33,19,44,43,52,52,12,12],"gold":341,"neow_bonus":"REMOVE_CARD","is_daily":false,"chose_seed":false,"campfire_upgraded":2,"win_rate":0.0,"timestamp":1611013080,"path_taken":["M","?","M","M","?","R","E","?","T","?","E","R","M","M","R","BOSS"],"items_purchased_type":["Card"],"build_version":"2020-12-22","purchased_purges":0,"victory":false,"max_hp_per_floor":[80,80,80,80,80,80,83,83,83,83,86,86,86,89,89,89,89],"card_choices":[{"not_picked":["Burning Pact","Spot Weakness"],"picked":"Pommel Strike","floor":1.0},{"not_picked":["Iron Wave","Clothesline"],"picked":"Feed","floor":3},{"not_picked":["Intimidate","Perfected Strike"],"picked":"Headbutt","floor":4},{"not_picked":["Havoc","Thunderclap","Feel No Pain"],"picked":"SKIP","floor":5},{"not_picked":["Evolve","Pummel"],"picked":"Double Tap","floor":7},{"not_picked":["Headbutt","True Grit+1"],"picked":"Burning Pact+1","floor":11},{"not_picked":["Headbutt","Searing Blow"],"picked":"Shrug It Off+1","floor":13},{"not_picked":["Body Slam","Ghostly Armor+1"],"picked":"Second Wind+1","floor":14}],"player_experience":765255,"relics_obtained":[{"floor":7,"key":"Potion Belt"},{"floor":9,"key":"Juzu Bracelet"},{"floor":10,"key":"MawBank"},{"floor":11,"key":"Toxic Egg 2"}],"event_choices":[{"damage_healed":0,"gold_gain":0,"player_choice":"2 cards matched","damage_taken":0,"max_hp_gain":0,"max_hp_loss":0,"event_name":"Match and Keep!","floor":2,"gold_loss":0,"cards_obtained":["Immolate","Power Through"]},{"damage_healed":0,"gold_gain":0,"player_choice":"Relic","damage_taken":0,"max_hp_gain":0,"max_hp_loss":0,"event_name":"Wheel of Change","floor":10,"gold_loss":0}],"is_beta":false,"boss_relics":[],"items_purged_floors":[],"is_endless":false,"potions_floor_spawned":[1,3,4,13,14],"killed_by":"Hexaghost","ascension_level":2}}