{"host":"ek3xvuouaw6vk9if","time":1611007516,"event":{"mods":["BaseMod","BetterRewards","Minty Spire (QoL Compilation)","Permanent Neow","Quick Restart","Relic Stats","Replay The Spire","Robot Space Explorer","StSLib","The Servant 0.9.4"],"gold_per_floor":[112,62,75,75,90,90,104,129,156,172,191,222,239,252,252,351,351,364,390,409,428,428,462,241,241,241,141,141,156,171,22,22,142,142,170,170,222,255,293,347,347,368,418,463,496,496,548,575,575,603],"floor_reached":51,"language":"ENG","playtime":3329,"items_purged":["RobotSpaceExplorer:Strike","RobotSpaceExplorer:Strike"],"score":668,"play_id":"0780632b-fe10-4bf9-9a5b-ac600addf62b","local_time":"20210118170516","is_ascension_mode":false,"campfire_choices":[{"data":"RobotSpaceExplorer:MiniLasers","floor":6,"key":"SMITH"},{"data":"RobotSpaceExplorer:ShovelStrike","floor":15,"key":"SMITH"},{"data":"RobotSpaceExplorer:ChargingLaser","floor":25,"key":"SMITH"},{"floor":32,"key":"REST"},{"data":"RobotSpaceExplorer:Calculate","floor":41,"key":"SMITH"},{"floor":49,"key":"REST"}],"circlet_count":0,"master_deck":["RobotSpaceExplorer:Strike","RobotSpaceExplorer:Defend","RobotSpaceExplorer:Defend","RobotSpaceExplorer:Defend","RobotSpaceExplorer:Scan","RobotSpaceExplorer:MiniLasers+1","RobotSpaceExplorer:TrailblazerForm","RobotSpaceExplorer:SurgingShield","RobotSpaceExplorer:ShovelStrike+1","RobotSpaceExplorer:FreezeRay","RobotSpaceExplorer:ImprovisedAttack","RobotSpaceExplorer:StunGrenade","RobotSpaceExplorer:MetalStrike","RobotSpaceExplorer:SurgingStrike","RobotSpaceExplorer:GlueSpray","RobotSpaceExplorer:Calculate+1","RobotSpaceExplorer:SurgingStrike","RobotSpaceExplorer:ChargingLaser+1","RobotSpaceExplorer:SurgingShield+1","RobotSpaceExplorer:SurgingStrike+1","RobotSpaceExplorer:TrailblazerForm","RobotSpaceExplorer:Counterblock+1","RobotSpaceExplorer:FrostMissile+1","RobotSpaceExplorer:SurgingShield","RobotSpaceExplorer:SwiftStep+1","RobotSpaceExplorer:TrailblazerForm","RobotSpaceExplorer:DoubleBlock+1","RobotSpaceExplorer:Counterblock","RobotSpaceExplorer:TurboDodge","RobotSpaceExplorer:LaserBurst+1","RobotSpaceExplorer:PlasmaMissile+1"],"relics":["RobotSpaceExplorer:RoboCore","Boot","Vajra","Bag of Preparation","Snecko Heart","Red Mask","Ginger","Nunchaku","Question Card","Replay:Bandana","Honey Jar","RobotSpaceExplorer:PlasmaHourglass","Pen Nib","Oddly Smooth Stone","Blood Vial","Potion Belt"],"acts_visited":["Exordium","TheCity","TheBeyond"],"potions_floor_usage":[8,13,16,44,44,44,50,50],"damage_taken":[{"damage":1,"enemies":"2 Louse","floor":1,"turns":3},{"damage":1,"enemies":"Jaw Worm","floor":3,"turns":4},{"damage":2,"enemies":"Small Slimes","floor":5,"turns":3},{"damage":4,"enemies":"Blue Slaver","floor":7,"turns":4},{"damage":20,"enemies":"Lagavulin","floor":8,"turns":5},{"damage":0,"enemies":"3 Louse","floor":10,"turns":2},{"damage":0,"enemies":"2 Fungi Beasts","floor":11,"turns":3},{"damage":9,"enemies":"3 Sentries","floor":12,"turns":5},{"damage":0,"enemies":"Looter","floor":13,"turns":2},{"damage":0,"enemies":"Large Slime","floor":14,"turns":4},{"damage":0,"enemies":"Hexaghost","floor":16,"turns":8},{"damage":0,"enemies":"Spheric Guardian","floor":18,"turns":2},{"damage":0,"enemies":"Masked Bandits","floor":19,"turns":3},{"damage":0,"enemies":"Chosen","floor":20,"turns":3},{"damage":10,"enemies":"Snake Plant","floor":21,"turns":4},{"damage":11,"enemies":"Replay:Snechameleon","floor":23,"turns":5},{"damage":14,"enemies":"Centurion and Healer","floor":29,"turns":6},{"damage":0,"enemies":"Snecko","floor":30,"turns":3},{"damage":31,"enemies":"Champ","floor":33,"turns":9},{"damage":6,"enemies":"3 Shapes","floor":35,"turns":5},{"damage":0,"enemies":"Orb Walker","floor":38,"turns":3},{"damage":1,"enemies":"Jaw Worm Horde","floor":39,"turns":4},{"damage":0,"enemies":"Nemesis","floor":40,"turns":5},{"damage":2,"enemies":"4 Shapes","floor":42,"turns":7},{"damage":25,"enemies":"Reptomancer","floor":44,"turns":6},{"damage":0,"enemies":"Writhing Mass","floor":45,"turns":6},{"damage":0,"enemies":"Transient","floor":47,"turns":5},{"damage":22,"enemies":"Replay:Hell Engine","floor":50,"turns":10}],"seed_played":"4882153360575153138","potions_obtained":[{"floor":5,"key":"RobotSpaceExplorer:PlasmaFlask"},{"floor":7,"key":"SpeedPotion"},{"floor":12,"key":"ColorlessPotion"},{"floor":13,"key":"ColorlessPotion"},{"floor":16,"key":"Block Potion"},{"floor":18,"key":"Doom Potion"},{"floor":19,"key":"FearPotion"},{"floor":35,"key":"SmokeBomb"},{"floor":39,"key":"DistilledChaos"},{"floor":45,"key":"Languid Potion"},{"floor":47,"key":"Adrenaline Potion"}],"is_trial":false,"path_per_floor":["M","?","M","?","M","R","M","E","T","M","M","E","M","M","R","B",null,"M","?","M","M","?","E","$","R","T","$","?","M","M","$","R","B",null,"M","?","?","M","M","E","R","M","T","E","M","?","M","T","R","B",null],"character_chosen":"RobotSpaceExplorer","items_purchased":["Nunchaku","Replay:Bandana"],"campfire_rested":2,"item_purchase_floors":[24,31],"current_hp_per_floor":[74,74,73,73,71,71,67,47,47,47,47,38,38,38,38,38,75,75,75,75,65,65,54,54,54,54,54,40,26,26,26,50,19,80,74,74,42,42,41,41,41,39,39,14,16,16,18,18,42,22],"gold":603,"neow_bonus":"ONE_RANDOM_RARE_CARD","is_daily":false,"chose_seed":false,"campfire_upgraded":4,"win_rate":0.0,"timestamp":1611007516,"path_taken":["M","?","M","?","M","R","M","E","T","M","M","E","M","M","R","BOSS","M","?","M","M","?","E","$","R","T","$","?","M","M","?","R","BOSS","M","?","?","M","M","E","R","M","T","E","M","?","M","?","R","BOSS"],"items_purchased_type":["Relic","Relic"],"build_version":"2020-12-22","purchased_purges":2,"victory":true,"max_hp_per_floor":[75,75,75,75,75,75,75,75,75,75,75,75,75,75,75,75,75,75,75,75,75,75,75,75,75,75,75,80,80,80,80,80,80,80,80,80,80,80,80,80,80,80,80,80,80,80,80,80,80,80],"relic_stats":{"Blood Vial":6,"Nunchaku":[15],"counters":[28,129],"Pen Nib":[7],"Bag of Preparation":[40],"Ginger":[16],"Boot":[105],"Question Card":13,"obtain_stats":[{"Potion Belt":48,"Snecko Heart":17,"RobotSpaceExplorer:PlasmaHourglass":37,"Vajra":9,"Oddly Smooth Stone":43,"RobotSpaceExplorer:RoboCore":0,"Pen Nib":40,"Bag of Preparation":12,"Ginger":23,"Boot":8,"Question Card":26,"Blood Vial":44,"Nunchaku":24,"Replay:Bandana":31,"Honey Jar":34,"Red Mask":19},{"Potion Belt":27,"Snecko Heart":11,"RobotSpaceExplorer:PlasmaHourglass":20,"Vajra":5,"Oddly Smooth Stone":24,"RobotSpaceExplorer:RoboCore":0,"Pen Nib":23,"Bag of Preparation":8,"Ginger":16,"Boot":5,"Question Card":16,"Blood Vial":25,"Nunchaku":16,"Replay:Bandana":18,"Honey Jar":19,"Red Mask":13},{"Potion Belt":119,"Snecko Heart":43,"RobotSpaceExplorer:PlasmaHourglass":83,"Vajra":19,"Oddly Smooth Stone":102,"RobotSpaceExplorer:RoboCore":0,"Pen Nib":95,"Bag of Preparation":29,"Ginger":60,"Boot":19,"Question Card":60,"Blood Vial":108,"Nunchaku":60,"Replay:Bandana":69,"Honey Jar":78,"Red Mask":48}]},"card_choices":[{"not_picked":["RobotSpaceExplorer:StunGrenade","RobotSpaceExplorer:Discharger"],"picked":"RobotSpaceExplorer:SurgingShield","floor":1},{"not_picked":["RobotSpaceExplorer:GlueShot","RobotSpaceExplorer:ShockKick"],"picked":"RobotSpaceExplorer:ShovelStrike","floor":3},{"not_picked":["RobotSpaceExplorer:GlueShot","RobotSpaceExplorer:GlueSpray"],"picked":"RobotSpaceExplorer:FreezeRay","floor":5},{"not_picked":["RobotSpaceExplorer:FreezeRay","RobotSpaceExplorer:FranticSearch"],"picked":"RobotSpaceExplorer:ImprovisedAttack","floor":7},{"not_picked":["RobotSpaceExplorer:DoubleBlock","RobotSpaceExplorer:TurboDodge"],"picked":"RobotSpaceExplorer:StunGrenade","floor":8},{"not_picked":["RobotSpaceExplorer:PowerGlove","RobotSpaceExplorer:LuckyStrike"],"picked":"RobotSpaceExplorer:MetalStrike","floor":10},{"not_picked":["RobotSpaceExplorer:Multitool","RobotSpaceExplorer:Ammunition"],"picked":"RobotSpaceExplorer:SurgingStrike","floor":11},{"not_picked":["RobotSpaceExplorer:ShockKick","RobotSpaceExplorer:Discharger"],"picked":"RobotSpaceExplorer:GlueSpray","floor":12},{"not_picked":["RobotSpaceExplorer:MetalStrike","RobotSpaceExplorer:Electropulse"],"picked":"RobotSpaceExplorer:Calculate","floor":13},{"not_picked":["RobotSpaceExplorer:SwiftStep","RobotSpaceExplorer:MetalStrike"],"picked":"RobotSpaceExplorer:SurgingStrike","floor":14},{"not_picked":["RobotSpaceExplorer:Arsenal","RobotSpaceExplorer:Blaster"],"picked":"RobotSpaceExplorer:ChargingLaser","floor":16},{"not_picked":["RobotSpaceExplorer:StunGrenade","RobotSpaceExplorer:ExhaustFan","RobotSpaceExplorer:SwiftStep"],"picked":"SKIP","floor":18},{"not_picked":["RobotSpaceExplorer:GlueShot","RobotSpaceExplorer:ScrapShield+1"],"picked":"RobotSpaceExplorer:SurgingShield+1","floor":19},{"not_picked":["RobotSpaceExplorer:SwiftStep","RobotSpaceExplorer:Ammunition+1"],"picked":"RobotSpaceExplorer:SurgingStrike+1","floor":20},{"not_picked":["RobotSpaceExplorer:MetalStrike","RobotSpaceExplorer:GlueShot","RobotSpaceExplorer:ShockKick"],"picked":"SKIP","floor":21},{"not_picked":["RobotSpaceExplorer:ShovelStrike+1","RobotSpaceExplorer:Arsenal","RobotSpaceExplorer:ToxicBomb"],"picked":"SKIP","floor":23},{"not_picked":["RobotSpaceExplorer:Calculate","RobotSpaceExplorer:ScrapMissile","RobotSpaceExplorer:StunGrenade","RobotSpaceExplorer:SurgingShield"],"picked":"SKIP","floor":29},{"not_picked":["RobotSpaceExplorer:StarDust","RobotSpaceExplorer:Counterblock","RobotSpaceExplorer:IronShell","RobotSpaceExplorer:PlasmaMissile+1"],"picked":"SKIP","floor":30},{"not_picked":["RobotSpaceExplorer:Asteroid","RobotSpaceExplorer:Scanner","RobotSpaceExplorer:Arsenal"],"picked":"RobotSpaceExplorer:TrailblazerForm","floor":33},{"not_picked":["RobotSpaceExplorer:MetalStrike","RobotSpaceExplorer:Probe","RobotSpaceExplorer:StunGrenade+1","RobotSpaceExplorer:ScrapMissile"],"picked":"RobotSpaceExplorer:Counterblock+1","floor":35},{"not_picked":["RobotSpaceExplorer:SlimeMissile","RobotSpaceExplorer:ShockKick+1","RobotSpaceExplorer:StarDust+1","RobotSpaceExplorer:RigExplosive+1"],"picked":"RobotSpaceExplorer:FrostMissile+1","floor":37},{"not_picked":["RobotSpaceExplorer:PowerGlove","RobotSpaceExplorer:ShovelStrike+1","RobotSpaceExplorer:LuckyStrike","RobotSpaceExplorer:MiniDrones"],"picked":"RobotSpaceExplorer:SurgingShield","floor":37},{"not_picked":["RobotSpaceExplorer:SelfCleaning","RobotSpaceExplorer:SurgingStrike","RobotSpaceExplorer:FranticSearch","RobotSpaceExplorer:SlimeMissile"],"picked":"RobotSpaceExplorer:SwiftStep+1","floor":38},{"not_picked":["RobotSpaceExplorer:MiniDrones+1","RobotSpaceExplorer:ImprovisedAttack","RobotSpaceExplorer:ScrapMissile","RobotSpaceExplorer:SlimeMissile+1"],"picked":"RobotSpaceExplorer:TrailblazerForm","floor":39},{"not_picked":["RobotSpaceExplorer:StunGrenade","RobotSpaceExplorer:Calculate+1","RobotSpaceExplorer:DualCore","RobotSpaceExplorer:ExhaustFan+1"],"picked":"RobotSpaceExplorer:DoubleBlock+1","floor":40},{"not_picked":["RobotSpaceExplorer:GlueSpray+1","RobotSpaceExplorer:SurgingShield","RobotSpaceExplorer:Probe","RobotSpaceExplorer:Ammunition"],"picked":"RobotSpaceExplorer:Counterblock","floor":42},{"not_picked":["RobotSpaceExplorer:SwiftStep+1","RobotSpaceExplorer:ImprovisedAttack+1","RobotSpaceExplorer:ShovelStrike","RobotSpaceExplorer:SurgingShield"],"picked":"RobotSpaceExplorer:TurboDodge","floor":44},{"not_picked":["RobotSpaceExplorer:FreezingShield","RobotSpaceExplorer:LuckyStrike+1","RobotSpaceExplorer:Electroshield+1","RobotSpaceExplorer:ScrapMissile+1"],"picked":"RobotSpaceExplorer:LaserBurst+1","floor":45},{"not_picked":["RobotSpaceExplorer:ShovelStrike+1","RobotSpaceExplorer:Counterblock","RobotSpaceExplorer:FreezeRay","RobotSpaceExplorer:IronShell+1"],"picked":"RobotSpaceExplorer:PlasmaMissile+1","floor":47}],"player_experience":529420,"relics_obtained":[{"floor":8,"key":"Boot"},{"floor":9,"key":"Vajra"},{"floor":12,"key":"Bag of Preparation"},{"floor":19,"key":"Red Mask"},{"floor":23,"key":"Ginger"},{"floor":26,"key":"Question Card"},{"floor":37,"key":"RobotSpaceExplorer:PlasmaHourglass"},{"floor":40,"key":"Pen Nib"},{"floor":43,"key":"Oddly Smooth Stone"},{"floor":44,"key":"Blood Vial"},{"floor":48,"key":"Potion Belt"}],"event_choices":[{"cards_removed":["RobotSpaceExplorer:Strike"],"damage_healed":0,"gold_gain":0,"player_choice":"Card Removal","damage_taken":0,"max_hp_gain":0,"max_hp_loss":0,"event_name":"The Cleric","floor":2,"gold_loss":50},{"damage_healed":0,"gold_gain":0,"player_choice":"Fought Bandits","damage_taken":0,"max_hp_gain":0,"max_hp_loss":0,"event_name":"Masked Bandits","floor":19,"gold_loss":0},{"damage_healed":0,"gold_gain":0,"player_choice":"Ignored","damage_taken":0,"max_hp_gain":0,"max_hp_loss":0,"event_name":"Vampires","floor":22,"gold_loss":0},{"damage_healed":0,"gold_gain":0,"player_choice":"Shed Blood","damage_taken":19,"max_hp_gain":5,"max_hp_loss":0,"event_name":"Forgotten Altar","floor":28,"gold_loss":0},{"cards_removed":["RobotSpaceExplorer:Defend"],"damage_healed":0,"gold_gain":0,"player_choice":"Removed Skill","damage_taken":0,"max_hp_gain":0,"max_hp_loss":0,"event_name":"Falling","floor":36,"gold_loss":0},{"damage_healed":0,"gold_gain":0,"player_choice":"Ignored","damage_taken":0,"max_hp_gain":0,"max_hp_loss":0,"event_name":"Mysterious Sphere","floor":46,"gold_loss":0}],"is_beta":false,"boss_relics":[{"not_picked":["Tiny House","Astrolabe"],"picked":"Snecko Heart"},{"not_picked":["ChewingGum","Velvet Choker"],"picked":"Honey Jar"}],"items_purged_floors":[24,27],"is_endless":false,"potions_floor_spawned":[5,7,12,13,16,18,19,21,30,35,39,45,47],"ascension_level":0}}