{"host":"lxihx0b6awoz2w1j","time":1611007718,"event":{"mods":["Act Like it!","BaseMod","Better Third Choice","CapriCore","Colored Powertips","Conspire","Fox Events","Gensokyo","Hermit","Hubris","Infinite Spire","JesterMod","Luminous","Marisa????????","Melee Mod","Minty Spire (QoL Compilation)","Prisma Mod","Quick Restart","Relic Stats","Replay The Spire","Shade Mod","Spicy Shops","StSLib","The Alterego","The Blue Laboratory","The Cursed","The Disciple","The Forsaken","The Gatherer","The Immortal","The Jungle","The Marked","The Runesmith","The Senshi","The Servant 0.9.4","The Spell Scribe","Waifu the Spire"],"gold_per_floor":[110,120,120,192,211,211,240,240,240,260,286,286,286,286,319,329,329,431,431,451,451,464,45,45,45,45,45,45,74,94,13,44,56,155,251,251,263,263,263,278,297,330,330,362,362,382,62,7,20,30,30,30,30],"floor_reached":52,"language":"ENG","playtime":2499,"items_purged":[],"score":611,"play_id":"299efab8-bd52-4391-b819-6dd90fe0e9c2","local_time":"20210118230838","is_ascension_mode":true,"campfire_choices":[{"data":"theSenshi:MoonPrincessHalation","floor":6.0,"key":"SMITH"},{"data":"theSenshi:LunasBite","floor":12.0,"key":"SMITH"},{"data":"theSenshi:MoonPrismPowerMakeUp","floor":14.0,"key":"SMITH"},{"floor":17.0,"key":"REST"},{"data":"theSenshi:RoseThrow","floor":25.0,"key":"SMITH"},{"data":"theSenshi:SailorMercuryAssists","floor":27.0,"key":"SMITH"},{"floor":43.0,"key":"REST"},{"data":"theSenshi:MoonCrisisMakeUp","floor":51.0,"key":"SMITH"}],"circlet_count":0,"master_deck":["theSenshi:SailorKick","theSenshi:SailorKick","theSenshi:SailorKick","theSenshi:SailorKick+1","theSenshi:SailorBlock","theSenshi:SailorBlock","theSenshi:SailorBlock","theSenshi:SailorBlock+1","theSenshi:RoseThrow+1","theSenshi:MoonPrismPowerMakeUp+1","theSenshi:TallSilhouette","theSenshi:MoonPrincessHalation+1","theSenshi:SailorMercuryAssists+1","theSenshi:TallSilhouette","theSenshi:LunasBite+1","theSenshi:RainbowMoonHeartAche","theSenshi:MoonsReflection","theSenshi:JupitersPower","theSenshi:SailorNeptuneAssists","theSenshi:MoonKick+1","theSenshi:LunaWiseMentor","theSenshi:SailorUranusAssists+1","theSenshi:MoonPrincessHalation","theSenshi:MoonPower","theSenshi:MoonCrisisMakeUp+1","theSenshi:VenusGlamour","theSenshi:MoonTiaraMagic","theSenshi:SailorStarHealerAssists","theSenshi:InTheNickOfTime","theSenshi:SailorVenusAssists","theSenshi:SailorBlock","theSenshi:SilverMoonCrystalPowerKiss","infinitespire:Starlight","theSenshi:MoonPunch","theSenshi:TuxedoMaskAssists+1","theSenshi:MoonPrincessHalation","theSenshi:SailorJupiterAssists","theSenshi:TuxedoSmokingBomber","theSenshi:SaturnsMystery","theSenshi:KlutzyLuck+1","theSenshi:GatheringStrength+1","theSenshi:SailorMarsAssists+1"],"relics":["theSenshi:TransformationBroochRelic","Vajra","hubris:MysteriousPyramids","Simple Rune","Odd Mushroom","Bag of Marbles","hubris:Towel","Onion Ring","Painkiller Herb","theSenshi:CrescentMoonWandRelic","MealTicket","theSenshi:ChokerRelic","infinitespire:Golems Mask","infinitespire:BottledMercury","Quantum Egg","hubris:Backtick","Shovel","Meat on the Bone","conspire:DeflatedDodgeball","Question Card","Ginger","Replay:WaspNest"],"acts_visited":["Exordium","TheCity","TheBeyond"],"potions_floor_usage":[],"damage_taken":[{"damage":0.0,"enemies":"conspire:RoseBush","floor":1.0,"turns":3.0},{"damage":0.0,"enemies":"Jaw Worm","floor":2.0,"turns":4.0},{"damage":1.0,"enemies":"Cultist","floor":5.0,"turns":4.0},{"damage":18.0,"enemies":"Gremlin Nob","floor":7.0,"turns":5.0},{"damage":0.0,"enemies":"The Mushroom Lair","floor":10.0,"turns":4.0},{"damage":12.0,"enemies":"Replay:BlueRogue","floor":15.0,"turns":5.0},{"damage":0.0,"enemies":"Exordium Thugs","floor":16.0,"turns":2.0},{"damage":27.0,"enemies":"The Guardian","floor":18.0,"turns":7.0},{"damage":0.0,"enemies":"Chosen","floor":20.0,"turns":3.0},{"damage":4.0,"enemies":"2 Thieves","floor":22.0,"turns":4.0},{"damage":14.0,"enemies":"Nightmare","floor":29.0,"turns":5.0},{"damage":0.0,"enemies":"3 Cultists","floor":30.0,"turns":4.0},{"damage":9.0,"enemies":"Gremlin Leader","floor":32.0,"turns":5.0},{"damage":0.0,"enemies":"Sentry and Sphere","floor":33.0,"turns":3.0},{"damage":12.0,"enemies":"Collector","floor":35.0,"turns":5.0},{"damage":7.0,"enemies":"3 Shapes","floor":37.0,"turns":2.0},{"damage":32.0,"enemies":"3 Darklings","floor":40.0,"turns":4.0},{"damage":32.0,"enemies":"Sphere and 2 Shapes","floor":41.0,"turns":5.0},{"damage":15.0,"enemies":"R_Hoarder","floor":42.0,"turns":3.0},{"damage":16.0,"enemies":"Reptomancer","floor":44.0,"turns":6.0},{"damage":29.0,"enemies":"Jaw Worm Horde","floor":46.0,"turns":4.0},{"damage":16.0,"enemies":"Maw","floor":49.0,"turns":7.0},{"damage":22.0,"enemies":"Spire Growth","floor":50.0,"turns":4.0},{"damage":0,"enemies":"hubris:GrandSnecko","floor":52,"turns":1}],"seed_played":"-7056623324258414093","potions_obtained":[{"floor":1.0,"key":"blueLaboratory:FrostheartPotion"},{"floor":7.0,"key":"AttackPotion"},{"floor":18.0,"key":"Languid Potion"},{"floor":20.0,"key":"BlessingOfTheForge"},{"floor":30.0,"key":"Energy Potion"},{"floor":41.0,"key":"blueLaboratory:FruitPunch"},{"floor":42.0,"key":"DistilledChaos"},{"floor":44.0,"key":"blueLaboratory:HorrorPotion"},{"floor":50.0,"key":"Strength Potion"}],"is_trial":false,"path_per_floor":["M","M","?","T","M","R","E","PTL","PTL","?","T","R","?","R","E","M","R","B",null,"?","AVR","?","T","?","T","?","T","T","NM","?","T","E","?","T","B",null,"?","?","AVR","?","?","E","T","E","T","?","T","T","?","?","T","B"],"character_chosen":"THE_SENSHI","items_purchased":["MealTicket","theSenshi:ChokerRelic","theSenshi:LunaWiseMentor","theSenshi:SailorUranusAssists","theSenshi:MoonCrisisMakeUp","theSenshi:SaturnsMystery","Replay:WaspNest","theSenshi:KlutzyLuck+1"],"campfire_rested":2,"item_purchase_floors":[23,23,23,23,31,47,47,48],"current_hp_per_floor":[75,75,75,75,74,74,56,56,56,56,56,56,56,56,44,44,66,39,75,75,75,71,71,71,71,71,71,71,57,57,72,63,63,63,51,75,68,68,68,43,28,25,47,48,48,41,56,71,70,60,60,60,60],"gold":30,"neow_bonus":"RANDOM_COMMON_RELIC","is_daily":false,"chose_seed":false,"campfire_upgraded":6,"win_rate":0.0,"timestamp":1611007718,"path_taken":["M","M","?","?","M","R","E","PTL","PTL","?","T","R","?","R","E","M","R","BOSS","?","AVR","?","T","?","T","?","T","T","NM","?","?","E","?","T","BOSS","?","?","AVR","?","?","E","T","E","T","?","?","T","?","?","T","BOSS"],"items_purchased_type":["Relic","Relic","Card","Card","Card","Card","Relic","Card"],"build_version":"2020-12-22","purchased_purges":0,"victory":false,"max_hp_per_floor":[75,75,75,75,75,75,75,75,75,75,75,75,75,75,75,75,75,75,75,75,75,75,75,75,75,75,75,75,75,75,75,75,75,75,75,75,75,75,75,75,75,75,75,77,77,77,77,77,77,77,77,77,77],"relic_stats":{"Shovel":0,"counters":[24,98],"MealTicket":45,"Ginger":[3],"Question Card":8,"obtain_stats":[{"infinitespire:BottledMercury":29,"Quantum Egg":32,"Vajra":0,"Painkiller Herb":19,"Replay:WaspNest":47,"Ginger":45,"hubris:MysteriousPyramids":4,"Odd Mushroom":10,"hubris:Towel":13,"theSenshi:ChokerRelic":23,"Question Card":44,"theSenshi:TransformationBroochRelic":0,"hubris:Backtick":36,"Shovel":36,"Simple Rune":7,"Onion Ring":15,"MealTicket":23,"infinitespire:Golems Mask":28,"Bag of Marbles":11,"conspire:DeflatedDodgeball":42,"theSenshi:CrescentMoonWandRelic":21,"Meat on the Bone":39},{"infinitespire:BottledMercury":11,"Quantum Egg":13,"Vajra":0,"Painkiller Herb":8,"Replay:WaspNest":21,"Ginger":20,"hubris:MysteriousPyramids":2,"Odd Mushroom":5,"hubris:Towel":5,"theSenshi:ChokerRelic":10,"Question Card":20,"theSenshi:TransformationBroochRelic":0,"hubris:Backtick":15,"Shovel":15,"Simple Rune":4,"Onion Ring":6,"MealTicket":10,"infinitespire:Golems Mask":10,"Bag of Marbles":5,"conspire:DeflatedDodgeball":19,"theSenshi:CrescentMoonWandRelic":9,"Meat on the Bone":16},{"infinitespire:BottledMercury":46,"Quantum Egg":55,"Vajra":0,"Painkiller Herb":34,"Replay:WaspNest":87,"Ginger":83,"hubris:MysteriousPyramids":7,"Odd Mushroom":20,"hubris:Towel":20,"theSenshi:ChokerRelic":41,"Question Card":83,"theSenshi:TransformationBroochRelic":0,"hubris:Backtick":63,"Shovel":63,"Simple Rune":16,"Onion Ring":25,"MealTicket":41,"infinitespire:Golems Mask":41,"Bag of Marbles":20,"conspire:DeflatedDodgeball":77,"theSenshi:CrescentMoonWandRelic":37,"Meat on the Bone":65}],"Meat on the Bone":36},"card_choices":[{"not_picked":["theSenshi:SupersonicWaves","theSenshi:LunasBite"],"picked":"theSenshi:TallSilhouette","floor":1.0},{"not_picked":["theSenshi:HesSoDreamy","theSenshi:StudyParty"],"picked":"theSenshi:MoonPrincessHalation","floor":2.0},{"not_picked":["theSenshi:SailorMarsAssists","theSenshi:SailorStarFighterAssists"],"picked":"theSenshi:SailorMercuryAssists","floor":5.0},{"not_picked":["theSenshi:Sidestep","theSenshi:DramaticEntrance"],"picked":"theSenshi:TallSilhouette","floor":7.0},{"not_picked":["theSenshi:MoonSpiralHeartAttack","theSenshi:Sidestep"],"picked":"theSenshi:LunasBite","floor":10.0},{"not_picked":["theSenshi:CrisisMakeUp","theSenshi:UranusStrength"],"picked":"theSenshi:RainbowMoonHeartAche","floor":15.0},{"not_picked":["theSenshi:OdangoHead","theSenshi:MoonPower"],"picked":"theSenshi:MoonsReflection","floor":16.0},{"not_picked":["theSenshi:LunaSensingAllies","theSenshi:StudyParty"],"picked":"theSenshi:JupitersPower","floor":18.0},{"not_picked":["theSenshi:TallSilhouette","theSenshi:SteeledNerves"],"picked":"theSenshi:SailorNeptuneAssists","floor":20.0},{"not_picked":["theSenshi:LunasBite","theSenshi:LateForSchool+1"],"picked":"theSenshi:MoonKick+1","floor":22.0},{"not_picked":["theSenshi:MoonlightKnight","theSenshi:GlimpseOfThePast"],"picked":"theSenshi:MoonPrincessHalation","floor":29.0},{"not_picked":["theSenshi:SailorChibiMoonAssists","theSenshi:EncouragingSpeech"],"picked":"theSenshi:MoonPower","floor":30.0},{"not_picked":["theSenshi:EncouragingSpeech","theSenshi:SailorStarFighterAssists+1"],"picked":"theSenshi:VenusGlamour","floor":32.0},{"not_picked":["theSenshi:PlutosSolemnity+1","theSenshi:MoonsReflection"],"picked":"theSenshi:MoonTiaraMagic","floor":33.0},{"not_picked":["theSenshi:SailorPlutoAssists","theSenshi:StudyParty"],"picked":"theSenshi:SailorStarHealerAssists","floor":35.0},{"not_picked":["theSenshi:LunasBite","theSenshi:MoonTiaraMagic"],"picked":"theSenshi:InTheNickOfTime","floor":37.0},{"not_picked":["theSenshi:SailorMercuryAssists","theSenshi:SailorNeptuneAssists"],"picked":"theSenshi:MoonPunch","floor":40.0},{"not_picked":["theSenshi:UranusStrength","theSenshi:SilverMoonCrystalPowerKiss"],"picked":"theSenshi:TuxedoMaskAssists+1","floor":41.0},{"not_picked":["theSenshi:SailorChibiMoonAssists","theSenshi:LateForSchool"],"picked":"theSenshi:MoonPrincessHalation","floor":42.0},{"not_picked":["theSenshi:GatheringStrength","theSenshi:MoonCrisisMakeUp"],"picked":"theSenshi:SailorJupiterAssists","floor":44.0},{"not_picked":["theSenshi:MoonCrystalPowerMakeUp","theSenshi:MoonSpiralHeartAttack+1","theSenshi:LunasBite"],"picked":"theSenshi:TuxedoSmokingBomber","floor":46.0},{"not_picked":["theSenshi:MoonPower+1","theSenshi:MoonKick","theSenshi:TallSilhouette"],"picked":"theSenshi:GatheringStrength+1","floor":49.0},{"not_picked":["theSenshi:MoonPrincessHalation+1","theSenshi:IWillPunishYou","theSenshi:TallSilhouette"],"picked":"theSenshi:SailorMarsAssists+1","floor":50.0}],"player_experience":634809,"relics_obtained":[{"floor":4.0,"key":"hubris:MysteriousPyramids"},{"floor":7.0,"key":"Simple Rune"},{"floor":10.0,"key":"Odd Mushroom"},{"floor":11.0,"key":"Bag of Marbles"},{"floor":15.0,"key":"Onion Ring"},{"floor":28.0,"key":"infinitespire:Golems Mask"},{"floor":29.0,"key":"infinitespire:BottledMercury"},{"floor":32.0,"key":"Quantum Egg"},{"floor":42.0,"key":"conspire:DeflatedDodgeball"},{"floor":44.0,"key":"Question Card"},{"floor":45.0,"key":"Ginger"}],"event_choices":[{"damage_healed":0.0,"max_hp_gain":0.0,"max_hp_loss":0.0,"gold_gain":0.0,"event_name":"Mushrooms","player_choice":"Fought Mushrooms","floor":10.0,"gold_loss":0.0,"damage_taken":0.0},{"damage_healed":0.0,"max_hp_gain":0.0,"max_hp_loss":0.0,"gold_gain":99.0,"event_name":"betterThird:BetterNest","player_choice":"Steal","floor":34.0,"gold_loss":0.0,"damage_taken":0.0},{"damage_healed":0.0,"max_hp_gain":0.0,"max_hp_loss":0.0,"gold_gain":0.0,"event_name":"Match and Keep!","player_choice":"3 cards matched","floor":38.0,"gold_loss":0.0,"damage_taken":0.0,"cards_obtained":["theSenshi:SailorVenusAssists","theSenshi:SailorBlock","theSenshi:SilverMoonCrystalPowerKiss"]}],"is_beta":false,"boss_relics":[{"not_picked":["Replay:Grab Bag","hubris:VirtuousBlindfold"],"picked":"Painkiller Herb"},{"not_picked":["theForsaken:PaleLantern","Ring of Chaos"],"picked":"hubris:Backtick"}],"items_purged_floors":[],"is_endless":true,"potions_floor_spawned":[1,7,18,20,30,32,33,41,42,44,50],"killed_by":"hubris:GrandSnecko","ascension_level":1}}