{"host":"61r95uy0hn86b9iu","time":1611013448,"event":{"mods":["AchievementEnabler","BaseMod","Better Vampires","BetterRewards","Colored Powertips","Hubris","Minty Spire (QoL Compilation)","Shop Mod","StSLib"],"gold_per_floor":[112,130,141,41,41,41,68,68,68,68,84,84,97,27,27,123,123,138,158,158,172,2,2,13,31,55,20,34,49,67,67,67,169,169,181,194,5,15,25,25,42,42,69,99,199,17,37,0,0,0],"floor_reached":51,"language":"ENG","playtime":1681,"items_purged":["Strike_B","Strike_B","Decay"],"score":908,"play_id":"099a0cfd-0b4e-45b9-974e-fd5d812b6788","local_time":"20210118174408","is_ascension_mode":false,"campfire_choices":[{"data":"Zap","floor":6.0,"key":"SMITH"},{"floor":8.0,"key":"REST"},{"data":"Streamline","floor":12.0,"key":"SMITH"},{"floor":15.0,"key":"REST"},{"floor":23.0,"key":"REST"},{"floor":32.0,"key":"REST"},{"data":"Apotheosis","floor":40.0,"key":"SMITH"},{"data":"Consume","floor":42.0,"key":"SMITH"},{"floor":49,"key":"REST"}],"circlet_count":0,"master_deck":["Defend_B","Defend_B","Zap+1","Dualcast","Glacier","Capacitor","Melter","Thunder Strike","Turbo","Conserve Battery","Leap","Streamline+1","Tempest","Consume+1","Redo+1","Core Surge+1","Darkness+1","Glacier","Apotheosis+1","Chill","White Noise","Doom and Gloom","Undo","Core Surge","CurseOfTheBell","Capacitor","Leap+1","Defragment+1"],"relics":["Cracked Core","Boot","Cables","Blood Vial","Centennial Puzzle","HornCleat","Emotion Chip","MerchantsRug","Red Mask"],"acts_visited":["Exordium","TheCity","TheBeyond"],"potions_floor_usage":[50,50,50],"damage_taken":[{"damage":0.0,"enemies":"Cultist","floor":1.0,"turns":3.0},{"damage":0.0,"enemies":"2 Louse","floor":2.0,"turns":3.0},{"damage":0.0,"enemies":"Small Slimes","floor":3.0,"turns":3.0},{"damage":48.0,"enemies":"Gremlin Nob","floor":7.0,"turns":6.0},{"damage":4.0,"enemies":"Gremlin Gang","floor":11.0,"turns":5.0},{"damage":0.0,"enemies":"Blue Slaver","floor":13.0,"turns":3.0},{"damage":21.0,"enemies":"Hexaghost","floor":16.0,"turns":5.0},{"damage":0.0,"enemies":"Spheric Guardian","floor":18.0,"turns":1.0},{"damage":40.0,"enemies":"2 Thieves","floor":19.0,"turns":4.0},{"damage":0.0,"enemies":"Snecko","floor":21.0,"turns":3.0},{"damage":0.0,"enemies":"Centurion and Healer","floor":24.0,"turns":6.0},{"damage":15.0,"enemies":"Cultist and Chosen","floor":25.0,"turns":7.0},{"damage":14.0,"enemies":"Snake Plant","floor":28.0,"turns":3.0},{"damage":15.0,"enemies":"3 Cultists","floor":29.0,"turns":4.0},{"damage":13.0,"enemies":"Snecko","floor":30.0,"turns":4.0},{"damage":23.0,"enemies":"Champ","floor":33.0,"turns":9.0},{"damage":22.0,"enemies":"Orb Walker","floor":35.0,"turns":4.0},{"damage":14.0,"enemies":"3 Shapes","floor":36.0,"turns":4.0},{"damage":8.0,"enemies":"Transient","floor":38.0,"turns":5.0},{"damage":22.0,"enemies":"4 Shapes","floor":39.0,"turns":5.0},{"damage":5.0,"enemies":"Maw","floor":41.0,"turns":5.0},{"damage":32.0,"enemies":"Giant Head","floor":44.0,"turns":10.0},{"damage":9,"enemies":"Sphere and 2 Shapes","floor":47,"turns":3},{"damage":6,"enemies":"Time Eater","floor":50,"turns":14}],"seed_played":"1461665476703545244","potions_obtained":[{"floor":2.0,"key":"SteroidPotion"},{"floor":7.0,"key":"DuplicationPotion"},{"floor":11.0,"key":"FearPotion"},{"floor":19.0,"key":"ColorlessPotion"},{"floor":24.0,"key":"Regen Potion"},{"floor":28.0,"key":"Fruit Juice"},{"floor":33.0,"key":"Regen Potion"},{"floor":35.0,"key":"ColorlessPotion"},{"floor":39.0,"key":"Strength Potion"},{"floor":41.0,"key":"SkillPotion"},{"floor":44.0,"key":"Energy Potion"}],"is_trial":false,"path_per_floor":["M","M","M","$","?","R","E","R","T","?","M","R","M","$","R","B",null,"M","M","?","M","$","R","M","M","T","$","M","M","M","?","R","B",null,"M","M","$","M","M","R","M","R","T","E","?","$","M","?","R","B",null],"character_chosen":"DEFECT","items_purchased":["Glacier","Capacitor","Melter","Thunder Strike","SkillPotion","Consume","Apotheosis","Doom and Gloom","Capacitor","Lee\u0027s Waffle","MerchantsRug","FocusPotion"],"campfire_rested":5,"item_purchase_floors":[0,0,0,0,0,14,22,27,37,37,46,46],"current_hp_per_floor":[75,75,75,75,75,75,27,49,49,49,45,45,45,45,67,46,75,75,35,35,35,35,57,57,42,42,42,44,31,20,14,38,17,80,58,46,87,79,59,59,70,70,70,54,54,54,47,47,77,73],"gold":0,"neow_bonus":"","is_daily":false,"chose_seed":false,"campfire_upgraded":4,"win_rate":0.0,"timestamp":1611013448,"path_taken":["M","?","M","$","?","R","E","R","T","?","M","R","M","$","R","BOSS","M","?","?","M","$","R","M","M","T","$","M","M","M","?","R","BOSS","M","M","$","?","M","R","M","R","T","E","?","?","M","?","R","BOSS"],"items_purchased_type":["Card","Card","Card","Card","Potion","Card","Card","Card","Card","Relic","Relic","Potion"],"build_version":"2020-12-22","purchased_purges":3,"victory":true,"max_hp_per_floor":[75,75,75,75,75,75,75,75,75,75,75,75,75,75,75,75,75,75,75,75,75,75,75,75,75,75,75,80,80,80,80,80,80,80,80,80,87,87,87,87,87,87,87,101,101,101,101,101,101,101],"card_choices":[{"not_picked":["Hologram","Redo"],"picked":"Turbo","floor":1.0},{"not_picked":["Aggregate","Force Field"],"picked":"Conserve Battery","floor":2.0},{"not_picked":["Turbo","Compile Driver","Coolheaded"],"picked":"SKIP","floor":3.0},{"not_picked":["Force Field","Hyperbeam"],"picked":"Leap","floor":7.0},{"not_picked":["Coolheaded","hubris:Ukulele"],"picked":"Streamline","floor":11.0},{"not_picked":["Double Energy","Gash"],"picked":"Tempest","floor":13.0},{"not_picked":["Sweeping Beam","Turbo","Beam Cell"],"picked":"SKIP","floor":18.0},{"not_picked":["Compile Driver","Barrage"],"picked":"Glacier","floor":19.0},{"not_picked":["Stack+1","Meteor Strike","Chaos"],"picked":"SKIP","floor":21.0},{"not_picked":["Ball Lightning","Force Field"],"picked":"Chill","floor":24.0},{"not_picked":["Rebound","Lockon"],"picked":"White Noise","floor":25.0},{"not_picked":["Compile Driver","Turbo","Go for the Eyes"],"picked":"SKIP","floor":28.0},{"not_picked":["Leap","Consume"],"picked":"Undo","floor":29.0},{"not_picked":["Conserve Battery","Cold Snap","Melter"],"picked":"SKIP","floor":30.0},{"not_picked":["Buffer","Rainbow"],"picked":"Core Surge","floor":33.0},{"not_picked":["Go for the Eyes+1","Compile Driver+1","Conserve Battery"],"picked":"SKIP","floor":35.0},{"not_picked":["Go for the Eyes","Tempest","Hello World"],"picked":"SKIP","floor":36.0},{"not_picked":["Rebound","Recycle"],"picked":"Leap+1","floor":38.0},{"not_picked":["hubris:Ukulele","Conserve Battery"],"picked":"Defragment+1","floor":39.0},{"not_picked":["Gash+1","Compile Driver+1","Turbo"],"picked":"SKIP","floor":41.0},{"not_picked":["Compile Driver+1","Turbo+1","Beam Cell"],"picked":"SKIP","floor":44.0},{"not_picked":["Cold Snap+1","Gash+1","Scrape+1"],"picked":"SKIP","floor":47}],"player_experience":3282064,"relics_obtained":[{"floor":7.0,"key":"Boot"},{"floor":9.0,"key":"Cables"},{"floor":26.0,"key":"Blood Vial"},{"floor":34.0,"key":"Centennial Puzzle"},{"floor":34.0,"key":"HornCleat"},{"floor":34.0,"key":"Emotion Chip"},{"floor":43.0,"key":"Bag of Marbles"},{"floor":44.0,"key":"Mango"}],"event_choices":[{"damage_healed":0.0,"max_hp_gain":0.0,"max_hp_loss":0.0,"gold_gain":0.0,"event_name":"The Cleric","player_choice":"Leave","floor":5.0,"gold_loss":0.0,"damage_taken":0.0},{"cards_removed":["Defend_B"],"damage_healed":0.0,"max_hp_gain":0.0,"max_hp_loss":0.0,"gold_gain":0.0,"event_name":"Purifier","player_choice":"Purged","floor":10.0,"gold_loss":0.0,"damage_taken":0.0},{"damage_healed":0.0,"max_hp_gain":0.0,"max_hp_loss":0.0,"gold_gain":0.0,"event_name":"Forgotten Altar","player_choice":"Smashed Altar","floor":20.0,"gold_loss":0.0,"damage_taken":0.0,"cards_obtained":["Decay"]},{"damage_healed":0.0,"max_hp_gain":0.0,"max_hp_loss":0.0,"gold_gain":0.0,"event_name":"Knowing Skull","player_choice":"","floor":31.0,"potions_obtained":[],"gold_loss":0.0,"damage_taken":6.0,"cards_obtained":[]},{"damage_healed":0.0,"max_hp_gain":0.0,"max_hp_loss":0.0,"gold_gain":100.0,"event_name":"Golden Shrine","player_choice":"Pray","floor":45.0,"gold_loss":0.0,"damage_taken":0.0},{"damage_healed":0,"gold_gain":0,"player_choice":"Paid","damage_taken":0,"relics_obtained":["Red Mask"],"max_hp_gain":0,"max_hp_loss":0,"event_name":"Tomb of Lord Red Mask","floor":48,"gold_loss":37}],"is_beta":false,"boss_relics":[{"not_picked":["hubris:GrandSneckoEye","Tiny House"],"picked":"Astrolabe"},{"not_picked":["Cursed Key","Pandora\u0027s Box"],"picked":"Calling Bell"}],"items_purged_floors":[0,4,46],"is_endless":false,"potions_floor_spawned":[2,7,11,19,24,28,33,35,39,41,44],"ascension_level":0}}