{"host":"2hea6pl5vmah38iy","time":1611007025,"event":{"mods":["AchievementEnabler","BaseMod","Colored Map","DeckTracker","Keyboard Shortcuts","Minty Spire (QoL Compilation)","Rare Cards Sparkle","StSLib","SuperFastMode","everything is the same but u backflip on backflip"],"gold_per_floor":[109,120,131,131,151,151,169,169,169,0,35,85,95,111,111,188,188,198,198,208,208,225,245,274,274,274,302,322,222,241,259,259,337,337,355,370,420,295,295,328,11,36,63,92,105,117,117,133,133,133,133,133,133,162,162],"floor_reached":56,"language":"KOR","playtime":4478,"items_purged":["Strike_P","Strike_P","SignatureMove+1","Strike_P"],"score":2204,"play_id":"05f967a6-2030-4438-b597-628222321619","local_time":"20210119065705","is_ascension_mode":true,"campfire_choices":[{"data":"MentalFortress","floor":6.0,"key":"SMITH"},{"data":"CrushJoints","floor":8.0,"key":"SMITH"},{"data":"EmptyMind","floor":15.0,"key":"SMITH"},{"floor":25.0,"key":"REST"},{"data":"SandsOfTime","floor":32.0,"key":"SMITH"},{"floor":49.0,"key":"RECALL"},{"data":"Finesse","floor":52.0,"key":"SMITH"}],"circlet_count":0,"master_deck":["AscendersBane","Eruption+1","Vigilance","MentalFortress+1","CrushJoints+1","Flash of Steel+1","EmptyMind+1","Halt","Tantrum","SandsOfTime+1","DeusExMachina","Sanctity+1","Crescendo+1","Finesse+1","Adaptation+1"],"relics":["Runic Pyramid","Regal Pillow","Oddly Smooth Stone","Empty Cage","Blue Candle","Bottled Flame","MealTicket","Astrolabe","Turnip","Orichalcum","Lee\u0027s Waffle","Lizard Tail","Prayer Wheel","Blood Vial"],"acts_visited":["Exordium","TheCity","TheBeyond","TheEnding"],"potions_floor_usage":[55,55],"damage_taken":[{"damage":0.0,"enemies":"Jaw Worm","floor":1.0,"turns":2.0},{"damage":12.0,"enemies":"Cultist","floor":2.0,"turns":3.0},{"damage":4.0,"enemies":"2 Louse","floor":3.0,"turns":3.0},{"damage":6.0,"enemies":"Exordium Thugs","floor":5.0,"turns":3.0},{"damage":6.0,"enemies":"Exordium Wildlife","floor":7.0,"turns":5.0},{"damage":10.0,"enemies":"Gremlin Nob","floor":11.0,"turns":3.0},{"damage":0.0,"enemies":"2 Fungi Beasts","floor":13.0,"turns":3.0},{"damage":0.0,"enemies":"Looter","floor":14.0,"turns":3.0},{"damage":9.0,"enemies":"Slime Boss","floor":16.0,"turns":10.0},{"damage":0.0,"enemies":"Chosen","floor":18.0,"turns":3.0},{"damage":8.0,"enemies":"Shell Parasite","floor":20.0,"turns":3.0},{"damage":0.0,"enemies":"Snake Plant","floor":21.0,"turns":1.0},{"damage":9.0,"enemies":"Snecko","floor":22.0,"turns":3.0},{"damage":2.0,"enemies":"3 Cultists","floor":23.0,"turns":5.0},{"damage":39.0,"enemies":"Book of Stabbing","floor":24.0,"turns":3.0},{"damage":22.0,"enemies":"Gremlin Leader","floor":27.0,"turns":6.0},{"damage":3.0,"enemies":"Cultist and Chosen","floor":28.0,"turns":5.0},{"damage":11.0,"enemies":"Snake Plant","floor":30.0,"turns":4.0},{"damage":0.0,"enemies":"Sentry and Sphere","floor":31.0,"turns":4.0},{"damage":5.0,"enemies":"Automaton","floor":33.0,"turns":6.0},{"damage":8.0,"enemies":"3 Shapes","floor":35.0,"turns":3.0},{"damage":3.0,"enemies":"3 Darklings","floor":36.0,"turns":5.0},{"damage":13.0,"enemies":"2 Orb Walkers","floor":37.0,"turns":4.0},{"damage":38.0,"enemies":"Reptomancer","floor":40.0,"turns":7.0},{"damage":0.0,"enemies":"Mind Bloom Boss Battle","floor":42.0,"turns":3.0},{"damage":0.0,"enemies":"Giant Head","floor":44.0,"turns":3.0},{"damage":0.0,"enemies":"Sphere and 2 Shapes","floor":45.0,"turns":5.0},{"damage":0.0,"enemies":"Writhing Mass","floor":46.0,"turns":3.0},{"damage":0.0,"enemies":"Transient","floor":48.0,"turns":5.0},{"damage":0.0,"enemies":"Awakened One","floor":50.0,"turns":3.0},{"damage":16.0,"enemies":"Shield and Spear","floor":54.0,"turns":7.0},{"damage":130,"enemies":"The Heart","floor":55,"turns":8}],"seed_played":"-3470179901469157508","potions_obtained":[{"floor":3.0,"key":"AttackPotion"},{"floor":5.0,"key":"FearPotion"},{"floor":7.0,"key":"Dexterity Potion"},{"floor":11.0,"key":"EssenceOfSteel"},{"floor":16.0,"key":"SmokeBomb"},{"floor":18.0,"key":"FairyPotion"},{"floor":28.0,"key":"GamblersBrew"},{"floor":31.0,"key":"DistilledChaos"},{"floor":37.0,"key":"SpeedPotion"},{"floor":40.0,"key":"ColorlessPotion"},{"floor":48.0,"key":"BottledMiracle"}],"is_trial":false,"path_per_floor":["M","M","M","?","M","R","M","R","T","$","E","?","M","M","R","B",null,"M","?","M","M","M","M","E","R","T","E","M","$","M","M","R","B",null,"M","M","?","$","?","E","$","?","T","E","M","M","$","M","R","B",null,"R","$","E","B",null],"character_chosen":"WATCHER","items_purchased":["Flash of Steel","Lee\u0027s Waffle"],"campfire_rested":1,"item_purchase_floors":[10,41],"current_hp_per_floor":[61,49,45,45,39,39,33,33,33,33,23,17,17,17,17,8,53,53,53,45,45,36,34,20,55,55,33,30,45,34,34,34,29,58,50,47,34,49,39,1,75,75,75,75,75,75,75,75,75,75,75,75,75,59,23],"gold":162,"neow_bonus":"BOSS_RELIC","is_daily":false,"chose_seed":false,"campfire_upgraded":5,"win_rate":0.0,"timestamp":1611007025,"path_taken":["M","M","M","?","M","R","?","R","T","$","E","?","M","?","R","BOSS","M","?","M","M","M","M","E","R","T","E","M","$","M","M","R","BOSS","M","M","?","$","?","E","$","?","T","E","M","M","?","?","R","BOSS","R","$","E","BOSS"],"items_purchased_type":["Card","Relic"],"build_version":"2020-12-22","purchased_purges":4,"victory":true,"max_hp_per_floor":[68,68,68,68,68,68,68,68,68,68,68,68,68,68,68,68,68,68,68,68,68,68,68,68,68,68,68,68,68,68,68,68,68,68,68,68,68,68,68,68,75,75,75,75,75,75,75,75,75,75,75,75,75,75,75],"card_choices":[{"not_picked":["SashWhip","LikeWater","BattleHymn"],"picked":"SKIP","floor":1.0},{"not_picked":["ClearTheMind","JustLucky","WreathOfFlame"],"picked":"SKIP","floor":2.0},{"not_picked":["Halt","FlurryOfBlows"],"picked":"MentalFortress","floor":3.0},{"not_picked":["ClearTheMind","Swivel","Prostrate"],"picked":"SKIP","floor":5.0},{"not_picked":["WindmillStrike","ForeignInfluence"],"picked":"CrushJoints","floor":7.0},{"not_picked":["JustLucky","FlurryOfBlows","EmptyBody"],"picked":"SKIP","floor":11.0},{"not_picked":["Weave","ThirdEye"],"picked":"EmptyMind","floor":13.0},{"not_picked":["PathToVictory","CarveReality"],"picked":"Halt","floor":14.0},{"not_picked":["FlyingSleeves","Nirvana","Vengeance"],"picked":"SKIP","floor":18.0},{"not_picked":["Fasting2+1","Wallop"],"picked":"Tantrum","floor":20.0},{"not_picked":["Indignation","BowlingBash","CrushJoints"],"picked":"SKIP","floor":22.0},{"not_picked":["Indignation","BowlingBash","CrushJoints"],"picked":"SKIP","floor":22.0},{"not_picked":["Conclude","Evaluate","BowlingBash"],"picked":"SKIP","floor":23.0},{"not_picked":["Protect","EmptyBody","WreathOfFlame"],"picked":"SKIP","floor":24.0},{"not_picked":["CrushJoints","ClearTheMind","Consecrate"],"picked":"SKIP","floor":27.0},{"not_picked":["Collect","BowlingBash","WheelKick"],"picked":"SKIP","floor":28.0},{"not_picked":["Consecrate","Collect","FlurryOfBlows"],"picked":"SKIP","floor":30.0},{"not_picked":["Judgement","Evaluate+1"],"picked":"SandsOfTime","floor":31.0},{"not_picked":["Ragnarok","Devotion"],"picked":"DeusExMachina","floor":33.0},{"not_picked":["BowlingBash","EmptyFist","EmptyBody+1"],"picked":"SKIP","floor":35.0},{"not_picked":["EmptyBody","Weave","ThirdEye"],"picked":"SKIP","floor":36.0},{"not_picked":["Mayhem","Madness"],"picked":"Finesse","floor":39.0},{"not_picked":["Halt+1","Nirvana","ClearTheMind"],"picked":"SKIP","floor":40.0},{"not_picked":["Vault","ClearTheMind","BowlingBash"],"picked":"SKIP","floor":44.0},{"not_picked":["Conclude","SashWhip+1"],"picked":"Adaptation+1","floor":45.0},{"not_picked":["Crescendo","SashWhip","Halt+1"],"picked":"SKIP","floor":45.0},{"not_picked":["Crescendo","SashWhip","Halt+1"],"picked":"SKIP","floor":45.0},{"not_picked":["Indignation","Evaluate","Study"],"picked":"SKIP","floor":46.0},{"not_picked":["FollowUp","FlurryOfBlows","Halt"],"picked":"SKIP","floor":46.0},{"not_picked":["Tantrum+1","Prostrate","Crescendo+1"],"picked":"SKIP","floor":48.0},{"not_picked":["FlyingSleeves","CrushJoints+1","Meditate+1"],"picked":"SKIP","floor":48.0},{"not_picked":["Ragnarok","Crescendo","Pray"],"picked":"SKIP","floor":54.0}],"player_experience":499714,"relics_obtained":[{"floor":9.0,"key":"Regal Pillow"},{"floor":11.0,"key":"Oddly Smooth Stone"},{"floor":24.0,"key":"Blue Candle"},{"floor":26.0,"key":"Bottled Flame"},{"floor":27.0,"key":"MealTicket"},{"floor":37.0,"key":"Turnip"},{"floor":40.0,"key":"Orichalcum"},{"floor":42.0,"key":"Lizard Tail"},{"floor":44.0,"key":"Prayer Wheel"},{"floor":54.0,"key":"Blood Vial"}],"event_choices":[{"damage_healed":0.0,"max_hp_gain":0.0,"max_hp_loss":0.0,"gold_gain":0.0,"event_name":"Upgrade Shrine","player_choice":"Upgraded","floor":4.0,"gold_loss":0.0,"damage_taken":0.0,"cards_upgraded":["Eruption"]},{"damage_healed":0.0,"max_hp_gain":0.0,"max_hp_loss":0.0,"gold_gain":50.0,"event_name":"FaceTrader","player_choice":"Touch","floor":12.0,"gold_loss":0.0,"damage_taken":6.0},{"damage_healed":0.0,"max_hp_gain":0.0,"max_hp_loss":0.0,"gold_gain":0.0,"event_name":"Accursed Blacksmith","player_choice":"Forge","floor":19.0,"gold_loss":0.0,"damage_taken":0.0,"cards_upgraded":["Flash of Steel"]},{"damage_healed":0.0,"max_hp_gain":0.0,"max_hp_loss":0.0,"gold_gain":0.0,"event_name":"Mysterious Sphere","player_choice":"Fight","floor":37.0,"gold_loss":0.0,"damage_taken":0.0},{"damage_healed":0.0,"max_hp_gain":0.0,"max_hp_loss":0.0,"gold_gain":0.0,"event_name":"SensoryStone","player_choice":"Memory 3","floor":39.0,"gold_loss":0.0,"damage_taken":10.0},{"damage_healed":0.0,"max_hp_gain":0.0,"max_hp_loss":0.0,"gold_gain":0.0,"event_name":"MindBloom","player_choice":"Fight","floor":42.0,"gold_loss":0.0,"damage_taken":0.0}],"is_beta":false,"boss_relics":[{"not_picked":["SacredBark","Busted Crown"],"picked":"Empty Cage"},{"not_picked":["Black Star","SlaversCollar"],"picked":"Astrolabe"}],"items_purged_floors":[10,29,38,41],"is_endless":false,"potions_floor_spawned":[3,5,7,11,16,18,20,28,31,33,37,40,44,48,54],"ascension_level":16}}