{"host":"u1dfzl6o6mfmauc3","time":1611011585,"event":{"mods":["2.2 Compatiblity","AchievementEnabler","BaseMod","Block Reminder","Challenge The Spire","Dark Map","Hermit","Minty Spire (QoL Compilation)","Relic Stats","Robot Space Explorer","StSLib","The Disciple"],"gold_per_floor":[117,131,149,163,177,194,229,229,229,290,316,316,342,352,352,454,454,471,471,485,495,37,70,70,95,148,179,203,93,123,137,137,239,539,552,563,17,37,90,90,90,90,90,90,102,127,137,155,169,169,169,169,169,49,75,75],"floor_reached":57,"language":"ENG","playtime":4177,"items_purged":["hermit:Strike_Hermit","hermit:Strike_Hermit","hermit:Strike_Hermit","hermit:Defend_Hermit"],"score":1417,"play_id":"7899b8c5-1e29-42d1-96c9-0cf712ca3ebe","local_time":"20210118181305","is_ascension_mode":true,"campfire_choices":[{"data":"hermit:Virtue","floor":8,"key":"SMITH"},{"floor":12,"key":"REST"},{"data":"hermit:TakeAim","floor":15,"key":"SMITH"},{"data":"hermit:Adapt","floor":24,"key":"SMITH"},{"data":"hermit:Adapt","floor":32,"key":"SMITH"},{"data":"hermit:Magnum","floor":40,"key":"SMITH"},{"data":"hermit:Combo","floor":42,"key":"SMITH"},{"floor":50,"key":"RECALL"},{"data":"hermit:BigShot","floor":53,"key":"SMITH"}],"circlet_count":0,"master_deck":["hermit:Defend_Hermit","hermit:Defend_Hermit","hermit:Defend_Hermit","hermit:Snapshot","hermit:Covet","hermit:Combo+1","hermit:Roulette","hermit:Vantage","hermit:GhostlyPresence","hermit:Virtue+1","hermit:TakeAim+1","hermit:HeroicBravado+1","hermit:Adapt+1","hermit:LuckOfTheDraw+1","hermit:Dive+1","hermit:CalledShot+1","hermit:Adapt+1","hermit:Glare+1","hermit:Virtue+1","hermit:Magnum+1","hermit:Gestalt+1","hermit:FlashPowder+1","hermit:LuckOfTheDraw+1","hermit:BigShot+1","hermit:FromBeyond+1","hermit:EyeOfTheStorm+1"],"relics":["Sozu","Anchor","Toxic Egg 2","hermit:Spyglass","Pantograph","Coffee Dripper","Lee\u0027s Waffle","hermit:Horseshoe","The Courier","Question Card","Pen Nib","MawBank","Omamori","Calling Bell","Tiny Chest","Kunai","Old Coin","DollysMirror","Ornamental Fan","Centennial Puzzle","StoneCalendar","Letter Opener","Ginger","Bottled Tornado"],"acts_visited":["Exordium","TheCity","TheBeyond","TheEnding"],"potions_floor_usage":[],"damage_taken":[{"damage":0,"enemies":"Cultist","floor":1,"turns":3},{"damage":7,"enemies":"Jaw Worm","floor":2,"turns":3},{"damage":11,"enemies":"Small Slimes","floor":3,"turns":4},{"damage":11,"enemies":"Gremlin Gang","floor":4,"turns":4},{"damage":1,"enemies":"Exordium Thugs","floor":5,"turns":4},{"damage":3,"enemies":"Blue Slaver","floor":6,"turns":3},{"damage":6,"enemies":"3 Sentries","floor":7,"turns":8},{"damage":7,"enemies":"Lagavulin","floor":11,"turns":7},{"damage":23,"enemies":"Gremlin Nob","floor":13,"turns":4},{"damage":4,"enemies":"Lots of Slimes","floor":14,"turns":6},{"damage":28,"enemies":"Slime Boss","floor":16,"turns":13},{"damage":13,"enemies":"3 Byrds","floor":18,"turns":6},{"damage":1,"enemies":"Spheric Guardian","floor":20,"turns":5},{"damage":1,"enemies":"Centurion and Healer","floor":21,"turns":5},{"damage":24,"enemies":"Slavers","floor":23,"turns":7},{"damage":3,"enemies":"Book of Stabbing","floor":25,"turns":6},{"damage":0,"enemies":"Gremlin Leader","floor":27,"turns":6},{"damage":1,"enemies":"Snecko","floor":28,"turns":5},{"damage":2,"enemies":"Slavers","floor":30,"turns":6},{"damage":0,"enemies":"Snake Plant","floor":31,"turns":5},{"damage":1,"enemies":"Automaton","floor":33,"turns":8},{"damage":1,"enemies":"3 Shapes","floor":35,"turns":8},{"damage":2,"enemies":"3 Darklings","floor":36,"turns":7},{"damage":16,"enemies":"4 Shapes","floor":38,"turns":11},{"damage":27,"enemies":"2 Orb Walkers","floor":39,"turns":9},{"damage":0,"enemies":"Maw","floor":45,"turns":7},{"damage":2,"enemies":"Reptomancer","floor":46,"turns":6},{"damage":1,"enemies":"3 Darklings","floor":47,"turns":5},{"damage":14,"enemies":"4 Shapes","floor":48,"turns":3},{"damage":3,"enemies":"Sphere and 2 Shapes","floor":49,"turns":7},{"damage":1,"enemies":"Donu and Deca","floor":51,"turns":4},{"damage":0,"enemies":"Shield and Spear","floor":55,"turns":5},{"damage":20,"enemies":"The Heart","floor":56,"turns":11}],"seed_played":"-5958163269742995146","potions_obtained":[],"is_trial":false,"path_per_floor":["M","M","M","M","M","M","E","R","T","?","E","R","E","M","R","B",null,"M","?","M","M","$","E","R","E","T","E","M","$","E","M","R","B",null,"M","M","$","M","?","R","?","R","T","T","M","E","M","M","M","R","B",null,"R","$","E","B",null],"character_chosen":"HERMIT","items_purchased":["Lee\u0027s Waffle","hermit:Horseshoe","hermit:Glare+1","DollysMirror","Ornamental Fan","Centennial Puzzle"],"campfire_rested":1,"item_purchase_floors":[22,22,29,37,37,37],"current_hp_per_floor":[75,68,57,46,45,42,36,36,36,36,29,51,28,24,24,21,75,62,62,61,60,82,58,58,55,55,55,54,54,52,52,52,76,82,81,79,79,63,36,36,36,36,36,36,36,34,33,19,16,16,40,82,82,82,82,62],"gold":75,"neow_bonus":"BOSS_RELIC","is_daily":false,"chose_seed":false,"campfire_upgraded":7,"win_rate":0.0,"timestamp":1611011585,"path_taken":["M","M","M","?","M","M","E","R","T","?","E","R","E","M","R","BOSS","M","?","M","M","$","E","R","E","T","E","M","$","E","?","R","BOSS","M","M","$","M","?","R","?","R","T","T","M","E","?","M","M","R","BOSS","R","$","E","BOSS"],"items_purchased_type":["Relic","Relic","Card","Relic","Relic","Relic"],"build_version":"2020-12-22","purchased_purges":4,"victory":true,"max_hp_per_floor":[75,75,75,75,75,75,75,75,75,75,75,75,75,75,75,75,75,75,75,75,75,82,82,82,82,82,82,82,82,82,82,82,82,82,82,82,82,82,82,82,82,82,82,82,82,82,82,82,82,82,82,82,82,82,82,82],"relic_stats":{"Lee\u0027s Waffle":22,"counters":[33,201],"StoneCalendar":[52],"Pen Nib":[24],"Letter Opener":[340],"Ginger":[2],"Question Card":16,"MawBank":24,"Sozu":11,"Centennial Puzzle":[21],"Ornamental Fan":[96],"Pantograph":75,"Tiny Chest":0,"Kunai":[28],"obtain_stats":[{"StoneCalendar":39,"Ginger":46,"Bottled Tornado":55,"Old Coin":34,"Sozu":0,"Centennial Puzzle":37,"DollysMirror":37,"Pantograph":13,"Tiny Chest":34,"Kunai":34,"Toxic Egg 2":9,"hermit:Spyglass":11,"Lee\u0027s Waffle":22,"The Courier":23,"Pen Nib":26,"Omamori":30,"Letter Opener":43,"Question Card":25,"MawBank":27,"Calling Bell":34,"Anchor":7,"Ornamental Fan":37,"Coffee Dripper":17,"hermit:Horseshoe":22,"hermit:Momento":0},{"StoneCalendar":25,"Ginger":27,"Bottled Tornado":32,"Old Coin":21,"Sozu":0,"Centennial Puzzle":23,"DollysMirror":23,"Pantograph":9,"Tiny Chest":21,"Kunai":21,"Toxic Egg 2":7,"hermit:Spyglass":8,"Lee\u0027s Waffle":14,"The Courier":15,"Pen Nib":16,"Omamori":19,"Letter Opener":25,"Question Card":16,"MawBank":17,"Calling Bell":21,"Anchor":7,"Ornamental Fan":23,"Coffee Dripper":11,"hermit:Horseshoe":14,"hermit:Momento":0},{"StoneCalendar":153,"Ginger":166,"Bottled Tornado":190,"Old Coin":118,"Sozu":0,"Centennial Puzzle":133,"DollysMirror":133,"Pantograph":40,"Tiny Chest":118,"Kunai":118,"Toxic Egg 2":29,"hermit:Spyglass":36,"Lee\u0027s Waffle":75,"The Courier":82,"Pen Nib":88,"Omamori":105,"Letter Opener":153,"Question Card":88,"MawBank":94,"Calling Bell":118,"Anchor":29,"Ornamental Fan":133,"Coffee Dripper":59,"hermit:Horseshoe":75,"hermit:Momento":0}]},"card_choices":[{"not_picked":["hermit:GhostlyPresence","hermit:Ricochet"],"picked":"hermit:Combo","floor":1},{"not_picked":["hermit:Ricochet","hermit:Feint"],"picked":"hermit:Roulette","floor":2},{"not_picked":["hermit:Cheat","hermit:Horror"],"picked":"hermit:Vantage","floor":3},{"not_picked":["hermit:Ricochet","hermit:Manifest"],"picked":"hermit:GhostlyPresence","floor":4},{"not_picked":["hermit:NoHoldsBarred","hermit:CursedWeapon"],"picked":"hermit:Virtue","floor":5},{"not_picked":["hermit:FinalCanter","hermit:Quickdraw","hermit:Vantage"],"picked":"SKIP","floor":6},{"not_picked":["hermit:HoleUp","hermit:Vantage","hermit:LowProfile"],"picked":"SKIP","floor":7},{"not_picked":["hermit:HoleUp+1","hermit:Cheat+1"],"picked":"hermit:TakeAim","floor":11},{"not_picked":["hermit:Deadeye","hermit:Virtue+1"],"picked":"hermit:HeroicBravado+1","floor":13},{"not_picked":["hermit:CalledShot","hermit:Quickdraw","hermit:SprayPray"],"picked":"SKIP","floor":14},{"not_picked":["hermit:HighNoon","hermit:FatalDesire"],"picked":"hermit:Adapt","floor":16},{"not_picked":["hermit:Quickdraw","hermit:Shortfuse"],"picked":"hermit:LuckOfTheDraw+1","floor":18},{"not_picked":["hermit:Spite","hermit:SprayPray","hermit:Headshot+1"],"picked":"SKIP","floor":20},{"not_picked":["hermit:HighCaliber","hermit:TrackingShot"],"picked":"hermit:Dive+1","floor":21},{"not_picked":["hermit:Maintenance+1","hermit:Snipe+1","hermit:Dive+1"],"picked":"SKIP","floor":23},{"not_picked":["hermit:Midnight+1","hermit:PistolWhip+1"],"picked":"hermit:CalledShot+1","floor":25},{"not_picked":["hermit:Vantage+1","hermit:Feint+1","hermit:CalledShot","hermit:BodyArmor+1"],"picked":"SKIP","floor":27},{"not_picked":["hermit:LowProfile+1","hermit:HoleUp+1","hermit:Dive+1"],"picked":"hermit:Adapt","floor":28},{"not_picked":["hermit:Adapt","hermit:DeadOrAlive","hermit:HighCaliber","hermit:GhostlyPresence+1"],"picked":"SKIP","floor":30},{"not_picked":["hermit:GhostlyPresence+1","hermit:Determination","hermit:Midnight+1"],"picked":"hermit:Virtue+1","floor":31},{"not_picked":["hermit:BlackWind","hermit:FinalCanter","hermit:Reprieve+1"],"picked":"hermit:Magnum","floor":33},{"not_picked":["hermit:Dive+1","hermit:Glare+1","hermit:Headshot+1"],"picked":"hermit:Gestalt+1","floor":35},{"not_picked":["hermit:Misfire","hermit:GhostlyPresence+1","hermit:Snipe+1"],"picked":"hermit:FlashPowder+1","floor":36},{"not_picked":["hermit:SprayPray+1","hermit:PistolWhip+1","hermit:TakeCover+1","hermit:Misfire"],"picked":"SKIP","floor":38},{"not_picked":["hermit:Shortfuse","hermit:Misfire+1","hermit:Coalescence+1"],"picked":"hermit:BigShot","floor":45},{"not_picked":["hermit:CalledShot+1","hermit:GoldenBullet+1","hermit:TakeCover+1","hermit:Roulette+1"],"picked":"SKIP","floor":46},{"not_picked":["hermit:Desperado","hermit:Shortfuse","hermit:Malice"],"picked":"hermit:FromBeyond+1","floor":47},{"not_picked":["hermit:Quickdraw","hermit:Feint+1","hermit:ItchyTrigger","hermit:Misfire"],"picked":"SKIP","floor":48},{"not_picked":["hermit:Manifest+1","hermit:Glare+1","hermit:Misfire+1"],"picked":"hermit:EyeOfTheStorm+1","floor":49},{"not_picked":["hermit:Showdown+1","hermit:Manifest+1","hermit:CalledShot+1","hermit:Gambit+1"],"picked":"SKIP","floor":55}],"player_experience":113153,"relics_obtained":[{"floor":7,"key":"Anchor"},{"floor":9,"key":"Toxic Egg 2"},{"floor":11,"key":"hermit:Spyglass"},{"floor":13,"key":"Pantograph"},{"floor":23,"key":"The Courier"},{"floor":25,"key":"Question Card"},{"floor":26,"key":"Pen Nib"},{"floor":27,"key":"MawBank"},{"floor":30,"key":"Omamori"},{"floor":34,"key":"Tiny Chest"},{"floor":34,"key":"Kunai"},{"floor":34,"key":"Old Coin"},{"floor":39,"key":"StoneCalendar"},{"floor":43,"key":"Letter Opener"},{"floor":46,"key":"Ginger"},{"floor":55,"key":"Bottled Tornado"}],"event_choices":[{"damage_healed":0,"gold_gain":61,"player_choice":"Gained Gold","damage_taken":0,"max_hp_gain":0,"max_hp_loss":0,"event_name":"Golden Wing","floor":10,"gold_loss":0},{"damage_healed":0,"gold_gain":0,"player_choice":"Bought 0 Potions","damage_taken":0,"max_hp_gain":0,"max_hp_loss":0,"event_name":"The Woman in Blue","floor":19,"gold_loss":0},{"damage_healed":0,"gold_gain":0,"player_choice":"Fight","damage_taken":0,"max_hp_gain":0,"max_hp_loss":0,"event_name":"Mysterious Sphere","floor":39,"gold_loss":0},{"cards_removed":["hermit:Strike_Hermit"],"damage_healed":0,"gold_gain":0,"player_choice":"Purged","damage_taken":0,"max_hp_gain":0,"max_hp_loss":0,"event_name":"Purifier","floor":41,"gold_loss":0}],"is_beta":false,"boss_relics":[{"not_picked":["Runic Pyramid","Velvet Choker"],"picked":"Coffee Dripper"},{"not_picked":["SlaversCollar","Snecko Eye"],"picked":"Calling Bell"}],"items_purged_floors":[22,29,37,54],"is_endless":false,"potions_floor_spawned":[1,4,6,11,13,16,23,25,27,31,35,45,48,49],"ascension_level":2}}