{"host":"545ma68kbj6ggddn","time":1611006189,"event":{"mods":["BaseMod","Downfall","Minty Spire (QoL Compilation)","SIMod","StSLib"],"gold_per_floor":[99,117,117,135,73,73,97,127,127,140,240,256,256,274,285,390,390,390,409,78,78,95,95,143,161,177,210,210,226,126,159,171,282,282,182,192,212,224,224,209,232,262,276,276,295,24,24,50,63,63],"floor_reached":51,"language":"ENG","playtime":5645,"items_purged":["downfall:Malfunctioning"],"score":823,"play_id":"f40823f5-feba-4696-9a2f-061b656c462a","local_time":"20210118154309","is_ascension_mode":false,"campfire_choices":[{"floor":1.0,"key":"RECALL"},{"data":"hexamod:ExtraCrispy","floor":9.0,"key":"SMITH"},{"data":"hexamod:TimeOfNeed","floor":18.0,"key":"SMITH"},{"data":"hexamod:VolcanoVisage","floor":30,"key":"SMITH"},{"floor":35,"key":"REST"},{"floor":47,"key":"REST"}],"circlet_count":0,"master_deck":["hexamod:Strike+1","hexamod:Strike+1","hexamod:Strike","hexamod:Defend","hexamod:Defend","hexamod:Defend+1","hexamod:Defend+1","hexamod:Sear+1","hexamod:Float+1","hexamod:BurningTouch+1","hexamod:HeatMetal","hexamod:Hexaguard+1","hexamod:HeatMetal","hexamod:ExtraCrispy+1","hexamod:ChargedBarrage","hexamod:StepThrough","hexamod:Hexaguard+1","hexamod:TimeOfNeed+1","hexamod:AdvancingGuard+1","hexamod:RadiantFlame","expansioncontent:QuickStudy+1","hexamod:HeatCrush","hexamod:ThermalTransfer+1","hexamod:Hexaguard+1","hexamod:VolcanoVisage+1","hexamod:SecondSeal","hexamod:ThermalTransfer+1","hexamod:Hexaguard+1","hexamod:SixthSeal","hexamod:FirstSeal","hexamod:InspiringFlames+1","Parasite","hexamod:Hexaguard+1","hexamod:DynamicBlow+1","hexamod:SpectersWail+1","hexamod:ThermalTransfer+1","hexamod:DynamicBlow","hexamod:FourthSeal","Discovery","hexamod:SearingWound","hexamod:SpectersWail+1"],"relics":["hexamod:SpiritBrand","Bag of Marbles","Boot","downfall:ShatteredFragment","Velvet Choker","downfall:HeartBlessingBlue","Regal Pillow","Fusion Hammer","downfall:HeartBlessingRed","Ancient Tea Set","Pen Nib","Incense Burner","Meat on the Bone"],"acts_visited":["Exordium","TheCity","TheBeyond"],"potions_floor_usage":[27,29,31,31,33,33,40,46,48,50,50,50,50],"damage_taken":[{"damage":0.0,"enemies":"Jaw Worm","floor":2.0,"turns":4.0},{"damage":8.0,"enemies":"Small Slimes","floor":4.0,"turns":3.0},{"damage":0.0,"enemies":"downfall:FleeingMerchant","floor":5.0,"turns":4.0},{"damage":0.0,"enemies":"Gremlin Nob","floor":8.0,"turns":3.0},{"damage":4.0,"enemies":"Cultist","floor":10.0,"turns":4.0},{"damage":0.0,"enemies":"Blue Slaver","floor":12.0,"turns":3.0},{"damage":0.0,"enemies":"Red Slaver","floor":14.0,"turns":3.0},{"damage":4.0,"enemies":"Exordium Thugs","floor":15.0,"turns":3.0},{"damage":12.0,"enemies":"IC_STATUS_ARCHETYPE","floor":16.0,"turns":6.0},{"damage":0.0,"enemies":"Chosen","floor":19.0,"turns":3.0},{"damage":3.0,"enemies":"downfall:FleeingMerchant","floor":20.0,"turns":4.0},{"damage":5.0,"enemies":"Snake Plant","floor":22.0,"turns":3.0},{"damage":1.0,"enemies":"Cultist and Chosen","floor":25.0,"turns":4.0},{"damage":12.0,"enemies":"Centurion and Healer","floor":26.0,"turns":4.0},{"damage":25,"enemies":"Slavers","floor":27,"turns":5},{"damage":9,"enemies":"Snake Plant","floor":29,"turns":3},{"damage":11,"enemies":"Gremlin Leader","floor":31,"turns":4},{"damage":0,"enemies":"Shelled Parasite and Fungi","floor":32,"turns":3},{"damage":29,"enemies":"DF_ARCHETYPE_CLAW","floor":33,"turns":8},{"damage":0,"enemies":"3 Shapes","floor":36,"turns":3},{"damage":10,"enemies":"Orb Walker","floor":37,"turns":4},{"damage":11,"enemies":"Writhing Mass","floor":38,"turns":4},{"damage":0,"enemies":"downfall:FleeingMerchant","floor":40,"turns":4},{"damage":26,"enemies":"Giant Head","floor":42,"turns":8},{"damage":0,"enemies":"Transient","floor":43,"turns":5},{"damage":13,"enemies":"Jaw Worm Horde","floor":45,"turns":2},{"damage":3,"enemies":"downfall:FleeingMerchant","floor":46,"turns":3},{"damage":0,"enemies":"4 Shapes","floor":48,"turns":5},{"damage":0,"enemies":"Transient","floor":49,"turns":5},{"damage":43,"enemies":"SI_POISON_ARCHETYPE","floor":50,"turns":8}],"seed_played":"-5866885416291489883","potions_obtained":[{"floor":4.0,"key":"Block Potion"},{"floor":8.0,"key":"Block Potion"},{"floor":10.0,"key":"hexamod:DoubleChargePotion"},{"floor":14.0,"key":"GamblersBrew"},{"floor":27,"key":"SneckoOil"},{"floor":29,"key":"champ:CounterPotion"},{"floor":31,"key":"Fire Potion"},{"floor":32,"key":"Swift Potion"},{"floor":37,"key":"bronze:BurnAndBuffPotion"},{"floor":38,"key":"GamblersBrew"},{"floor":43,"key":"EntropicBrew"},{"floor":45,"key":"SkillPotion"},{"floor":48,"key":"EssenceOfSteel"},{"floor":49,"key":"LiquidBronze"}],"is_trial":false,"path_per_floor":["R","M","?","M","$","?","T","E","R","M","?","M","?","M","M","B",null,"R","M","$","?","M","?","T","M","M","E","?","M","R","E","M","B",null,"R","M","M","M","?","$","T","E","M","?","M","$","R","M","M","B",null],"character_chosen":"THE_SPIRIT","items_purchased":["hexamod:HeatMetal","expansioncontent:QuickStudy+1","hexamod:HeatCrush","Incense Burner","Meat on the Bone","Discovery"],"campfire_rested":2,"item_purchase_floors":[5,20,20,46,46,46],"current_hp_per_floor":[77,77,77,69,69,69,69,69,69,65,65,65,44,44,40,28,77,77,77,74,74,69,69,69,68,56,31,31,22,32,21,21,30,87,87,87,84,73,73,73,73,47,47,97,84,81,97,97,97,54],"gold":63,"neow_bonus":"TEN_PERCENT_HP_BONUS","is_daily":false,"chose_seed":false,"campfire_upgraded":3,"win_rate":0.0,"timestamp":1611006189,"path_taken":["R","M","?","M","$","?","T","E","R","M","?","M","?","M","M","BOSS","R","M","$","?","?","?","T","M","M","E","?","?","R","E","M","BOSS","R","M","M","M","?","$","T","E","M","?","?","?","R","M","M","BOSS"],"items_purchased_type":["Card","Card","Card","Relic","Relic","Card"],"build_version":"2020-12-22","purchased_purges":1,"victory":true,"max_hp_per_floor":[77,77,77,77,77,77,77,77,77,77,77,77,77,77,77,77,77,77,77,77,77,77,77,77,77,77,77,77,77,87,87,87,87,87,87,87,87,87,87,87,87,87,87,97,97,97,97,97,97,97],"card_choices":[{"not_picked":["hexamod:GhostShield","hexamod:GhostLash"],"picked":"hexamod:BurningTouch","floor":2.0},{"not_picked":["hexamod:GhostflameBarrier","hexamod:Again"],"picked":"hexamod:HeatMetal","floor":4.0},{"not_picked":["hexamod:Haunt","hexamod:BacktrackSmack"],"picked":"hexamod:Hexaguard","floor":5.0},{"not_picked":["hexamod:RecurringNightmare","hexamod:BacktrackSmack"],"picked":"hexamod:ExtraCrispy","floor":8.0},{"not_picked":["hexamod:RetreatToShadows","hexamod:GhostLash","hexamod:BacktrackSmack"],"picked":"SKIP","floor":10.0},{"not_picked":["hexamod:GhostShield","hexamod:EtherealExpedition"],"picked":"hexamod:ChargedBarrage","floor":12.0},{"not_picked":["hexamod:CatchUp","hexamod:TimeWarp"],"picked":"hexamod:StepThrough","floor":14.0},{"not_picked":["hexamod:GhostLash","hexamod:HeatMetal"],"picked":"hexamod:Hexaguard","floor":15.0},{"not_picked":["hexamod:ParanormalForm","hexamod:UnleashSpirits"],"picked":"hexamod:TimeOfNeed","floor":16.0},{"not_picked":["hexamod:GhostflameBarrier+1","hexamod:BacktrackSmack"],"picked":"hexamod:AdvancingGuard+1","floor":19.0},{"not_picked":["hexamod:BurningTouch+1","hexamod:FastForward"],"picked":"hexamod:RadiantFlame","floor":20.0},{"not_picked":["hexamod:GhostShield+1","hexamod:RecurringNightmare","hexamod:FastForward"],"picked":"SKIP","floor":22.0},{"not_picked":["hexamod:RecurringNightmare","hexamod:NightmareStrike"],"picked":"hexamod:ThermalTransfer+1","floor":25.0},{"not_picked":["hexamod:HeatMetal","hexamod:NightmareGuise"],"picked":"hexamod:Hexaguard","floor":26.0},{"not_picked":["hexamod:ExtraCrispy","hexamod:NightmareGuise"],"picked":"hexamod:VolcanoVisage","floor":27},{"not_picked":["hexamod:InspiringFlames","hexamod:SpectersWail"],"picked":"hexamod:SecondSeal","floor":29},{"not_picked":["hexamod:GhostOfSpirePast","hexamod:SwordOfDarkness+1"],"picked":"hexamod:ThermalTransfer+1","floor":31},{"not_picked":["hexamod:GhostShield","hexamod:EmpoweredFlame"],"picked":"hexamod:Hexaguard","floor":32},{"not_picked":["hexamod:UnleashSpirits","hexamod:TimeOfNeed"],"picked":"hexamod:SixthSeal","floor":33},{"not_picked":["hexamod:EmpoweredFlame","hexamod:FastForward+1"],"picked":"hexamod:FirstSeal","floor":36},{"not_picked":["hexamod:SkipABeat+1","hexamod:SpectralAdrenaline+1"],"picked":"hexamod:InspiringFlames","floor":37},{"not_picked":["hexamod:ThermalTransfer","hexamod:SpectersWail"],"picked":"hexamod:Hexaguard+1","floor":38},{"not_picked":["hexamod:ThermalTransfer","hexamod:SpectersWail"],"picked":"hexamod:DynamicBlow+1","floor":40},{"not_picked":["hexamod:AdvancingGuard","hexamod:SpectralAdrenaline+1"],"picked":"hexamod:SpectersWail+1","floor":42},{"not_picked":["hexamod:HauntingEcho+1","hexamod:InspiringFlames"],"picked":"hexamod:ThermalTransfer+1","floor":43},{"not_picked":["hexamod:SkipABeat+1","hexamod:NightmareGuise"],"picked":"hexamod:DynamicBlow","floor":45},{"not_picked":["hexamod:NecessarySacrifice","hexamod:ThermalTransfer"],"picked":"hexamod:FourthSeal","floor":46},{"not_picked":["hexamod:StepThrough","hexamod:FirstSeal"],"picked":"hexamod:SearingWound","floor":48},{"not_picked":["hexamod:GhostShield","hexamod:NightmareGuise"],"picked":"hexamod:SpectersWail+1","floor":49}],"player_experience":202542,"relics_obtained":[{"floor":7.0,"key":"Bag of Marbles"},{"floor":8.0,"key":"Boot"},{"floor":27,"key":"Sundial"},{"floor":31,"key":"Regal Pillow"},{"floor":41,"key":"Ancient Tea Set"},{"floor":42,"key":"Pen Nib"}],"event_choices":[{"cards_removed":["hexamod:GhostflameInferno"],"damage_healed":40,"gold_gain":0,"player_choice":"Offered Rare","damage_taken":0,"max_hp_gain":10,"max_hp_loss":0,"event_name":"Bonfire Elementals","floor":44,"gold_loss":0}],"is_beta":false,"boss_relics":[{"not_picked":["Sozu","Calling Bell"],"picked":"Velvet Choker"},{"not_picked":["Pandora\u0027s Box","SacredBark"],"picked":"Fusion Hammer"}],"items_purged_floors":[20],"is_endless":false,"potions_floor_spawned":[4,8,10,14,16,26,27,29,31,32,37,38,43,45,49],"ascension_level":0}}