{"host":"2yhbarjh4s9lrrzt","time":1611008263,"event":{"mods":["BaseMod","Better Third Choice","Minty Spire (QoL Compilation)","Replay The Spire","StSLib"],"gold_per_floor":[116,129,142,122,92,92,103,121,190,190,218,237,237,237],"floor_reached":13,"language":"ENG","playtime":841,"items_purged":[],"score":87,"play_id":"2c5a795a-17ab-4796-9a9d-328b8a0de80c","local_time":"20210118171743","is_ascension_mode":false,"campfire_choices":[{"floor":6,"key":"RECALL"},{"floor":10,"key":"REST"}],"circlet_count":0,"master_deck":["Strike_P","Strike_P","Strike_P","Strike_P","Defend_P","Defend_P","Defend_P","Defend_P","Eruption","Vigilance","Collect","LikeWater","WaveOfTheHand","Protect","SandsOfTime","Scrawl","Omniscience","FearNoEvil"],"relics":["PureWater","NeowsBlessing","Gremlin Horn","Shovel"],"acts_visited":["Exordium"],"potions_floor_usage":[4,5,13,13],"damage_taken":[{"damage":0,"enemies":"Cultist","floor":1,"turns":1},{"damage":0,"enemies":"Small Slimes","floor":2,"turns":2},{"damage":0,"enemies":"2 Louse","floor":3,"turns":1},{"damage":5,"enemies":"Looter","floor":5,"turns":4},{"damage":2,"enemies":"Exordium Wildlife","floor":7,"turns":6},{"damage":0,"enemies":"2 Fungi Beasts","floor":8,"turns":6},{"damage":19,"enemies":"3 Sentries","floor":11,"turns":15},{"damage":16,"enemies":"Lots of Slimes","floor":12,"turns":7},{"damage":43,"enemies":"Gremlin Nob","floor":13,"turns":5}],"seed_played":"123291860444826189","potions_obtained":[{"floor":1,"key":"ColorlessPotion"},{"floor":4,"key":"Fruit Juice"},{"floor":11,"key":"Adrenaline Potion"},{"floor":12,"key":"StancePotion"}],"is_trial":false,"path_per_floor":["M","M","M","?","M","R","M","M","T","R","E","M","E"],"character_chosen":"WATCHER","items_purchased":[],"campfire_rested":1,"item_purchase_floors":[],"current_hp_per_floor":[72,72,72,77,72,72,70,70,70,77,58,42,0,0],"gold":237,"neow_bonus":"THREE_ENEMY_KILL","is_daily":false,"chose_seed":false,"campfire_upgraded":0,"win_rate":0.0,"timestamp":1611008263,"path_taken":["M","?","M","?","M","R","?","M","T","R","E","M","E"],"items_purchased_type":[],"build_version":"2020-12-22","purchased_purges":0,"victory":false,"max_hp_per_floor":[72,72,72,77,77,77,77,77,77,77,77,77,77,77],"card_choices":[{"not_picked":["Meditate","PathToVictory"],"picked":"Collect","floor":1},{"not_picked":["Halt","ClearTheMind"],"picked":"LikeWater","floor":2},{"not_picked":["SashWhip","Halt"],"picked":"WaveOfTheHand","floor":3},{"not_picked":["CrushJoints","WaveOfTheHand"],"picked":"Protect","floor":5},{"not_picked":["Replay:Cycle","Replay:DivineShield"],"picked":"SandsOfTime","floor":7},{"not_picked":["Vengeance","Evaluate"],"picked":"Scrawl","floor":8},{"not_picked":["Study","JustLucky"],"picked":"Omniscience","floor":11},{"not_picked":["FollowUp","Pray"],"picked":"FearNoEvil","floor":12}],"player_experience":223198,"relics_obtained":[{"floor":9,"key":"Gremlin Horn"},{"floor":11,"key":"Shovel"}],"event_choices":[{"damage_healed":0,"gold_gain":0,"player_choice":"Bought 1 Potion","damage_taken":0,"max_hp_gain":0,"max_hp_loss":0,"event_name":"The Woman in Blue","floor":4,"gold_loss":0}],"is_beta":false,"boss_relics":[],"items_purged_floors":[],"is_endless":false,"potions_floor_spawned":[1,11,12],"killed_by":"Gremlin Nob","ascension_level":0}}