{"host":"eumjbs7gc1i67a9z","time":1611002480,"event":{"mods":["Aspiration","BaseMod","Hubris","Infinite Spire","Minty Spire (QoL Compilation)","Quick Restart","Replay The Spire","StSLib","The Cursed","The Disciple","The Jungle","The Runesmith"],"gold_per_floor":[115,130,150,3,18,49,49,67,90,117,117,117,117,134,134,234,234,245,245,245,265,265,265,295,315,367,380,380,414,426,426,426],"floor_reached":31,"language":"ENG","playtime":1976,"items_purged":[],"score":292,"play_id":"fe2e19cb-25d5-477f-b740-c2fbcbbfbbc4","local_time":"20210118214120","is_ascension_mode":false,"campfire_choices":[{"floor":7.0,"key":"REST"},{"floor":12.0,"key":"REST"},{"floor":15.0,"key":"REST"},{"data":"ReplayTheSpireMod:Chaos Vortex","floor":23,"key":"SMITH"},{"data":"Runesmith:CraftMagma","floor":28,"key":"SMITH"}],"circlet_count":0,"master_deck":["Runesmith:Strike_RS","Runesmith:Strike_RS","Runesmith:Strike_RS","Runesmith:Defend_RS+1","Runesmith:Defend_RS","Runesmith:Defend_RS+1","Runesmith:Defend_RS+1","Runesmith:CraftFirestone","Runesmith:Fortify","Runesmith:CraftMagma+1","Runesmith:LithiumIon","Runesmith:CraftMagma+1","Runesmith:HeatedChisel","Runesmith:HammerThrow","Runesmith:Grindstone","Runesmith:EarthShield","Runesmith:ChiselStab","Runesmith:Duplicate","Runesmith:Grindstone+1","Runesmith:BackupBattery","ReplayTheSpireMod:Chaos Vortex+1","Runesmith:EarthShield","Runesmith:HammerThrow","Runesmith:Retool","Runesmith:ChiselStab"],"relics":["Runesmith:BrokenRuby","NeowsBlessing","Ancient Tea Set","War Paint","infinitespire:PuzzleCube","Bag of Marbles","Runic Pyramid","hubris:BottledHeart","hubris:GlazedTorus","infinitespire:Lucky Rock","hubris:Zylophone"],"acts_visited":["Exordium","TheCity"],"potions_floor_usage":[21,24,31],"damage_taken":[{"damage":0.0,"enemies":"Small Slimes","floor":1.0,"turns":1.0},{"damage":0.0,"enemies":"Jaw Worm","floor":2.0,"turns":1.0},{"damage":0.0,"enemies":"2 Louse","floor":3.0,"turns":1.0},{"damage":19.0,"enemies":"Blue Slaver","floor":5.0,"turns":3.0},{"damage":35.0,"enemies":"Gremlin Nob","floor":6.0,"turns":6.0},{"damage":12.0,"enemies":"3 Louse","floor":8.0,"turns":4.0},{"damage":1.0,"enemies":"Replay:BlueRogue","floor":10.0,"turns":7.0},{"damage":14.0,"enemies":"Large Slime","floor":14.0,"turns":6.0},{"damage":24.0,"enemies":"The Guardian","floor":16.0,"turns":8.0},{"damage":13.0,"enemies":"Spheric Guardian","floor":18.0,"turns":6.0},{"damage":0,"enemies":"3 Byrds","floor":21,"turns":5},{"damage":0,"enemies":"Book of Stabbing","floor":24,"turns":6},{"damage":0,"enemies":"3 Cultists","floor":25,"turns":6},{"damage":0,"enemies":"Snecko","floor":27,"turns":5},{"damage":0,"enemies":"Snake Plant","floor":30,"turns":3},{"damage":1,"enemies":"3 Cultists","floor":31,"turns":4}],"seed_played":"5145100877295100337","potions_obtained":[{"floor":1.0,"key":"ColorlessPotion"},{"floor":3.0,"key":"SmokeBomb"},{"floor":5.0,"key":"Block Potion"},{"floor":14.0,"key":"FearPotion"},{"floor":18,"key":"SkillPotion"},{"floor":24,"key":"Fruit Juice"},{"floor":25,"key":"BlessingOfTheForge"},{"floor":30,"key":"Venom Potion"}],"is_trial":false,"path_per_floor":["M","M","M","$","M","E","R","M","T","E","?","R","?","M","R","B",null,"M","?","?","M","?","R","E","M","T","M","R","?","M","M"],"character_chosen":"RUNESMITH_CLASS","items_purchased":["Ancient Tea Set"],"campfire_rested":3,"item_purchase_floors":[4],"current_hp_per_floor":[70,70,70,70,51,16,37,25,25,24,10,31,52,38,59,35,70,57,57,1,1,1,1,1,1,1,1,1,1,1,0,0],"gold":426,"neow_bonus":"THREE_ENEMY_KILL","is_daily":false,"chose_seed":false,"campfire_upgraded":2,"win_rate":0.0,"timestamp":1611002480,"path_taken":["M","M","M","$","M","E","R","M","T","E","?","R","?","M","R","BOSS","M","?","?","M","?","R","E","M","T","M","R","?","M","M"],"items_purchased_type":["Relic"],"build_version":"2020-12-22","purchased_purges":0,"victory":false,"max_hp_per_floor":[70,70,70,70,70,70,70,70,70,70,70,70,70,70,70,70,70,70,70,1,1,1,1,1,1,1,1,1,1,1,1,1],"card_choices":[{"not_picked":["Runesmith:Repurpose","Runesmith:CraftProtectio"],"picked":"Runesmith:CraftMagma","floor":1.0},{"not_picked":["Runesmith:MakeshiftArmor","Runesmith:PoweredAnvil"],"picked":"Runesmith:LithiumIon","floor":2.0},{"not_picked":["Runesmith:CraftObretio","Runesmith:CraftProtectio"],"picked":"Runesmith:CraftMagma","floor":3.0},{"not_picked":["Runesmith:Refine","Runesmith:CraftMagma"],"picked":"Runesmith:HeatedChisel","floor":5.0},{"not_picked":["Runesmith:EnergizedChisel","Runesmith:Firewall"],"picked":"Runesmith:HammerThrow","floor":6.0},{"not_picked":["Runesmith:UnstableHammer","Runesmith:CraftProtectio"],"picked":"Runesmith:Grindstone","floor":8.0},{"not_picked":["Runesmith:Overpower","Runesmith:BackupBattery"],"picked":"Runesmith:EarthShield","floor":10.0},{"not_picked":["Runesmith:FrozenChisel","Runesmith:LastStand"],"picked":"Runesmith:ChiselStab","floor":14.0},{"not_picked":["Runesmith:LastStand","Runesmith:CraftPrismatica"],"picked":"Runesmith:Duplicate","floor":16.0},{"not_picked":["Runesmith:StaticCage","Runesmith:Refine"],"picked":"Runesmith:Grindstone+1","floor":18},{"not_picked":["Runesmith:LithiumIon","Runesmith:Attraction+1"],"picked":"Runesmith:BackupBattery","floor":21},{"not_picked":["Replay:Fractal Strike","infinitespire:Starlight"],"picked":"ReplayTheSpireMod:Chaos Vortex","floor":22},{"not_picked":["Runesmith:Supernova","Runesmith:Reinforce"],"picked":"Runesmith:EarthShield","floor":24},{"not_picked":["Runesmith:CraftObretio","Runesmith:BackupBattery"],"picked":"Runesmith:HammerThrow","floor":25},{"not_picked":["Runesmith:Refine","Runesmith:CraftPrismatica"],"picked":"Runesmith:Retool","floor":27},{"not_picked":["Runesmith:StaticCage+1","Runesmith:Repurpose"],"picked":"Runesmith:ChiselStab","floor":30}],"player_experience":297871,"relics_obtained":[{"floor":6.0,"key":"War Paint"},{"floor":9.0,"key":"infinitespire:PuzzleCube"},{"floor":10.0,"key":"Bag of Marbles"},{"floor":24,"key":"hubris:GlazedTorus"},{"floor":26,"key":"infinitespire:Lucky Rock"},{"floor":29,"key":"hubris:Zylophone"}],"event_choices":[{"damage_healed":0.0,"max_hp_gain":0.0,"max_hp_loss":0.0,"gold_gain":0.0,"event_name":"Shining Light","player_choice":"Entered Light","floor":11.0,"gold_loss":0.0,"damage_taken":14.0,"cards_upgraded":["Runesmith:Defend_RS","Runesmith:Defend_RS"]},{"cards_removed":["Runesmith:Strike_RS"],"damage_healed":0,"gold_gain":0,"player_choice":"Elegance","damage_taken":0,"max_hp_gain":0,"max_hp_loss":0,"event_name":"Back to Basics","floor":19,"gold_loss":0}],"is_beta":false,"boss_relics":[{"not_picked":["Sozu","aspiration:RitualDagger"],"picked":"Runic Pyramid"}],"items_purged_floors":[],"is_endless":false,"potions_floor_spawned":[1,3,5,14,18,24,25,30],"killed_by":"3 Cultists","ascension_level":0}}