{"host":"qheym18ww6mhskxf","time":1611005613,"event":{"mods":["BaseMod","CapriCore","Friendly Minions","KOR Keyword Fix","Kiyohime£¨?ýï£©","Minty Spire (QoL Compilation)","Prisma Mod","Quick Restart","RRrroohrrRGHHhhh!!","Rare Cards Sparkle","Shop Mod","StSLib","Td1madao Mod","The Dragon Tamer","Username Fix"],"gold_per_floor":[112,112,128,128,128,128,146,162,162,173,208,243,255,42,42,42,42],"floor_reached":16,"language":"KOR","playtime":418,"items_purged":[],"score":235,"play_id":"a64d23fb-8b7e-406d-a69d-715bf91224b7","local_time":"20210119063333","daily_mods":["Heirloom","Time Dilation","DeadlyEvents","Elite Swarm"],"is_ascension_mode":true,"campfire_choices":[{"data":"Zap","floor":6.0,"key":"SMITH"},{"data":"Dualcast","floor":15,"key":"SMITH"}],"circlet_count":0,"master_deck":["Strike_B","Strike_B","Strike_B","Defend_B","Defend_B","Defend_B","Defend_B","Zap+1","Dualcast+1","Sweeping Beam","PrismaMod:ChloeGaeBolg+1"],"relics":["Cracked Core","Torii","Molten Egg 2","MerchantsRug","Bag of Marbles"],"acts_visited":["Exordium"],"potions_floor_usage":[10,11,11,11,12],"damage_taken":[{"damage":1.0,"enemies":"Cultist","floor":1.0,"turns":3.0},{"damage":0.0,"enemies":"2 Louse","floor":3.0,"turns":1.0},{"damage":1,"enemies":"Small Slimes","floor":7,"turns":3},{"damage":1,"enemies":"3 Louse","floor":8,"turns":2},{"damage":8,"enemies":"Exordium Wildlife","floor":10,"turns":4},{"damage":20,"enemies":"3 Sentries","floor":11,"turns":5},{"damage":26,"enemies":"Lagavulin","floor":12,"turns":8},{"damage":1,"enemies":"2 Fungi Beasts","floor":13,"turns":3},{"damage":18,"enemies":"The Guardian","floor":16,"turns":7}],"seed_played":"4495560877267584506","potions_obtained":[{"floor":2.0,"key":"Explosive Potion"},{"floor":2.0,"key":"Regen Potion"},{"floor":2.0,"key":"SpeedPotion"},{"floor":7,"key":"LiquidBronze"},{"floor":10,"key":"Energy Potion"},{"floor":11,"key":"SkillPotion"},{"floor":12,"key":"DistilledChaos"}],"is_trial":true,"path_per_floor":["M","?","M","?","?","R","M","M","T","M","E","E","M","$","R","B"],"character_chosen":"DEFECT","items_purchased":["MerchantsRug","Bag of Marbles","PrismaMod:ChloeGaeBolg+1"],"campfire_rested":0,"item_purchase_floors":[14,14,14],"current_hp_per_floor":[67,67,67,60,60,60,59,58,58,62,42,16,15,15,15,0,0],"gold":42,"neow_bonus":"","is_daily":false,"chose_seed":false,"campfire_upgraded":2,"win_rate":0.0,"timestamp":1611005613,"path_taken":["M","?","?","?","?","R","?","M","T","M","E","?","M","$","R","BOSS"],"items_purchased_type":["Relic","Relic","Card"],"build_version":"2020-12-22","purchased_purges":0,"victory":false,"max_hp_per_floor":[75,75,75,75,75,75,75,75,75,75,75,75,75,75,75,75,75],"card_choices":[{"not_picked":["PrismaMod:ChloeCheapAttackTwo","rorgmod:Chaos"],"picked":"Sweeping Beam","floor":1.0},{"not_picked":["Cold Snap","rorgmod:Antivirus","PrismaMod:ChloeCheapDefend"],"picked":"SKIP","floor":3.0},{"not_picked":["Rebound","Skim","Hologram"],"picked":"SKIP","floor":7},{"not_picked":["PrismaMod:ChloeCheapDefend","Turbo","Stack"],"picked":"SKIP","floor":8},{"not_picked":["Genetic Algorithm","PrismaMod:ChloeRuleBreaker+1","rorgmod:Overcurrent"],"picked":"SKIP","floor":10},{"not_picked":["rorgmod:Loose Screws+1","PrismaMod:ChloeUnlimitedBladeWorks","rorgmod:Black Ice"],"picked":"SKIP","floor":11},{"not_picked":["rorgmod:Thunder Strike+1","rorgmod:Volatility","rorgmod:Biogeneration+1"],"picked":"SKIP","floor":12},{"not_picked":["rorgmod:Antivirus","Coolheaded","rorgmod:LRU Cache+1"],"picked":"SKIP","floor":13}],"player_experience":410193,"relics_obtained":[{"floor":9,"key":"Molten Egg 2"},{"floor":11,"key":"Blue Candle"},{"floor":12,"key":"rorgmod:Decaying Core"}],"event_choices":[{"damage_healed":0.0,"max_hp_gain":0.0,"max_hp_loss":0.0,"gold_gain":0.0,"event_name":"Lab","player_choice":"Got Potions","floor":2.0,"gold_loss":0.0,"damage_taken":0.0},{"cards_removed":["Strike_B"],"damage_healed":0.0,"max_hp_gain":0.0,"max_hp_loss":0.0,"gold_gain":0.0,"event_name":"Golden Wing","player_choice":"Card Removal","floor":4.0,"gold_loss":0.0,"damage_taken":7.0}],"is_beta":false,"boss_relics":[],"items_purged_floors":[],"is_endless":true,"potions_floor_spawned":[7,10,11,12],"killed_by":"The Guardian","ascension_level":9}}