{"host":"ndpbn7fqb3wjbd7p","time":1611003542,"event":{"mods":["AchievementEnabler","Act Like it!","AlwaysNeverKeys","BaseMod","Better Vampires","Block Reminder","Colored Powertips","DeckTracker","Defuse TimeMaze Blight","Friendly Minions","Hallownest","Hermit","Highlight Path","MarisaÅiñ∂âJÅ@ñÇóùçπÅj","Minty Spire (QoL Compilation)","Permanent Neow","Shade Mod","StSLib","SuperFastMode","Synergy Search","The Mystic","Unceasing Turn Reminder","Wandering Minibosses","egg"],"gold_per_floor":[116,41,41,41,56,56,67,67,94,127,127,142,161,236,236,313,313,328,328,328,70,88,88,103,103,103,103,28,28,42,42,42,114,114,134,146,126,1,19,53,53,80,131,145,145,60,60,74,74,74],"floor_reached":51,"language":"ENG","playtime":2697,"items_purged":["Strike_G","Strike_G+1","Survivor"],"score":1607,"play_id":"174a1b8f-8ac2-41ac-b8b4-abe80d175356","local_time":"20210118215902","is_ascension_mode":true,"campfire_choices":[{"data":"Tactician","floor":6,"key":"SMITH"},{"data":"Eviscerate","floor":8,"key":"SMITH"},{"data":"Setup","floor":11,"key":"SMITH"},{"floor":15,"key":"REST"},{"data":"Tools of the Trade","floor":23,"key":"SMITH"},{"data":"Acrobatics","floor":27,"key":"SMITH"},{"data":"Acrobatics","floor":32,"key":"SMITH"},{"data":"Grand Finale","floor":41,"key":"SMITH"},{"data":"Escape Plan","floor":45,"key":"SMITH"},{"data":"Hallownest:skillKingdomsEdgeMap","floor":47,"key":"SMITH"},{"data":"Backflip","floor":49,"key":"SMITH"}],"circlet_count":0,"master_deck":["AscendersBane","Strike_G+1","Neutralize+1","Eviscerate+1","Tactician+1","Leg Sweep","Setup+1","Acrobatics+1","Prepared","Tools of the Trade+1","Escape Plan+1","Acrobatics+1","Grand Finale+1","Backflip+1","Hallownest:skillKingdomsEdgeMap+1","Calculated Gamble+1"],"relics":["Ring of the Serpent","Whetstone","Pen Nib","Empty Cage","Lee\u0027s Waffle","Centennial Puzzle","Shuriken","Blood Vial","Akabeko"],"acts_visited":["Exordium","TheCity","TheCity"],"potions_floor_usage":[7,10,16,18,33,35,39,50],"damage_taken":[{"damage":4,"enemies":"2 Louse","floor":1,"turns":4},{"damage":0,"enemies":"Cultist","floor":5,"turns":3},{"damage":0,"enemies":"Jaw Worm","floor":7,"turns":3},{"damage":0,"enemies":"Gremlin Nob","floor":10,"turns":3},{"damage":0,"enemies":"3 Louse","floor":12,"turns":4},{"damage":1,"enemies":"2 Fungi Beasts","floor":13,"turns":4},{"damage":40,"enemies":"The Guardian","floor":16,"turns":11},{"damage":0,"enemies":"Chosen","floor":18,"turns":3},{"damage":0,"enemies":"2 Thieves","floor":22,"turns":3},{"damage":0,"enemies":"Snake Plant","floor":24,"turns":3},{"damage":2,"enemies":"Centurion and Healer","floor":30,"turns":6},{"damage":0,"enemies":"Automaton","floor":33,"turns":2},{"damage":0,"enemies":"Hallownest:3_Siblings","floor":35,"turns":3},{"damage":0,"enemies":"Hallownest:2_Littles","floor":36,"turns":1},{"damage":0,"enemies":"Hallownest:Xero_Hu_Marmu","floor":39,"turns":1},{"damage":0,"enemies":"Hallownest:eliteCollector","floor":40,"turns":1},{"damage":0,"enemies":"Hallownest:StalkingDevout","floor":42,"turns":1},{"damage":0,"enemies":"Hallownest:Shield_Sturdy","floor":44,"turns":1},{"damage":0,"enemies":"Hallownest:monsterPrimalAspid","floor":48,"turns":1},{"damage":0,"enemies":"Hallownest:BossGreyPrinceZote","floor":50,"turns":1}],"seed_played":"5424980432512666662","potions_obtained":[{"floor":1,"key":"Fire Potion"},{"floor":7,"key":"LiquidMemories"},{"floor":12,"key":"Poison Potion"},{"floor":16,"key":"SteroidPotion"},{"floor":22,"key":"PowerPotion"},{"floor":33,"key":"AttackPotion"},{"floor":36,"key":"GamblersBrew"},{"floor":44,"key":"BlessingOfTheForge"}],"is_trial":false,"path_per_floor":["M","$","?","?","M","R","M","R","T","E","R","M","M","?","R","B",null,"M","?","?","$","M","R","M","?","T","R","?","$","M","$","R","B",null,"M","M","?","$","M","E","R","E","T","M","R","?","R","M","R","B",null],"character_chosen":"THE_SILENT","items_purchased":["Lee\u0027s Waffle"],"campfire_rested":1,"item_purchase_floors":[21],"current_hp_per_floor":[55,55,37,37,37,37,37,37,37,37,37,37,36,25,43,3,46,46,46,30,72,72,72,72,72,72,72,72,72,70,70,70,70,72,72,72,72,72,72,72,72,72,72,72,72,72,72,72,72,72],"gold":74,"neow_bonus":"REMOVE_TWO","is_daily":false,"chose_seed":false,"campfire_upgraded":10,"win_rate":0.0,"timestamp":1611003542,"path_taken":["M","$","?","?","?","R","M","R","T","E","R","M","M","?","R","BOSS","M","?","?","$","?","R","M","?","T","R","?","?","?","$","R","BOSS","M","M","?","$","M","E","R","E","T","?","R","?","R","?","R","BOSS"],"items_purchased_type":["Relic"],"build_version":"2020-12-22","purchased_purges":3,"victory":true,"max_hp_per_floor":[60,60,60,60,60,60,60,60,60,60,60,60,60,60,60,60,60,60,60,65,72,72,72,72,72,72,72,72,72,72,72,72,72,72,72,72,72,72,72,72,72,72,72,72,72,72,72,72,72,72],"card_choices":[{"not_picked":["Noxious Fumes","PiercingWail"],"picked":"Eviscerate","floor":1},{"not_picked":["Heel Hook","Terror"],"picked":"Tactician","floor":5},{"not_picked":["Dagger Spray","Quick Slash"],"picked":"Leg Sweep","floor":7},{"not_picked":["Blade Dance","Predator"],"picked":"Setup","floor":10},{"not_picked":["Flechettes","Leg Sweep"],"picked":"Acrobatics","floor":12},{"not_picked":["Finisher","PiercingWail"],"picked":"Prepared","floor":13},{"not_picked":["Envenom","Adrenaline"],"picked":"Tools of the Trade","floor":16},{"not_picked":["Backflip","Prepared","Sucker Punch"],"picked":"SKIP","floor":18},{"not_picked":["Heel Hook","Bane"],"picked":"Escape Plan","floor":22},{"not_picked":["Leg Sweep","Deflect+1","Quick Slash"],"picked":"SKIP","floor":24},{"not_picked":["Infinite Blades","Leg Sweep"],"picked":"Acrobatics","floor":30},{"not_picked":["Glass Knife","Doppelganger"],"picked":"Grand Finale","floor":33},{"not_picked":["Deflect","Slice","Blur"],"picked":"SKIP","floor":35},{"not_picked":["Blade Dance","Dagger Throw","Prepared"],"picked":"SKIP","floor":36},{"not_picked":["Flying Knee+1","PiercingWail"],"picked":"Backflip","floor":39},{"not_picked":["Poisoned Stab","Setup","All Out Attack+1"],"picked":"SKIP","floor":40},{"not_picked":["Endless Agony","Crippling Poison","Blade Dance"],"picked":"SKIP","floor":42},{"not_picked":["Calculated Gamble+1","Dodge and Roll","Envenom"],"picked":"SKIP","floor":44},{"not_picked":["Poisoned Stab","Dash"],"picked":"Calculated Gamble+1","floor":48}],"player_experience":1145707,"relics_obtained":[{"floor":9,"key":"Whetstone"},{"floor":10,"key":"Pen Nib"},{"floor":26,"key":"Centennial Puzzle"},{"floor":40,"key":"Shuriken"},{"floor":42,"key":"Blood Vial"},{"floor":43,"key":"Akabeko"}],"event_choices":[{"damage_healed":0,"gold_gain":0,"player_choice":"Entered Light","damage_taken":18,"max_hp_gain":0,"max_hp_loss":0,"event_name":"Shining Light","floor":3,"gold_loss":0,"cards_upgraded":["Strike_G","Strike_G"]},{"cards_removed":["Strike_G"],"damage_healed":0,"gold_gain":0,"player_choice":"Offered Basic","damage_taken":0,"max_hp_gain":0,"max_hp_loss":0,"event_name":"Bonfire Elementals","floor":4,"gold_loss":0},{"damage_healed":0,"gold_gain":75,"player_choice":"Gather Gold","damage_taken":11,"max_hp_gain":0,"max_hp_loss":0,"event_name":"World of Goop","floor":14,"gold_loss":0},{"damage_healed":0,"gold_gain":0,"player_choice":"Ignored","damage_taken":0,"max_hp_gain":0,"max_hp_loss":0,"event_name":"Vampires","floor":19,"gold_loss":0},{"damage_healed":0,"gold_gain":0,"player_choice":"Shed Blood","damage_taken":21,"max_hp_gain":5,"max_hp_loss":0,"event_name":"Forgotten Altar","floor":20,"gold_loss":0},{"cards_removed":["Defend_G"],"damage_healed":0,"gold_gain":0,"player_choice":"Elegance","damage_taken":0,"max_hp_gain":0,"max_hp_loss":0,"event_name":"Back to Basics","floor":25,"gold_loss":0},{"cards_removed":["Strike_G"],"damage_healed":0,"gold_gain":0,"player_choice":"Gave Gold","damage_taken":0,"max_hp_gain":0,"max_hp_loss":0,"event_name":"Beggar","floor":28,"gold_loss":75}],"is_beta":false,"boss_relics":[{"not_picked":["Runic Dome","Snecko Eye"],"picked":"Empty Cage"},{"not_picked":["Calling Bell","Tiny House"],"picked":"Ring of the Serpent"}],"items_purged_floors":[2,21,38],"is_endless":false,"potions_floor_spawned":[1,7,12,16,22,33,36,44],"ascension_level":16}}