{"host":"pvedlq59if0kbxhz","time":1611005423,"event":{"mods":["Act Like it!","BaseMod","Duelist Mod","Friendly Minions","GifTheSpireLib","Gold Saver","Minty Spire (QoL Compilation)","Replay The Spire","Shop Mod","StSLib","The Jungle"],"gold_per_floor":[115,115,127,145,145,145,171,19,44,70,70,87,107,118,118,118,118],"floor_reached":16,"language":"ENG","playtime":743,"items_purged":[],"score":112,"play_id":"a71fa41f-31fd-4453-a09b-600d07b323f5","local_time":"20210118163023","is_ascension_mode":false,"campfire_choices":[{"data":"Ball Lightning","floor":6,"key":"SMITH"},{"floor":11,"key":"REST"},{"floor":15,"key":"REST"}],"circlet_count":0,"master_deck":["Strike_B","Strike_B","Strike_B+1","Strike_B","Defend_B","Defend_B","Defend_B","Defend_B","Zap+1","Dualcast","CurseOfTheBell","Sweeping Beam","Ball Lightning+1","Ball Lightning+1","Skim","Electrodynamics","Go for the Eyes","Beam Cell","Chill"],"relics":["Calling Bell","ReplayFunnel","Chameleon Ring","Gambling Chip","CultistMask","Replay:Wax Seal","HandDrill","Whetstone","Geode"],"acts_visited":["Exordium"],"potions_floor_usage":[7,7],"damage_taken":[{"damage":11,"enemies":"Jaw Worm","floor":1,"turns":5},{"damage":10,"enemies":"Cultist","floor":3,"turns":4},{"damage":2,"enemies":"2 Louse","floor":4,"turns":2},{"damage":15,"enemies":"Replay:BlueRogue","floor":7,"turns":3},{"damage":21,"enemies":"3 Sentries","floor":10,"turns":4},{"damage":0,"enemies":"Large Slime","floor":12,"turns":3},{"damage":7,"enemies":"Blue Slaver","floor":13,"turns":3},{"damage":1,"enemies":"3 Louse","floor":14,"turns":2},{"damage":0,"enemies":"Slime Boss","floor":16,"turns":1}],"seed_played":"-8148373638106610330","potions_obtained":[{"floor":3,"key":"GamblersBrew"},{"floor":4,"key":"FocusPotion"},{"floor":12,"key":"SmokeBomb"},{"floor":14,"key":"FearPotion"}],"is_trial":false,"path_per_floor":["M","?","M","M","?","R","E","$","T","E","R","M","M","M","R","B"],"character_chosen":"DEFECT","items_purchased":["HandDrill"],"campfire_rested":2,"item_purchase_floors":[8],"current_hp_per_floor":[64,64,54,52,52,52,37,37,37,16,38,38,31,30,52,52,52],"gold":118,"neow_bonus":"BOSS_RELIC","is_daily":false,"chose_seed":false,"campfire_upgraded":1,"win_rate":0.0,"timestamp":1611005423,"path_taken":["M","?","?","M","?","R","E","$","T","E","R","M","M","?","R","BOSS"],"items_purchased_type":["Relic"],"build_version":"2020-12-22","purchased_purges":0,"victory":false,"max_hp_per_floor":[75,75,75,75,75,75,75,75,75,75,75,75,75,75,75,75,75],"card_choices":[{"not_picked":["Gash","Lockon"],"picked":"Sweeping Beam","floor":1},{"not_picked":["Hologram","Melter"],"picked":"Ball Lightning","floor":3},{"not_picked":["Loop","Redo"],"picked":"Ball Lightning","floor":4},{"not_picked":["Redo","Conserve Battery"],"picked":"Skim","floor":7},{"not_picked":["Hello World","Reprogram"],"picked":"Electrodynamics","floor":10},{"not_picked":["Gash","Compile Driver"],"picked":"Go for the Eyes","floor":12},{"not_picked":["Streamline","Cold Snap"],"picked":"Beam Cell","floor":13},{"not_picked":["ReplayTheSpireMod:Reroute Power","Conserve Battery"],"picked":"Chill","floor":14}],"player_experience":12734,"relics_obtained":[{"floor":0,"key":"ReplayFunnel"},{"floor":0,"key":"Chameleon Ring"},{"floor":0,"key":"Gambling Chip"},{"floor":7,"key":"Replay:Wax Seal"},{"floor":9,"key":"Whetstone"},{"floor":10,"key":"Geode"}],"event_choices":[{"damage_healed":0,"gold_gain":0,"player_choice":"Trade","damage_taken":0,"relics_obtained":["CultistMask"],"max_hp_gain":0,"max_hp_loss":0,"event_name":"FaceTrader","floor":2,"gold_loss":0},{"damage_healed":0,"gold_gain":0,"player_choice":"Upgraded","damage_taken":0,"max_hp_gain":0,"max_hp_loss":0,"event_name":"Upgrade Shrine","floor":5,"gold_loss":0,"cards_upgraded":["Zap"]}],"is_beta":false,"boss_relics":[],"items_purged_floors":[],"is_endless":false,"potions_floor_spawned":[3,4,12,14],"killed_by":"Slime Boss","ascension_level":0}}