{"host":"lxihx0b6awoz2w1j","time":1611008546,"event":{"mods":["Act Like it!","BaseMod","Better Third Choice","CapriCore","Colored Powertips","Conspire","Fox Events","Gensokyo","Hermit","Hubris","Infinite Spire","JesterMod","Luminous","Marisa????????","Melee Mod","Minty Spire (QoL Compilation)","Prisma Mod","Quick Restart","Relic Stats","Replay The Spire","Shade Mod","Spicy Shops","StSLib","The Alterego","The Blue Laboratory","The Cursed","The Disciple","The Forsaken","The Gatherer","The Immortal","The Jungle","The Marked","The Runesmith","The Senshi","The Servant 0.9.4","The Spell Scribe","Waifu the Spire"],"gold_per_floor":[119,138,151,51,68,101,101,117,140,140,153,173,38,70,70,172,172,172,172],"floor_reached":18,"language":"ENG","playtime":752,"items_purged":[],"score":183,"play_id":"69ca3953-6828-4103-a466-c9ae90bc9968","local_time":"20210118232226","is_ascension_mode":true,"campfire_choices":[{"floor":7.0,"key":"REST"}],"circlet_count":0,"master_deck":["theSenshi:SailorKick","theSenshi:SailorKick","theSenshi:SailorKick","theSenshi:SailorKick","theSenshi:SailorBlock","theSenshi:SailorBlock","theSenshi:SailorBlock","theSenshi:SailorBlock","theSenshi:RoseThrow","theSenshi:MoonPrismPowerMakeUp","theSenshi:SailorVenusAssists","theSenshi:TuxedoSmokingBomber","theSenshi:MoonTiaraMagic","Ghostly","theSenshi:VenusGlamour","theSenshi:TallSilhouette","theSenshi:GlimpseOfThePast","theSenshi:SailorVenusAssists","theSenshi:MoonsReflection","theSenshi:CrisisMakeUp+1","theSenshi:LunasBite+1","theSenshi:MoonGorgeousMeditation+1"],"relics":["theSenshi:TransformationBroochRelic","theForsaken:ScaryMask","Replay:Baseball","Molten Egg 2","Replay:Grab Bag","Cursed Key","Replay:Bronze Core","theSenshi:MoonKaleidoScopeRelic"],"acts_visited":["Exordium","TheCity"],"potions_floor_usage":[],"damage_taken":[{"damage":5.0,"enemies":"Small Slimes","floor":1.0,"turns":6.0},{"damage":3.0,"enemies":"conspire:RoseBush","floor":2.0,"turns":3.0},{"damage":2.0,"enemies":"Jaw Worm","floor":3.0,"turns":3.0},{"damage":2.0,"enemies":"Red Slaver","floor":5.0,"turns":4.0},{"damage":38.0,"enemies":"Gremlin Nob","floor":6.0,"turns":6.0},{"damage":1.0,"enemies":"Lots of Slimes","floor":8.0,"turns":3.0},{"damage":17.0,"enemies":"conspire:2 RoseBushes","floor":11.0,"turns":4.0},{"damage":0.0,"enemies":"2 Fungi Beasts","floor":12.0,"turns":2.0},{"damage":13,"enemies":"3 Sentries","floor":14,"turns":8},{"damage":45,"enemies":"The Guardian","floor":16,"turns":12},{"damage":0,"enemies":"3 Byrds","floor":18,"turns":1}],"seed_played":"-4270443892253017307","potions_obtained":[{"floor":1.0,"key":"Ancient Potion"},{"floor":6.0,"key":"Swift Potion"},{"floor":14,"key":"blueLaboratory:FruitPunch"},{"floor":16,"key":"LifebloodPotion"}],"is_trial":false,"path_per_floor":["M","M","M","?","M","E","R","M","T","?","M","M","$","E","R","B",null,"M"],"character_chosen":"THE_SENSHI","items_purchased":["theSenshi:MoonsReflection","theSenshi:CrisisMakeUp"],"campfire_rested":1,"item_purchase_floors":[13,13],"current_hp_per_floor":[75,72,70,70,68,30,54,53,53,80,63,63,63,50,74,29,80,80,80],"gold":172,"neow_bonus":"RANDOM_EVENT","is_daily":false,"chose_seed":false,"campfire_upgraded":0,"win_rate":0.0,"timestamp":1611008546,"path_taken":["M","M","M","?","M","E","R","M","T","?","?","M","$","E","R","BOSS","M"],"items_purchased_type":["Card","Card"],"build_version":"2020-12-22","purchased_purges":0,"victory":false,"max_hp_per_floor":[80,80,80,80,80,80,80,80,80,80,80,80,80,80,80,80,80,80,80],"relic_stats":{"counters":[11,52],"Cursed Key":0,"obtain_stats":[{"theForsaken:ScaryMask":6,"Replay:Baseball":9,"theSenshi:TransformationBroochRelic":0,"Replay:Grab Bag":17,"Replay:Bronze Core":17,"theSenshi:MoonKaleidoScopeRelic":17,"Molten Egg 2":14,"Cursed Key":17},{"theForsaken:ScaryMask":5,"Replay:Baseball":6,"theSenshi:TransformationBroochRelic":0,"Replay:Grab Bag":10,"Replay:Bronze Core":10,"theSenshi:MoonKaleidoScopeRelic":10,"Molten Egg 2":9,"Cursed Key":10},{"theForsaken:ScaryMask":22,"Replay:Baseball":25,"theSenshi:TransformationBroochRelic":0,"Replay:Grab Bag":51,"Replay:Bronze Core":51,"theSenshi:MoonKaleidoScopeRelic":51,"Molten Egg 2":39,"Cursed Key":51}]},"card_choices":[{"not_picked":["theSenshi:TallSilhouette","theSenshi:SailorStarMakerAssists"],"picked":"theSenshi:SailorVenusAssists","floor":1.0},{"not_picked":["theSenshi:EncouragingSpeech","theSenshi:NeptunesGrace"],"picked":"theSenshi:TuxedoSmokingBomber","floor":2.0},{"not_picked":["theSenshi:TuxedoMaskAssists","theSenshi:MoonPower"],"picked":"theSenshi:MoonTiaraMagic","floor":3.0},{"not_picked":["theSenshi:SupersonicWaves","theSenshi:DramaticEntrance"],"picked":"theSenshi:InTheNickOfTime","floor":5.0},{"not_picked":["theSenshi:LunaWiseMentor","theSenshi:MoonPower"],"picked":"theSenshi:VenusGlamour","floor":6.0},{"not_picked":["theSenshi:MoonPower","theSenshi:LunaWiseMentor"],"picked":"theSenshi:TallSilhouette","floor":8.0},{"not_picked":["theSenshi:SailorMercuryAssists","theSenshi:MoonKick"],"picked":"theSenshi:GlimpseOfThePast","floor":11.0},{"not_picked":["theSenshi:LateForSchool","theSenshi:DramaticEntrance"],"picked":"theSenshi:SailorVenusAssists","floor":12.0},{"not_picked":["theSenshi:NeptunesGrace+1","theSenshi:MoonCrisisMakeUp"],"picked":"theSenshi:LunasBite+1","floor":14},{"not_picked":["theSenshi:ChibiMoonsLove","theSenshi:SilverMoonCrystalPowerKiss+1"],"picked":"theSenshi:MoonGorgeousMeditation+1","floor":16}],"player_experience":634809,"relics_obtained":[{"floor":6.0,"key":"theForsaken:ScaryMask"},{"floor":9.0,"key":"Replay:Baseball"},{"floor":14,"key":"Molten Egg 2"}],"event_choices":[{"damage_healed":0.0,"max_hp_gain":5.0,"max_hp_loss":0.0,"gold_gain":0.0,"event_name":"Big Fish","player_choice":"Donut","floor":0.0,"gold_loss":0.0,"damage_taken":0.0},{"damage_healed":0.0,"max_hp_gain":0.0,"max_hp_loss":0.0,"gold_gain":0.0,"event_name":"conspire:LoneGhost","player_choice":"Argue","floor":4.0,"gold_loss":0.0,"damage_taken":0.0},{"cards_removed":["theSenshi:InTheNickOfTime"],"damage_healed":27.0,"max_hp_gain":0.0,"max_hp_loss":0.0,"gold_gain":0.0,"event_name":"Bonfire Elementals","player_choice":"Offered Uncommon","floor":10.0,"gold_loss":0.0,"damage_taken":0.0}],"is_beta":false,"boss_relics":[{"not_picked":["ReplayTheSpireMod:SealedPack","Snecko Eye"],"picked":"Replay:Grab Bag"},{"not_picked":["theForsaken:PaleLantern","Replay:Wanted Poster"],"picked":"Cursed Key"},{"not_picked":["ReplayTheSpireMod:Onyx Gauntlets","Coffee Dripper"],"picked":"Replay:Bronze Core"},{"not_picked":["hubris:BlackHole","theSenshi:EternalSailorFukuRelic"],"picked":"theSenshi:MoonKaleidoScopeRelic"}],"items_purged_floors":[],"is_endless":false,"potions_floor_spawned":[1,6,14,16],"killed_by":"3 Byrds","ascension_level":1}}