{"host":"rzpi613efy9j52u4","time":1611000368,"event":{"mods":["Aspiration","BaseMod","Colored Powertips","Downfall","Marisa????????","Minty Spire (QoL Compilation)","Rare Cards Sparkle","StSLib"],"gold_per_floor":[99,115,125,137,137,153,153,184,184,284,284,297,297,312,330,431,431,431,431,431],"floor_reached":19,"language":"ENG","playtime":1287,"items_purged":[],"score":169,"play_id":"b545e702-d673-4fc9-aeaa-d428648361a9","local_time":"20210118150608","is_ascension_mode":false,"campfire_choices":[{"data":"UpSweep","floor":1,"key":"SMITH"},{"data":"MysteriousBeam","floor":9,"key":"SMITH"},{"data":"StarDustReverie","floor":11,"key":"SMITH"},{"data":"GalacticHalo","floor":13,"key":"SMITH"},{"data":"ManaRampage","floor":18,"key":"SMITH"}],"circlet_count":0,"master_deck":["Strike_MRS","Strike_MRS","Strike_MRS","Strike_MRS","Defend_MRS","Defend_MRS","Defend_MRS","Defend_MRS","MasterSpark","UpSweep+1","GrandCross","SporeBomb","UnstableBomb","UpSweep+1","StarDustReverie+1","MysteriousBeam+1","GalacticHalo+1","DoubleSpark","MachineGunSpark","ManaRampage+1"],"relics":["MiniHakkero","aspiration:AnachronicSnailShell","Eternal Feather","Busted Crown"],"acts_visited":["Exordium","TheCity"],"potions_floor_usage":[16,16,16],"damage_taken":[{"damage":0,"enemies":"Small Slimes","floor":2,"turns":3},{"damage":1,"enemies":"Cultist","floor":3,"turns":3},{"damage":8,"enemies":"Jaw Worm","floor":4,"turns":3},{"damage":4,"enemies":"Blue Slaver","floor":6,"turns":3},{"damage":33,"enemies":"3 Sentries","floor":8,"turns":7},{"damage":16,"enemies":"Large Slime","floor":12,"turns":3},{"damage":5,"enemies":"Exordium Wildlife","floor":14,"turns":3},{"damage":0,"enemies":"Exordium Thugs","floor":15,"turns":3},{"damage":24,"enemies":"WA_ARCHETYPE_RETAIN","floor":16,"turns":5},{"damage":35,"enemies":"Spheric Guardian","floor":19,"turns":5}],"seed_played":"-4276283262361035521","potions_obtained":[{"floor":4,"key":"SpeedPotion"},{"floor":12,"key":"EssenceOfSteel"},{"floor":14,"key":"SteroidPotion"}],"is_trial":false,"path_per_floor":["R","M","M","M","?","M","T","E","R","?","R","M","R","M","M","B",null,"R","M"],"character_chosen":"MARISA","items_purchased":[],"campfire_rested":0,"item_purchase_floors":[],"current_hp_per_floor":[82,82,81,73,73,69,69,36,45,45,54,38,47,42,42,18,82,82,47,47],"gold":431,"neow_bonus":"TEN_PERCENT_HP_BONUS","is_daily":false,"chose_seed":false,"campfire_upgraded":5,"win_rate":0.0,"timestamp":1611000368,"path_taken":["R","M","M","M","?","?","T","E","R","?","R","?","R","M","M","BOSS","R","M"],"items_purchased_type":[],"build_version":"2020-12-13","purchased_purges":0,"victory":false,"max_hp_per_floor":[82,82,82,82,82,82,82,82,82,82,82,82,82,82,82,82,82,82,82,82],"card_choices":[{"not_picked":["MysteriousBeam","GasGiant"],"picked":"GrandCross","floor":2},{"not_picked":["DragonMeteor","Singularity"],"picked":"SporeBomb","floor":3},{"not_picked":["LuminesStrike","FinalSpark"],"picked":"UnstableBomb","floor":4},{"not_picked":["ShootingEcho","GrandCross"],"picked":"StarDustReverie","floor":6},{"not_picked":["IllusionStar","MaximisePower"],"picked":"MysteriousBeam","floor":8},{"not_picked":["ShootingEcho","OpenUniverse"],"picked":"GalacticHalo","floor":12},{"not_picked":["NonDirectionalLaser","SporeBomb"],"picked":"DoubleSpark","floor":14},{"not_picked":["SporeBomb","DarkMatter"],"picked":"MachineGunSpark","floor":15},{"not_picked":["MaximisePower","CollectingQuirk"],"picked":"ManaRampage","floor":16}],"player_experience":23464,"relics_obtained":[{"floor":7,"key":"aspiration:AnachronicSnailShell"},{"floor":8,"key":"Eternal Feather"}],"event_choices":[],"is_beta":false,"boss_relics":[{"not_picked":["aspiration:SecretTechniqueScroll","aspiration:RitualDagger"],"picked":"Busted Crown"}],"items_purged_floors":[],"is_endless":false,"potions_floor_spawned":[4,12,14],"killed_by":"Spheric Guardian","ascension_level":0}}