{"host":"43eszqhj3e37fphl","time":1611013525,"event":{"mods":["100% Spire Juice","Act Like it!","BaseMod","Colored Map","Colored Powertips","Downfall","GungeonMod","Hallownest","Hermit","Marisa????????","Minty Spire (QoL Compilation)","READ ME - Guardian Mod","Rare Cards Sparkle","StSLib","The Animator","The Bug Knight","The Forsaken","The Jungle","The Necromancer","The Poker Player"],"gold_per_floor":[118,83,83,83,57,83,83,44,120,137,137,147,157,332,332,332,332],"floor_reached":16,"language":"ENG","playtime":614,"items_purged":[],"score":173,"play_id":"7259b53e-51f5-4e51-8d98-a1a7a1185a6d","local_time":"20210119004525","is_ascension_mode":false,"campfire_choices":[{"floor":11,"key":"RECALL"},{"floor":15,"key":"REST"}],"circlet_count":0,"master_deck":["Moonworks:Strike","Moonworks:Strike","Moonworks:Strike","Moonworks:Strike","Moonworks:Defend","Moonworks:Defend","Moonworks:Defend","Moonworks:Defend","Moonworks:Ambush","Moonworks:LongDistanceShot","Moonworks:ImOnFire","Moonworks:FinalSurgery","Moonworks:NicePresent","Moonworks:TreasureThief","Moonworks:SakisCookie","Moonworks:DeployBits","Moonworks:ForcedRevival","Doubt"],"relics":["Moonworks:BrokenBomb","Moonworks:Homemark","NeowsBlessing","theForsaken:PlagueMask","Juzu Bracelet"],"acts_visited":["Exordium"],"potions_floor_usage":[16,16,16],"damage_taken":[{"damage":0,"enemies":"Cultist","floor":1,"turns":1},{"damage":0,"enemies":"HollowMod:MossKnight","floor":6,"turns":1},{"damage":0,"enemies":"2 Louse","floor":10,"turns":1},{"damage":22,"enemies":"Jaw Worm","floor":12,"turns":3},{"damage":16,"enemies":"Gremlin Gang","floor":13,"turns":5}],"seed_played":"-2247324931023900538","potions_obtained":[{"floor":6,"key":"FearPotion"},{"floor":10,"key":"Energy Potion"},{"floor":12,"key":"Strength Potion"},{"floor":13,"key":"Energy Potion"}],"is_trial":false,"path_per_floor":["M","$","?","?","$","E","?","$","T","M","R","M","M","?","R","B"],"character_chosen":"THE_STARBREAKER","items_purchased":["Moonworks:FinalSurgery","Moonworks:NicePresent","Moonworks:TreasureThief"],"campfire_rested":1,"item_purchase_floors":[2,5,8],"current_hp_per_floor":[60,60,60,53,53,53,60,60,60,60,60,38,24,24,42,0,0],"gold":332,"neow_bonus":"THREE_ENEMY_KILL","is_daily":false,"chose_seed":false,"campfire_upgraded":0,"win_rate":0.0,"timestamp":1611013525,"path_taken":["M","$","?","?","?","E","?","?","T","M","R","M","M","?","R","BOSS"],"items_purchased_type":["Card","Card","Card"],"build_version":"2020-12-22","purchased_purges":0,"victory":false,"max_hp_per_floor":[60,60,60,60,60,60,60,60,60,60,60,60,60,60,60,60,60],"card_choices":[{"not_picked":["Moonworks:LulusLuckyEgg","Moonworks:BigMagnum"],"picked":"Moonworks:ImOnFire","floor":1},{"not_picked":["Moonworks:Accelerator","Moonworks:x16BigRocket"],"picked":"Moonworks:SelfDestruct","floor":6},{"not_picked":["Moonworks:MixPhenomenon","Moonworks:SelfDestruct"],"picked":"Moonworks:SakisCookie","floor":10},{"not_picked":["Moonworks:ShieldCounter","Moonworks:LulusLuckyEgg"],"picked":"Moonworks:DeployBits","floor":12},{"not_picked":["Moonworks:TreasureThief","Moonworks:DeployBits"],"picked":"Moonworks:ForcedRevival","floor":13}],"player_experience":38123,"relics_obtained":[{"floor":6,"key":"Juzu Bracelet"}],"event_choices":[{"damage_healed":0,"gold_gain":0,"player_choice":"Obtain Plague Curse","damage_taken":0,"max_hp_gain":0,"max_hp_loss":0,"event_name":"Plague Doctor","floor":3,"gold_loss":0,"cards_obtained":["theForsaken:PlagueCurse"]},{"cards_removed":["theForsaken:PlagueCurse"],"damage_healed":0,"gold_gain":0,"player_choice":"Card Removal","damage_taken":7,"max_hp_gain":0,"max_hp_loss":0,"event_name":"Golden Wing","floor":4,"gold_loss":0},{"cards_removed":["Moonworks:SelfDestruct"],"damage_healed":7,"gold_gain":0,"player_choice":"Offered Uncommon","damage_taken":0,"max_hp_gain":0,"max_hp_loss":0,"event_name":"Bonfire Elementals","floor":7,"gold_loss":0},{"damage_healed":0,"gold_gain":175,"player_choice":"AGREE","damage_taken":0,"max_hp_gain":0,"max_hp_loss":0,"event_name":"Liars Game","floor":14,"gold_loss":0,"cards_obtained":["Doubt"]}],"is_beta":false,"boss_relics":[],"items_purged_floors":[],"is_endless":false,"potions_floor_spawned":[6,10,12,13],"killed_by":"The Guardian","ascension_level":0}}