{"host":"hwdg34753f7m8ow2","time":1611007032,"event":{"mods":["AchievementEnabler","BaseMod","Koishi","Marisa????????","Minty Spire (QoL Compilation)","Permanent Neow","Quick Restart","Shop Mod","StSLib","The Senshi","The Servant 0.9.4"],"gold_per_floor":[115,190,204,218,218,218,253,253,330,361,378,407,407,442,442,442,442],"floor_reached":16,"language":"ENG","playtime":578,"items_purged":[],"score":192,"play_id":"94d31243-6fff-4c73-92fd-28716b19ce50","local_time":"20210118145712","is_ascension_mode":true,"campfire_choices":[{"data":"Koishi:HauntingSlash","floor":6,"key":"SMITH"},{"floor":8,"key":"REST"},{"floor":15,"key":"REST"}],"circlet_count":0,"master_deck":["AscendersBane","Koishi:BasicStrike","Koishi:BasicStrike","Koishi:BasicStrike","Koishi:BasicDefend","Koishi:BasicDefend","Koishi:BasicDefend","Koishi:BasicDefend","Koishi:Provoke","Koishi:HauntingSlash+1","Koishi:JumpScare","Koishi:TremblingHands","Koishi:GrowingPain"],"relics":["Koishi:ImaginaryFriend","NeowsBlessing","Akabeko","Singing Bowl","Potion Belt","Oddly Smooth Stone","TungstenRod"],"acts_visited":["Exordium"],"potions_floor_usage":[12,14],"damage_taken":[{"damage":0.0,"enemies":"2 Louse","floor":1.0,"turns":1.0},{"damage":0.0,"enemies":"Jaw Worm","floor":3.0,"turns":1.0},{"damage":0.0,"enemies":"Cultist","floor":4.0,"turns":1.0},{"damage":18,"enemies":"Gremlin Nob","floor":7,"turns":9},{"damage":36,"enemies":"3 Sentries","floor":10,"turns":14},{"damage":0,"enemies":"2 Fungi Beasts","floor":11,"turns":4},{"damage":25,"enemies":"Gremlin Nob","floor":12,"turns":6},{"damage":29,"enemies":"Lagavulin","floor":14,"turns":10},{"damage":70,"enemies":"The Guardian","floor":16,"turns":8}],"seed_played":"-6717070150420221584","potions_obtained":[{"floor":7,"key":"LiquidMemories"},{"floor":11,"key":"Ancient Potion"}],"is_trial":false,"path_per_floor":["M","?","M","M","?","R","E","R","T","E","M","E","?","E","R","B"],"character_chosen":"KOISHI","items_purchased":[],"campfire_rested":2,"item_purchase_floors":[],"current_hp_per_floor":[54,43,43,43,43,43,37,55,55,29,35,18,39,24,43,0,0],"gold":442,"neow_bonus":"THREE_ENEMY_KILL","is_daily":false,"chose_seed":false,"campfire_upgraded":1,"win_rate":0.0,"timestamp":1611007032,"path_taken":["M","?","M","M","?","R","E","R","T","E","?","E","?","E","R","BOSS"],"items_purchased_type":[],"build_version":"2020-12-22","purchased_purges":0,"victory":false,"max_hp_per_floor":[60,60,60,60,60,60,60,60,60,62,62,64,64,66,66,66,66],"card_choices":[{"not_picked":["Koishi:FleetingPhantom","Koishi:PhantomBarrier"],"picked":"Koishi:JumpScare","floor":1.0},{"not_picked":["Koishi:TraumaticStroke","Koishi:ReleaseOfTheId"],"picked":"Koishi:TremblingHands","floor":3.0},{"not_picked":["Koishi:UnansweredLove","Koishi:EmbryosDream","Koishi:SubterraneanRose"],"picked":"SKIP","floor":4},{"not_picked":["Koishi:BramblyRoseGarden","Koishi:FidgetySnatcher","Koishi:TraumaticStroke"],"picked":"SKIP","floor":7},{"not_picked":["Koishi:UnconsciousUprising","Koishi:SpiritedAway","Koishi:FourthEye"],"picked":"Singing Bowl","floor":10},{"not_picked":["Koishi:DreadfulBlow","Koishi:BloodcurdlingScream"],"picked":"Koishi:GrowingPain","floor":11},{"not_picked":["Koishi:RorschachInDanmaku","Koishi:FleetingPhantom","Koishi:SpiritedAway"],"picked":"Singing Bowl","floor":12},{"not_picked":["Koishi:MindNumbingTerror","Koishi:VengefulSpirit","Koishi:RuptureMind"],"picked":"Singing Bowl","floor":14}],"player_experience":736417,"relics_obtained":[{"floor":7,"key":"Akabeko"},{"floor":9,"key":"Singing Bowl"},{"floor":10,"key":"Potion Belt"},{"floor":12,"key":"Oddly Smooth Stone"},{"floor":14,"key":"TungstenRod"}],"event_choices":[{"damage_healed":0.0,"max_hp_gain":0.0,"max_hp_loss":0.0,"gold_gain":75.0,"event_name":"World of Goop","player_choice":"Gather Gold","floor":2.0,"gold_loss":0.0,"damage_taken":11.0},{"cards_removed":["Koishi:BasicStrike"],"damage_healed":0,"gold_gain":0,"player_choice":"Purged","damage_taken":0,"max_hp_gain":0,"max_hp_loss":0,"event_name":"Purifier","floor":5,"gold_loss":0},{"damage_healed":21,"gold_gain":0,"player_choice":"Banana","damage_taken":0,"max_hp_gain":0,"max_hp_loss":0,"event_name":"Big Fish","floor":13,"gold_loss":0}],"is_beta":false,"boss_relics":[],"items_purged_floors":[],"is_endless":false,"potions_floor_spawned":[7,11],"killed_by":"The Guardian","ascension_level":10}}