{"host":"6a92uynocv4elkyp","time":1611012039,"event":{"mods":["AchievementEnabler","BaseMod","Infinite Spire","Minty Spire (QoL Compilation)","Quick Restart","StSLib"],"gold_per_floor":[138,180,180,180,237,321,378,456,529,568,568,568],"floor_reached":11,"language":"ENG","playtime":907,"items_purged":[],"score":220,"play_id":"9c695f3c-6a50-41ee-8212-34a39957cc7f","local_time":"20210119002039","daily_mods":["SealedDeck","Blue Cards","Purple Cards","Heirloom","Flight","DeadlyEvents","Elite Swarm","Midas"],"is_ascension_mode":true,"campfire_choices":[],"circlet_count":0,"master_deck":["AscendersBane","Go for the Eyes","Stack","Protect","CutThroughFate","CutThroughFate","Coolheaded","Loop","Study","FollowUp","Gash","LikeWater","PathToVictory","BattleHymn","DevaForm","TalkToTheHand","Creative AI","Conserve Battery"],"relics":["PureWater","Peace Pipe","Mummified Hand","GremlinMask","Yang","Ornamental Fan","The Courier"],"acts_visited":["Exordium"],"potions_floor_usage":[7,8,11],"damage_taken":[{"damage":0,"enemies":"Cultist","floor":1,"turns":3},{"damage":1,"enemies":"Small Slimes","floor":2,"turns":5},{"damage":7,"enemies":"Jaw Worm","floor":5,"turns":3},{"damage":0,"enemies":"Lagavulin","floor":6,"turns":6},{"damage":10,"enemies":"Red Slaver","floor":7,"turns":4},{"damage":10,"enemies":"3 Sentries","floor":8,"turns":6},{"damage":0,"enemies":"Large Slime","floor":10,"turns":4},{"damage":41,"enemies":"Gremlin Nob","floor":11,"turns":4}],"seed_played":"6054461593911444620","potions_obtained":[{"floor":1,"key":"Explosive Potion"},{"floor":5,"key":"LiquidMemories"},{"floor":6,"key":"Energy Potion"},{"floor":8,"key":"SkillPotion"}],"is_trial":true,"path_per_floor":["M","M","T","?","M","E","M","E","T","M","E"],"character_chosen":"WATCHER","items_purchased":[],"campfire_rested":0,"item_purchase_floors":[],"current_hp_per_floor":[61,60,60,60,53,53,43,33,33,33,0,0],"gold":568,"neow_bonus":"","is_daily":false,"chose_seed":false,"campfire_upgraded":0,"win_rate":0.0,"timestamp":1611012039,"path_taken":["M","M","?","?","M","E","M","E","T","M","E"],"items_purchased_type":[],"build_version":"2020-12-22","purchased_purges":0,"victory":false,"max_hp_per_floor":[68,68,68,68,68,68,68,68,68,68,68,68],"card_choices":[{"not_picked":["EmptyFist","DeceiveReality"],"picked":"LikeWater","floor":1},{"not_picked":["Rip and Tear","Hologram"],"picked":"PathToVictory","floor":2},{"not_picked":["FlurryOfBlows","Cold Snap"],"picked":"BattleHymn","floor":5},{"not_picked":["Electrodynamics","Devotion"],"picked":"DevaForm","floor":6},{"not_picked":["Barrage","Leap"],"picked":"TalkToTheHand","floor":7},{"not_picked":["Devotion","MasterReality"],"picked":"Creative AI","floor":8},{"not_picked":["Halt","BowlingBash"],"picked":"Conserve Battery","floor":10}],"player_experience":110179,"relics_obtained":[{"floor":3,"key":"Mummified Hand"},{"floor":6,"key":"Yang"},{"floor":8,"key":"Ornamental Fan"},{"floor":9,"key":"The Courier"}],"event_choices":[{"damage_healed":0,"gold_gain":0,"player_choice":"Trade","damage_taken":0,"relics_obtained":["GremlinMask"],"max_hp_gain":0,"max_hp_loss":0,"event_name":"FaceTrader","floor":4,"gold_loss":0}],"is_beta":false,"boss_relics":[],"items_purged_floors":[],"is_endless":false,"potions_floor_spawned":[1,5,6,8],"killed_by":"Gremlin Nob","ascension_level":20}}