{"host":"6a92uynocv4elkyp","time":1611010188,"event":{"mods":["AchievementEnabler","BaseMod","Infinite Spire","Minty Spire (QoL Compilation)","Quick Restart","StSLib"],"gold_per_floor":[129,129,177,19,19,112,214,332,332,332,332,407,407,482,482,704,704,761,761,761,761],"floor_reached":20,"language":"ENG","playtime":1087,"items_purged":[],"score":441,"play_id":"f2432f3c-079b-40ab-8ba7-11174cde73b2","local_time":"20210118234948","daily_mods":["SealedDeck","Blue Cards","Purple Cards","Heirloom","Flight","DeadlyEvents","Elite Swarm","Midas"],"is_ascension_mode":true,"campfire_choices":[{"floor":10,"key":"REST"},{"floor":11,"key":"REST"},{"floor":13,"key":"REST"},{"floor":15,"key":"REST"}],"circlet_count":0,"master_deck":["AscendersBane","Wallop","ReachHeaven","Ball Lightning","Consecrate","SignatureMove","Chaos","FollowUp","FollowUp","FollowUp","Study","ReachHeaven","MentalFortress","FlyingSleeves","Loop","FollowUp","Consecrate","White Noise","Establishment","Wish","Seek","Echo Form","Fission","Judgement","Protect"],"relics":["PureWater","Calipers","Orrery","Ornamental Fan","Ice Cream","Pantograph","Blood Vial","Singing Bowl","Lizard Tail","Orichalcum","SacredBark"],"acts_visited":["Exordium","TheCity"],"potions_floor_usage":[7,16,19],"damage_taken":[{"damage":3,"enemies":"2 Louse","floor":1,"turns":2},{"damage":0,"enemies":"Cultist","floor":3,"turns":2},{"damage":27,"enemies":"Lagavulin","floor":6,"turns":4},{"damage":7,"enemies":"Gremlin Nob","floor":7,"turns":3},{"damage":26,"enemies":"3 Sentries","floor":8,"turns":6},{"damage":42,"enemies":"Gremlin Nob","floor":12,"turns":4},{"damage":20,"enemies":"Lagavulin","floor":14,"turns":4},{"damage":45,"enemies":"The Guardian","floor":16,"turns":7},{"damage":39,"enemies":"Chosen","floor":18,"turns":6},{"damage":0,"enemies":"2 Thieves","floor":19,"turns":1},{"damage":0,"enemies":"Shelled Parasite and Fungi","floor":20,"turns":1}],"seed_played":"-5107101182734438063","potions_obtained":[{"floor":3,"key":"FearPotion"},{"floor":6,"key":"DuplicationPotion"},{"floor":14,"key":"SmokeBomb"}],"is_trial":true,"path_per_floor":["M","?","M","$","T","E","E","E","T","R","R","E","R","E","R","B",null,"M","M","M"],"character_chosen":"WATCHER","items_purchased":["Orrery"],"campfire_rested":4,"item_purchase_floors":[4],"current_hp_per_floor":[58,68,68,68,68,41,34,8,8,28,48,8,28,10,30,12,54,17,19,21,21],"gold":761,"neow_bonus":"","is_daily":false,"chose_seed":false,"campfire_upgraded":0,"win_rate":0.0,"timestamp":1611010188,"path_taken":["M","?","?","?","?","E","?","E","T","R","R","E","R","E","R","BOSS","M","?","M"],"items_purchased_type":["Relic"],"build_version":"2020-12-22","purchased_purges":0,"victory":false,"max_hp_per_floor":[68,68,68,68,68,68,68,68,68,68,68,68,68,68,68,68,68,68,68,68,68],"card_choices":[{"not_picked":["WaveOfTheHand","ForeignInfluence"],"picked":"ReachHeaven","floor":1},{"not_picked":["Turbo","Indignation"],"picked":"MentalFortress","floor":3},{"not_picked":["Vengeance","Evaluate"],"picked":"FlyingSleeves","floor":4},{"not_picked":["Nirvana","BattleHymn"],"picked":"Loop","floor":4},{"not_picked":["ThirdEye","Evaluate"],"picked":"FollowUp","floor":4},{"not_picked":["JustLucky","SashWhip"],"picked":"Consecrate","floor":4},{"not_picked":["Prostrate","Sweeping Beam"],"picked":"White Noise","floor":4},{"not_picked":["Vault","Reboot"],"picked":"Establishment","floor":6},{"not_picked":["Multi-Cast","Fission"],"picked":"Wish","floor":7},{"not_picked":["Thunder Strike","Scrawl"],"picked":"Seek","floor":8},{"not_picked":["Vault","Establishment"],"picked":"Echo Form","floor":12},{"not_picked":["Scrawl","Multi-Cast"],"picked":"Fission","floor":14},{"not_picked":["Blasphemy","SpiritShield"],"picked":"Judgement","floor":16},{"not_picked":["Evaluate","FTL"],"picked":"Protect","floor":18}],"player_experience":109075,"relics_obtained":[{"floor":5,"key":"Ornamental Fan"},{"floor":6,"key":"Ice Cream"},{"floor":7,"key":"Pantograph"},{"floor":8,"key":"Blood Vial"},{"floor":9,"key":"Singing Bowl"},{"floor":12,"key":"Lizard Tail"},{"floor":14,"key":"Orichalcum"}],"event_choices":[{"damage_healed":10,"gold_gain":0,"player_choice":"Full Heal","damage_taken":0,"max_hp_gain":0,"max_hp_loss":0,"event_name":"Wheel of Change","floor":2,"gold_loss":0}],"is_beta":false,"boss_relics":[{"not_picked":["infinitespire:Cupcake","Busted Crown"],"picked":"SacredBark"}],"items_purged_floors":[],"is_endless":false,"potions_floor_spawned":[3,6,14,19],"killed_by":"Shelled Parasite and Fungi","ascension_level":20}}