{"host":"Squid","time":1611003279,"event":{"mods":["BaseMod","Minty Spire (QoL Compilation)","StSLib"],"gold_per_floor":[119,129,149,61,71,71,98,117,117,117,132,132,150,7,7,85,85,102,17,17,17,29,29,41,41,41,67,67,96,5,18,18,18,18],"floor_reached":33,"language":"ENG","playtime":1196,"items_purged":[],"score":689,"play_id":"b0e869f8-983d-4de7-93ee-1dd6f14a7e75","local_time":"20210118155439","is_ascension_mode":true,"campfire_choices":[{"data":"Bullet Time","floor":6,"key":"SMITH"},{"floor":10,"key":"REST"},{"data":"Noxious Fumes","floor":15,"key":"SMITH"},{"data":"Corpse Explosion","floor":23,"key":"SMITH"},{"data":"Riddle With Holes","floor":25,"key":"SMITH"},{"data":"Adrenaline","floor":28,"key":"SMITH"},{"data":"Neutralize","floor":32,"key":"SMITH"}],"circlet_count":0,"master_deck":["AscendersBane","Strike_G","Strike_G","Strike_G","Strike_G","Strike_G","Defend_G+1","Defend_G+1","Defend_G","Defend_G","Defend_G","Survivor","Neutralize+1","Bullet Time+1","Dagger Spray","Footwork+1","Quick Slash","Noxious Fumes+1","Backflip","Riddle With Holes+1","Corpse Explosion+1","Dodge and Roll","Adrenaline+1","Riddle With Holes+1","Ghostly","Ghostly","Ghostly","Ghostly","Ghostly","Catalyst+1","Acrobatics+1","Cloak And Dagger+1","Blade Dance+1","Choke+1","Blade Dance+1"],"relics":["Ring of the Snake","War Paint","Molten Egg 2","Bag of Preparation","Coffee Dripper","Shuriken","Toxic Egg 2","HornCleat","Calipers"],"acts_visited":["Exordium","TheCity"],"potions_floor_usage":[7,7,16,16,33,33],"damage_taken":[{"damage":11,"enemies":"Jaw Worm","floor":1,"turns":8},{"damage":1,"enemies":"Cultist","floor":2,"turns":3},{"damage":0,"enemies":"2 Louse","floor":3,"turns":2},{"damage":17,"enemies":"Exordium Wildlife","floor":5,"turns":8},{"damage":20,"enemies":"Gremlin Nob","floor":7,"turns":6},{"damage":0,"enemies":"3 Louse","floor":8,"turns":2},{"damage":0,"enemies":"Blue Slaver","floor":11,"turns":5},{"damage":0,"enemies":"2 Fungi Beasts","floor":13,"turns":3},{"damage":0,"enemies":"Slime Boss","floor":16,"turns":8},{"damage":7,"enemies":"Shell Parasite","floor":18,"turns":5},{"damage":2,"enemies":"Chosen","floor":22,"turns":6},{"damage":3,"enemies":"Snake Plant","floor":24,"turns":4},{"damage":0,"enemies":"Slavers","floor":27,"turns":2},{"damage":3,"enemies":"Gremlin Leader","floor":29,"turns":6},{"damage":0,"enemies":"Chosen and Byrds","floor":31,"turns":3},{"damage":41,"enemies":"Champ","floor":33,"turns":8}],"seed_played":"7132232993422905051","potions_obtained":[{"floor":2,"key":"DuplicationPotion"},{"floor":3,"key":"DuplicationPotion"},{"floor":5,"key":"GhostInAJar"},{"floor":8,"key":"DuplicationPotion"},{"floor":13,"key":"Fire Potion"},{"floor":18,"key":"Fruit Juice"},{"floor":22,"key":"GamblersBrew"}],"is_trial":false,"path_per_floor":["M","M","M","$","M","R","E","M","T","R","M","?","M","$","R","B",null,"M","?","?","$","M","R","M","R","T","E","R","E","$","M","R","B"],"character_chosen":"THE_SILENT","items_purchased":["Noxious Fumes","Backflip","Bag of Preparation","Blade Dance+1","Choke+1"],"campfire_rested":1,"item_purchase_floors":[4,4,14,30,30],"current_hp_per_floor":[52,51,51,51,34,34,14,14,14,32,32,32,32,32,32,32,55,48,48,31,31,29,29,26,26,26,26,26,23,23,23,23,0,0],"gold":18,"neow_bonus":"THREE_RARE_CARDS","is_daily":false,"chose_seed":false,"campfire_upgraded":6,"win_rate":0.0,"timestamp":1611003279,"path_taken":["M","M","M","$","M","R","E","M","T","R","M","?","?","$","R","BOSS","M","?","?","?","M","R","M","R","T","E","R","E","$","?","R","BOSS"],"items_purchased_type":["Card","Card","Relic","Card","Card"],"build_version":"2020-12-18","purchased_purges":0,"victory":false,"max_hp_per_floor":[63,63,63,63,63,63,63,63,63,63,63,63,63,63,63,63,63,63,63,31,31,31,31,31,31,31,31,31,31,31,31,31,36,36],"card_choices":[{"not_picked":["After Image","Venomology"],"picked":"Bullet Time","floor":0},{"not_picked":["Sucker Punch","All Out Attack"],"picked":"Dagger Spray","floor":1},{"not_picked":["Prepared","Dagger Spray"],"picked":"Footwork","floor":2},{"not_picked":["Dagger Throw","Flying Knee"],"picked":"Quick Slash","floor":3},{"not_picked":["Deflect","Underhanded Strike","Poisoned Stab"],"picked":"SKIP","floor":5},{"not_picked":["Storm of Steel","Skewer"],"picked":"Riddle With Holes","floor":7},{"not_picked":["Underhanded Strike","Deflect","Bane"],"picked":"SKIP","floor":8},{"not_picked":["Underhanded Strike+1","Flying Knee+1"],"picked":"Corpse Explosion","floor":11},{"not_picked":["Poisoned Stab+1","Flechettes+1"],"picked":"Dodge and Roll","floor":13},{"not_picked":["Glass Knife+1","Tools of the Trade"],"picked":"Adrenaline","floor":16},{"not_picked":["Infinite Blades","Caltrops"],"picked":"Riddle With Holes+1","floor":18},{"not_picked":["Distraction","Acrobatics"],"picked":"Catalyst+1","floor":22},{"not_picked":["Quick Slash+1","Distraction","Eviscerate+1"],"picked":"SKIP","floor":24},{"not_picked":["Leg Sweep+1","Sucker Punch+1"],"picked":"Acrobatics+1","floor":27},{"not_picked":["Expertise+1","Storm of Steel+1"],"picked":"Cloak And Dagger+1","floor":29},{"not_picked":["PiercingWail+1","Reflex+1"],"picked":"Blade Dance+1","floor":31}],"player_experience":846577,"relics_obtained":[{"floor":7,"key":"War Paint"},{"floor":9,"key":"Molten Egg 2"},{"floor":26,"key":"Toxic Egg 2"},{"floor":27,"key":"HornCleat"},{"floor":29,"key":"Calipers"}],"event_choices":[{"damage_healed":0,"gold_gain":0,"player_choice":"Upgraded","damage_taken":0,"max_hp_gain":0,"max_hp_loss":0,"event_name":"Upgrade Shrine","floor":12,"gold_loss":0,"cards_upgraded":["Footwork"]},{"damage_healed":0,"gold_gain":0,"player_choice":"Obtained Relic","damage_taken":0,"relics_obtained":["Shuriken"],"max_hp_gain":0,"max_hp_loss":0,"event_name":"Addict","floor":19,"gold_loss":85},{"damage_healed":0,"gold_gain":0,"player_choice":"Became a Ghost","damage_taken":0,"max_hp_gain":0,"max_hp_loss":32,"event_name":"Ghosts","floor":20,"gold_loss":0,"cards_obtained":["Ghostly","Ghostly","Ghostly","Ghostly","Ghostly"]}],"is_beta":true,"boss_relics":[{"not_picked":["Runic Dome","WristBlade"],"picked":"Coffee Dripper"}],"items_purged_floors":[],"is_endless":false,"potions_floor_spawned":[2,3,5,8,13,18,22,31],"killed_by":"Champ","ascension_level":13}}