{"host":"rl5ku05escnl5kxo","time":1611013915,"event":{"mods":["Act Like it!","BaseMod","Minty Spire (QoL Compilation)","StSLib","The Bug Knight"],"gold_per_floor":[119,15,26,41,58,58,90,90,90,110,34,45,45,57,57,161,161,171,0,19,19,19,19,33,33,56,67,14,14,29,29,29,29,29],"floor_reached":33,"language":"ENG","playtime":2760,"items_purged":[],"score":249,"play_id":"d0cafa45-8b7d-466c-83ad-150fe3f28b4f","local_time":"20210118155155","is_ascension_mode":false,"campfire_choices":[{"data":"HollowMod:LifebloodCore","floor":6,"key":"SMITH"},{"data":"HollowMod:QuirrelsAssistance","floor":8,"key":"SMITH"},{"floor":15,"key":"REST"},{"data":"HollowMod:HowlingWraiths","floor":23,"key":"SMITH"},{"floor":25,"key":"REST"},{"floor":29,"key":"REST"},{"floor":32,"key":"REST"}],"circlet_count":0,"master_deck":["HollowMod:NailStrikeStart+1","HollowMod:NailStrikeStart+1","HollowMod:NailStrikeStart+1","HollowMod:NailStrikeStart+1","HollowMod:QuickDashStart+1","HollowMod:QuickDashStart+1","HollowMod:QuickDashStart+1","HollowMod:QuickDashStart+1","HollowMod:FocusHealStart","HollowMod:PogoStrike","HollowMod:SoulSplash","HollowMod:QuirrelsAssistance+1","HollowMod:LifebloodCocoon","HollowMod:SoulSplash","HollowMod:LifebloodCore+1","HollowMod:CycloneSlash","HollowMod:DesolateDive","HollowMod:SoulStrike","HollowMod:VengefulSpirit","HollowMod:DungDefenderAura","HollowMod:ZotesMagnificence","HollowMod:HornetsHelp","HollowMod:SiblingsSouls","HollowMod:HowlingWraiths+1","HollowMod:SoulStrike","HollowMod:LifebloodCocoon","HollowMod:SoulStrike+1","HollowMod:CloakDash","HollowMod:GoodIntentions"],"relics":["HollowMod:VesselMask","NeowsBlessing","Turnip","Mummified Hand","HollowMod:LifeEnderRelic","Bag of Marbles"],"acts_visited":["Exordium","TheCity"],"potions_floor_usage":[16,33,33],"damage_taken":[{"damage":0,"enemies":"Cultist","floor":1,"turns":1},{"damage":0,"enemies":"2 Louse","floor":3,"turns":1},{"damage":0,"enemies":"Small Slimes","floor":4,"turns":1},{"damage":11,"enemies":"Exordium Wildlife","floor":5,"turns":5},{"damage":16,"enemies":"Lagavulin","floor":7,"turns":9},{"damage":3,"enemies":"Exordium Thugs","floor":10,"turns":4},{"damage":7,"enemies":"Large Slime","floor":12,"turns":5},{"damage":27,"enemies":"Gremlin Gang","floor":14,"turns":4},{"damage":37,"enemies":"HollowMod:FalseKnight","floor":16,"turns":14},{"damage":25,"enemies":"Spheric Guardian","floor":18,"turns":6},{"damage":33,"enemies":"3 Byrds","floor":20,"turns":6},{"damage":24,"enemies":"Cultist and Chosen","floor":24,"turns":6},{"damage":24,"enemies":"Centurion and Healer","floor":27,"turns":10},{"damage":14,"enemies":"3 Cultists","floor":30,"turns":4},{"damage":74,"enemies":"Champ","floor":33,"turns":14}],"seed_played":"-5892989469457112258","potions_obtained":[{"floor":4,"key":"FairyPotion"},{"floor":5,"key":"Fruit Juice"},{"floor":14,"key":"BlessingOfTheForge"},{"floor":16,"key":"LiquidBronze"},{"floor":27,"key":"SpeedPotion"}],"is_trial":false,"path_per_floor":["M","$","M","M","M","R","E","R","T","M","$","M","?","M","R","B",null,"M","?","M","?","$","R","M","R","T","M","$","R","M","?","R","B"],"character_chosen":"THE_BUGKNIGHT","items_purchased":["HollowMod:QuirrelsAssistance","HollowMod:LifebloodCocoon","HollowMod:VengefulSpirit","HollowMod:CloakDash"],"campfire_rested":4,"item_purchase_floors":[2,2,11,28],"current_hp_per_floor":[75,75,75,75,65,65,55,55,55,58,58,61,75,48,70,44,80,55,55,22,22,22,22,23,47,47,23,23,47,33,33,57,0,0],"gold":29,"neow_bonus":"THREE_ENEMY_KILL","is_daily":false,"chose_seed":false,"campfire_upgraded":3,"win_rate":0.0,"timestamp":1611013915,"path_taken":["M","$","?","M","M","R","E","R","T","M","$","M","?","M","R","BOSS","M","?","M","?","$","R","M","R","T","M","$","R","M","?","R","BOSS"],"items_purchased_type":["Card","Card","Card","Card"],"build_version":"2020-12-22","purchased_purges":0,"victory":false,"max_hp_per_floor":[75,75,75,75,75,75,75,75,75,75,75,75,75,75,75,80,80,80,80,80,80,80,80,80,80,80,80,80,80,80,80,80,80,80],"card_choices":[{"not_picked":["HollowMod:GrimmsGift","HollowMod:WraithStrike"],"picked":"HollowMod:SoulSplash","floor":1},{"not_picked":["HollowMod:TaintedHusks","HollowMod:InfectedCysts"],"picked":"HollowMod:SoulSplash","floor":3},{"not_picked":["HollowMod:SoulVessel","HollowMod:SiblingsSouls"],"picked":"HollowMod:LifebloodCore","floor":4},{"not_picked":["HollowMod:TaintedHusks","HollowMod:DashSlash"],"picked":"HollowMod:CycloneSlash","floor":5},{"not_picked":["HollowMod:LifebloodCocoon","HollowMod:ChannelNail"],"picked":"HollowMod:DesolateDive","floor":7},{"not_picked":["HollowMod:NewJinnsSoul","HollowMod:HuntersJournal"],"picked":"HollowMod:SoulStrike","floor":10},{"not_picked":["HollowMod:InfectedCysts","HollowMod:SoulStrike"],"picked":"HollowMod:DungDefenderAura","floor":12},{"not_picked":["HollowMod:DreamGate","HollowMod:TaintedHusks"],"picked":"HollowMod:ZotesMagnificence","floor":14},{"not_picked":["HollowMod:PureVessel","HollowMod:SlysStrikes"],"picked":"HollowMod:HornetsHelp","floor":16},{"not_picked":["HollowMod:DesolateDive","HollowMod:SoulVessel"],"picked":"HollowMod:SiblingsSouls","floor":18},{"not_picked":["HollowMod:SoulSplash","HollowMod:SoulStrike"],"picked":"HollowMod:HowlingWraiths","floor":20},{"not_picked":["HollowMod:NewLittleFool","HollowMod:TaintedHusks+1"],"picked":"HollowMod:LifebloodCocoon","floor":24},{"not_picked":["HollowMod:HeavyBlow","HollowMod:TaintedHusks"],"picked":"HollowMod:SoulStrike+1","floor":27},{"not_picked":["HollowMod:VengefulVoid","HollowMod:WraithStrike"],"picked":"HollowMod:GoodIntentions","floor":30}],"player_experience":481608,"relics_obtained":[{"floor":7,"key":"Turnip"},{"floor":9,"key":"Mummified Hand"},{"floor":26,"key":"Bag of Marbles"}],"event_choices":[{"damage_healed":0,"gold_gain":0,"player_choice":"Read","damage_taken":0,"max_hp_gain":0,"max_hp_loss":0,"event_name":"The Library","floor":21,"gold_loss":0,"cards_obtained":["HollowMod:SoulStrike"]},{"damage_healed":0,"gold_gain":0,"player_choice":"Simplicity","damage_taken":0,"max_hp_gain":0,"max_hp_loss":0,"event_name":"Back to Basics","floor":31,"gold_loss":0,"cards_upgraded":["HollowMod:NailStrikeStart","HollowMod:NailStrikeStart","HollowMod:NailStrikeStart","HollowMod:NailStrikeStart","HollowMod:QuickDashStart","HollowMod:QuickDashStart","HollowMod:QuickDashStart","HollowMod:QuickDashStart"]}],"is_beta":false,"boss_relics":[{"not_picked":["Sozu","Snecko Eye","Pandora\u0027s Box"]}],"items_purged_floors":[],"is_endless":false,"potions_floor_spawned":[4,5,14,16,27],"killed_by":"Champ","ascension_level":0}}