{"host":"ds1yr10zonoc6w4a","time":1611006498,"event":{"mods":["AchievementEnabler","Act Like it!","Aspiration","BaseMod","Better Match","Better Third Choice","BetterRewards","Downfall","Elementarium","Energized Spire","Gensokyo","Infinite Spire","Menagerie","Minty Spire (QoL Compilation)","Pale of the Ancients","StSLib","The Animator"],"gold_per_floor":[99,99,99,99,99,99,99,115,115,30,48,68,168,168,180,180,180],"floor_reached":16,"language":"ENG","playtime":1765,"items_purged":[],"score":188,"play_id":"1d04335d-9e76-431d-aa4e-5eb411849d6a","local_time":"20210118144818","is_ascension_mode":false,"campfire_choices":[{"floor":1,"key":"RECALL"},{"data":"sneckomod:Nope","floor":6,"key":"SMITH"}],"circlet_count":0,"master_deck":["sneckomod:Strike","sneckomod:Strike","sneckomod:Strike+1","sneckomod:Defend","sneckomod:Defend","sneckomod:Defend","sneckomod:TailWhip","sneckomod:SnekBite+1","sneckomod:Unknown+1","sneckomod:Unknown","sneckomod:SoulDraw","sneckomod:QuickMove","sneckomod:Nope+1","sneckomod:UnknownClassLunar+1","downfall:Malfunctioning","sneckomod:UnknownClassTHE_ANIMATOR","sneckomod:Unknown0Cost","sneckomod:UnknownRareSkill","sneckomod:UnknownClassTHE_ANIMATOR","Normality","CurseOfTheBell","downfall:Malfunctioning","sneckomod:UnknownBoss","Regret","Doubt","sneckomod:SoulDraw","sneckomod:SoulExchange"],"relics":["sneckomod:SneckoSoul","downfall:HeartsMalice","Calling Bell","Vajra","aspiration:Nostalgia","hexamod:SpiritBrand","Prayer Wheel"],"acts_visited":["Exordium"],"potions_floor_usage":[11,16],"damage_taken":[{"damage":0,"enemies":"2 Louse","floor":2,"turns":1},{"damage":0,"enemies":"Cultist","floor":3,"turns":1},{"damage":0,"enemies":"Jaw Worm","floor":5,"turns":1},{"damage":1,"enemies":"Exordium Thugs","floor":8,"turns":6},{"damage":0,"enemies":"downfall:FleeingMerchant","floor":10,"turns":4},{"damage":4,"enemies":"Exordium Wildlife","floor":11,"turns":5},{"damage":15,"enemies":"2 Fungi Beasts","floor":12,"turns":3},{"damage":9,"enemies":"Blue Slaver","floor":15,"turns":3},{"damage":76,"enemies":"DF_ARCHETYPE_STREAMLINE","floor":16,"turns":9}],"seed_played":"-3854751289438859359","potions_obtained":[{"floor":8,"key":"SkillPotion"},{"floor":12,"key":"SteroidPotion"},{"floor":15,"key":"SkillPotion"}],"is_trial":false,"path_per_floor":["R","M","M","?","M","R","T","M","?","$","M","M","?","?","M","B"],"character_chosen":"THE_SNECKO","items_purchased":["sneckomod:Unknown0Cost"],"campfire_rested":0,"item_purchase_floors":[10],"current_hp_per_floor":[90,90,90,90,90,90,90,89,89,89,85,70,75,80,71,0,0],"gold":180,"neow_bonus":"THREE_ENEMY_KILL","is_daily":false,"chose_seed":false,"campfire_upgraded":1,"win_rate":0.0,"timestamp":1611006498,"path_taken":["R","M","M","?","M","R","T","?","?","?","?","M","?","?","M","BOSS"],"items_purchased_type":["Card"],"build_version":"2020-12-22","purchased_purges":0,"victory":false,"max_hp_per_floor":[90,90,90,90,90,90,90,90,90,90,90,90,95,100,100,100,100],"card_choices":[{"not_picked":["sneckomod:UnknownClassBLUE","sneckomod:UnknownClassGREEN"],"picked":"sneckomod:SoulDraw","floor":2},{"not_picked":["sneckomod:UnknownClassGUARDIAN","sneckomod:UnknownClassRED"],"picked":"sneckomod:QuickMove","floor":3},{"not_picked":["sneckomod:DiceBlock","sneckomod:UnknownExhaust"],"picked":"sneckomod:Nope","floor":5},{"not_picked":["sneckomod:UnknownClassSLIMEBOUND","sneckomod:ImprovisedAttack"],"picked":"sneckomod:UnknownClassLunar","floor":8},{"not_picked":["sneckomod:UnknownUncommonPower","sneckomod:UnknownExhaust"],"picked":"sneckomod:UnknownClassTHE_ANIMATOR","floor":10},{"not_picked":["sneckomod:UnknownDraw","sneckomod:UnknownX"],"picked":"sneckomod:UnknownRareSkill","floor":11},{"not_picked":["sneckomod:TrashToTreasure","sneckomod:Nope"],"picked":"sneckomod:UnknownClassTHE_ANIMATOR","floor":12},{"not_picked":["sneckomod:UnknownClassBLUE","sneckomod:UnknownClassHEXA_GHOST_PURPLE"],"picked":"sneckomod:SoulDraw","floor":15},{"not_picked":["sneckomod:SoulDraw","sneckomod:UnknownWeak"],"picked":"sneckomod:SoulExchange","floor":15}],"player_experience":859379,"relics_obtained":[{"floor":13,"key":"Vajra"},{"floor":13,"key":"aspiration:Nostalgia"},{"floor":13,"key":"Prayer Wheel"}],"event_choices":[{"damage_healed":0,"gold_gain":0,"player_choice":"Forge","damage_taken":0,"max_hp_gain":0,"max_hp_loss":0,"event_name":"Accursed Blacksmith","floor":4,"gold_loss":0,"cards_upgraded":["sneckomod:Unknown"]},{"damage_healed":0,"gold_gain":0,"player_choice":"Donut","damage_taken":0,"max_hp_gain":5,"max_hp_loss":0,"event_name":"Big Fish","floor":14,"gold_loss":0}],"is_beta":false,"boss_relics":[],"items_purged_floors":[],"is_endless":false,"potions_floor_spawned":[8,12,15],"killed_by":"DF_ARCHETYPE_STREAMLINE","ascension_level":0}}