{"host":"aq6zgkax5kiz71xp","time":1611000041,"event":{"mods":["BaseMod","Minty Spire (QoL Compilation)","Quick Restart","StSLib"],"gold_per_floor":[112,82,97,97,107,134,134,134,134,134,153,173,188,209,209,209,209],"floor_reached":16,"language":"ZHS","playtime":742,"items_purged":[],"score":120,"play_id":"eefcc98d-8cd8-4d24-b096-578ca409076f","local_time":"20210119040041","is_ascension_mode":true,"campfire_choices":[{"data":"Fusion","floor":7.0,"key":"SMITH"},{"data":"Darkness","floor":10.0,"key":"SMITH"},{"floor":15,"key":"REST"}],"circlet_count":0,"master_deck":["Strike_B+1","Strike_B+1","Strike_B","Strike_B","Defend_B","Defend_B","Defend_B","Defend_B","Zap","Dualcast","Fusion+1","Darkness+1","Compile Driver","Reboot","BootSequence"],"relics":["Cracked Core","NeowsBlessing","Pear","Golden Idol","Symbiotic Virus"],"acts_visited":["Exordium"],"potions_floor_usage":[14,16],"damage_taken":[{"damage":0.0,"enemies":"Jaw Worm","floor":1.0,"turns":1.0},{"damage":0.0,"enemies":"Cultist","floor":3.0,"turns":1.0},{"damage":0.0,"enemies":"2 Louse","floor":5.0,"turns":1.0},{"damage":25.0,"enemies":"Lagavulin","floor":6.0,"turns":6.0},{"damage":0.0,"enemies":"Large Slime","floor":11.0,"turns":4.0},{"damage":1.0,"enemies":"Exordium Wildlife","floor":12.0,"turns":2.0},{"damage":11.0,"enemies":"2 Fungi Beasts","floor":13.0,"turns":3.0},{"damage":25,"enemies":"Lots of Slimes","floor":14,"turns":3},{"damage":33,"enemies":"The Guardian","floor":16,"turns":7}],"seed_played":"-8209300039445771695","potions_obtained":[{"floor":1.0,"key":"FearPotion"},{"floor":2.0,"key":"EssenceOfDarkness"},{"floor":2.0,"key":"LiquidMemories"},{"floor":13.0,"key":"SkillPotion"},{"floor":14,"key":"Explosive Potion"}],"is_trial":false,"path_per_floor":["M","?","M","?","M","E","R","?","T","R","M","M","M","M","R","B"],"character_chosen":"DEFECT","items_purchased":[],"campfire_rested":1,"item_purchase_floors":[],"current_hp_per_floor":[75,75,75,60,60,45,45,45,45,45,45,44,33,8,31,0,0],"gold":209,"neow_bonus":"THREE_ENEMY_KILL","is_daily":false,"chose_seed":false,"campfire_upgraded":2,"win_rate":0.0,"timestamp":1611000041,"path_taken":["M","?","?","?","M","E","R","?","T","R","M","M","M","M","R","BOSS"],"items_purchased_type":[],"build_version":"2020-12-22","purchased_purges":0,"victory":false,"max_hp_per_floor":[75,75,75,75,75,85,85,79,79,79,79,79,79,79,79,79,79],"card_choices":[{"not_picked":["Chill","Ball Lightning"],"picked":"Fusion","floor":1.0},{"not_picked":["Go for the Eyes","Cold Snap"],"picked":"Darkness","floor":3.0},{"not_picked":["Double Energy","Rebound"],"picked":"Compile Driver","floor":5.0},{"not_picked":["Heatsinks","Coolheaded"],"picked":"Reboot","floor":6.0},{"not_picked":["Gash","Steam Power","Redo"],"picked":"SKIP","floor":11.0},{"not_picked":["Cold Snap","Hologram","Conserve Battery"],"picked":"SKIP","floor":12.0},{"not_picked":["Turbo","Coolheaded","Force Field"],"picked":"SKIP","floor":13.0},{"not_picked":["Gash","Undo"],"picked":"BootSequence","floor":14}],"player_experience":370565,"relics_obtained":[{"floor":6.0,"key":"Pear"},{"floor":9.0,"key":"Symbiotic Virus"}],"event_choices":[{"damage_healed":0.0,"max_hp_gain":0.0,"max_hp_loss":0.0,"gold_gain":0.0,"event_name":"The Woman in Blue","player_choice":"Bought 2 Potions","floor":2.0,"gold_loss":0.0,"damage_taken":0.0},{"damage_healed":0.0,"max_hp_gain":0.0,"max_hp_loss":0.0,"gold_gain":0.0,"event_name":"Shining Light","player_choice":"Entered Light","floor":4.0,"gold_loss":0.0,"damage_taken":15.0,"cards_upgraded":["Strike_B","Strike_B"]},{"damage_healed":0.0,"max_hp_gain":0.0,"max_hp_loss":6.0,"gold_gain":0.0,"event_name":"Golden Idol","player_choice":"Lose Max HP","floor":8.0,"gold_loss":0.0,"damage_taken":0.0,"relics_obtained":["Golden Idol"]}],"is_beta":false,"boss_relics":[],"items_purged_floors":[],"is_endless":false,"potions_floor_spawned":[1,13,14],"killed_by":"The Guardian","ascension_level":3}}