{"host":"jnpc5rzortks67vf","time":1611005367,"event":{"mods":["2.2 Compatiblity","AchievementEnabler","BaseMod","Downfall","Friendly Minions","HexUI Lib","Minty Spire (QoL Compilation)","StSLib"],"gold_per_floor":[99,113,131,148,148,148,148,168,1,1,31,47,47,61,72,72,72],"floor_reached":16,"language":"ENG","playtime":694,"items_purged":[],"score":129,"play_id":"a2c30a55-0300-4f04-890a-b2ff98c1678e","local_time":"20210118142927","is_ascension_mode":false,"campfire_choices":[{"floor":1,"key":"RECALL"},{"data":"bronze:Verify","floor":10,"key":"SMITH"},{"floor":13,"key":"REST"}],"circlet_count":0,"master_deck":["bronze:Strike","bronze:Strike","bronze:Strike","bronze:Strike","bronze:Defend","bronze:Defend","bronze:Defend","bronze:Defend","bronze:Replicate","bronze:Goto","bronze:WhirlingStrike","bronze:Overload","bronze:DelayedSlice","bronze:CutThrough","bronze:ClassDefault","bronze:Verify+1","bronze:Iterate","bronze:Flail","bronze:FineTuning","bronze:WhirlingStrike"],"relics":["bronze:BronzeCore","FossilizedHelix","Pear","Darkstone Periapt"],"acts_visited":["Exordium"],"potions_floor_usage":[16,16],"damage_taken":[{"damage":4,"enemies":"Cultist","floor":2,"turns":4},{"damage":10,"enemies":"Jaw Worm","floor":3,"turns":4},{"damage":2,"enemies":"Small Slimes","floor":4,"turns":2},{"damage":0,"enemies":"2 Fungi Beasts","floor":8,"turns":2},{"damage":4,"enemies":"downfall:FleeingMerchant","floor":9,"turns":4},{"damage":31,"enemies":"3 Sentries","floor":11,"turns":7},{"damage":5,"enemies":"Exordium Thugs","floor":12,"turns":4},{"damage":10,"enemies":"Lots of Slimes","floor":14,"turns":2},{"damage":0,"enemies":"2 Fungi Beasts","floor":15,"turns":2},{"damage":78,"enemies":"WA_ARCHETYPE_RETAIN","floor":16,"turns":7}],"seed_played":"3368179552645884783","potions_obtained":[{"floor":2,"key":"Ancient Potion"},{"floor":3,"key":"bronze:BuildAFunctionPotion"},{"floor":15,"key":"Dexterity Potion"}],"is_trial":false,"path_per_floor":["R","M","M","M","?","?","T","M","$","R","E","M","R","M","M","B"],"character_chosen":"THE_AUTOMATON","items_purchased":["bronze:Verify"],"campfire_rested":1,"item_purchase_floors":[9],"current_hp_per_floor":[77,73,63,61,61,61,71,71,67,67,36,31,57,47,47,0,0],"gold":72,"neow_bonus":"TEN_PERCENT_HP_BONUS","is_daily":false,"chose_seed":false,"campfire_upgraded":1,"win_rate":0.0,"timestamp":1611005367,"path_taken":["R","M","M","M","?","?","T","M","$","R","E","M","R","?","M","BOSS"],"items_purchased_type":["Card"],"build_version":"2020-12-22","purchased_purges":0,"victory":false,"max_hp_per_floor":[77,77,77,77,77,77,87,87,87,87,87,87,87,87,87,87,87],"card_choices":[{"not_picked":["bronze:BronzeOrb","bronze:Turbo"],"picked":"bronze:WhirlingStrike","floor":2},{"not_picked":["bronze:BuggyMess","bronze:DelayedGuard"],"picked":"bronze:Overload","floor":3},{"not_picked":["bronze:Shell","bronze:Overload"],"picked":"bronze:DelayedSlice","floor":4},{"not_picked":["bronze:Repulsor","bronze:Overheat"],"picked":"bronze:CutThrough","floor":8},{"not_picked":["bronze:DelayedGuard","bronze:Branch"],"picked":"bronze:ClassDefault","floor":9},{"not_picked":["bronze:Branch","bronze:CleanCode"],"picked":"bronze:Iterate","floor":11},{"not_picked":["bronze:Shell","bronze:DelayedGuard"],"picked":"bronze:Flail","floor":12},{"not_picked":["bronze:Deprecate","bronze:WildBeam"],"picked":"bronze:FineTuning","floor":14},{"not_picked":["bronze:Safeguard","bronze:Backtrace"],"picked":"bronze:WhirlingStrike","floor":15}],"player_experience":658075,"relics_obtained":[{"floor":7,"key":"Pear"},{"floor":11,"key":"Darkstone Periapt"}],"event_choices":[],"is_beta":false,"boss_relics":[],"items_purged_floors":[],"is_endless":false,"potions_floor_spawned":[2,3,15],"killed_by":"WA_ARCHETYPE_RETAIN","ascension_level":0}}