{"host":"ss2ocoam53r2lno0","time":1611002332,"event":{"mods":["Act Like it!","BaseMod","ChefMod","Clockwork Mod","Colored Powertips","Curses Come First","Displayed Cursed Tome","Downfall","Evolution","Googly Eyes","Hallownest","Highlight Path","Minty Spire (QoL Compilation)","Poor People Problems","Rare Cards Sparkle","Robot Space Explorer","Shade Mod","Shop Mod","Spicy Shops","StSLib","The Marked"],"gold_per_floor":[119,44,44,67,67,67,67,83,106,106,122,122,143,183,183,312,312,290,63,81,81,95,95,164,164,164],"floor_reached":25,"language":"ENG","playtime":1290,"items_purged":["Clockwork:ChargingBlade","Clockwork:ChargingBlade"],"score":389,"play_id":"fa558a68-a023-4a12-9548-fb8414c9a9c3","local_time":"20210118213852","is_ascension_mode":true,"campfire_choices":[{"data":"Clockwork:ChargingBlade","floor":6,"key":"SMITH"},{"data":"Clockwork:ChargingShield","floor":10,"key":"SMITH"},{"data":"Clockwork:Handicap","floor":12,"key":"SMITH"},{"data":"Clockwork:Tinker","floor":15,"key":"SMITH"},{"data":"Clockwork:ZeroPointEnergy","floor":23,"key":"SMITH"}],"circlet_count":0,"master_deck":["AscendersBane","Clockwork:ChargingBlade+1","Clockwork:Shield","Clockwork:Tinker+1","Clockwork:WarmUp","Clockwork:OccamsRazor","Clockwork:ChargingShield+1","Clockwork:ZeroPointEnergy+1","Clockwork:RevUp"],"relics":["Clockwork:MomentumEngine","EVO:Axolotl","NeowsBlessing","Golden Idol","CeramicFish","Odd Mushroom","SlaversCollar","InkBottle","SsserpentHead"],"acts_visited":["Exordium","TheCity"],"potions_floor_usage":[],"damage_taken":[{"damage":0,"enemies":"Jaw Worm","floor":1,"turns":4},{"damage":0,"enemies":"Cultist","floor":4,"turns":1},{"damage":0,"enemies":"Small Slimes","floor":8,"turns":2},{"damage":1,"enemies":"Blue Slaver","floor":11,"turns":9},{"damage":6,"enemies":"Lots of Slimes","floor":13,"turns":10},{"damage":0,"enemies":"The Mushroom Lair","floor":14,"turns":8},{"damage":0,"enemies":"The Guardian","floor":16,"turns":17},{"damage":28,"enemies":"2 Thieves","floor":18,"turns":5},{"damage":0,"enemies":"Shell Parasite","floor":20,"turns":12},{"damage":19,"enemies":"Centurion and Healer","floor":22,"turns":12},{"damage":13,"enemies":"Cultist and Chosen","floor":24,"turns":11},{"damage":21,"enemies":"Gremlin Leader","floor":25,"turns":2}],"seed_played":"-8464838423731772340","potions_obtained":[{"floor":11,"key":"Ancient Potion"},{"floor":14,"key":"sneckomod:MuddlingPotion"}],"is_trial":false,"path_per_floor":["M","$","?","M","?","R","$","M","T","R","M","R","M","?","R","B",null,"M","$","M","?","M","R","M","E"],"character_chosen":"CLOCKWORK","items_purchased":["InkBottle"],"campfire_rested":0,"item_purchase_floors":[19],"current_hp_per_floor":[77,77,77,77,79,79,79,79,79,79,78,78,72,72,72,72,77,49,49,49,49,30,30,17,0,0],"gold":164,"neow_bonus":"THREE_ENEMY_KILL","is_daily":false,"chose_seed":false,"campfire_upgraded":5,"win_rate":0.0,"timestamp":1611002332,"path_taken":["M","$","?","M","?","R","$","?","T","R","M","R","M","?","R","BOSS","M","$","M","?","M","R","?","E"],"items_purchased_type":["Relic"],"build_version":"2020-12-22","purchased_purges":2,"victory":false,"max_hp_per_floor":[85,85,79,79,79,79,79,79,79,79,79,79,79,79,79,79,79,79,79,79,79,79,79,79,79,79],"card_choices":[{"not_picked":["Clockwork:AdaptiveShield","Clockwork:CogToss"],"picked":"Clockwork:OccamsRazor","floor":1},{"not_picked":["Clockwork:SystemScan","Clockwork:Friction"],"picked":"Clockwork:ChargingShield","floor":4},{"not_picked":["Clockwork:HoardingStrike","Clockwork:PerfectedStrike","Clockwork:SnapKeep"],"picked":"SKIP","floor":8},{"not_picked":["Clockwork:Friction","Clockwork:CogShield","Clockwork:SystemScan"],"picked":"SKIP","floor":11},{"not_picked":["Clockwork:QuantumStrike","Clockwork:SnapKeep","Clockwork:ChargingShield"],"picked":"SKIP","floor":13},{"not_picked":["Clockwork:Roundhouse","Clockwork:CogToss"],"picked":"Clockwork:Downsize","floor":14},{"not_picked":["Clockwork:ReactiveNanites","Clockwork:AeonShield"],"picked":"Clockwork:ZeroPointEnergy","floor":16},{"not_picked":["Clockwork:ForgeStrike","Clockwork:Minimalism"],"picked":"Clockwork:RevUp","floor":18},{"not_picked":["Clockwork:Roundhouse","Clockwork:TestingEnvironment","Clockwork:QuantumStrike"],"picked":"SKIP","floor":20},{"not_picked":["Clockwork:ChargingShield","Clockwork:FalseStart","Clockwork:AdaptiveCannon"],"picked":"SKIP","floor":22},{"not_picked":["Clockwork:Redundancy","Clockwork:Efficiency","Clockwork:SnapKeep"],"picked":"SKIP","floor":24}],"player_experience":783331,"relics_obtained":[{"floor":9,"key":"CeramicFish"},{"floor":14,"key":"Odd Mushroom"}],"event_choices":[{"damage_healed":0,"gold_gain":0,"player_choice":"Lose Max HP","damage_taken":0,"relics_obtained":["Golden Idol"],"max_hp_gain":0,"max_hp_loss":6,"event_name":"Golden Idol","floor":3,"gold_loss":0},{"cards_removed":["Clockwork:ChargingBlade"],"damage_healed":5,"gold_gain":0,"player_choice":"Offered Common","damage_taken":0,"max_hp_gain":0,"max_hp_loss":0,"event_name":"Bonfire Elementals","floor":5,"gold_loss":0},{"cards_removed":["Clockwork:ChargingBlade"],"damage_healed":5,"gold_gain":0,"player_choice":"Offered Special","damage_taken":0,"max_hp_gain":0,"max_hp_loss":0,"event_name":"Bonfire Elementals","floor":5,"gold_loss":0},{"damage_healed":0,"gold_gain":0,"player_choice":"Fought Mushrooms","damage_taken":0,"max_hp_gain":0,"max_hp_loss":0,"event_name":"Mushrooms","floor":14,"gold_loss":0},{"damage_healed":0,"gold_gain":0,"player_choice":"Trade","damage_taken":0,"relics_obtained":["SsserpentHead"],"max_hp_gain":0,"max_hp_loss":0,"event_name":"FaceTrader","floor":21,"gold_loss":0}],"is_beta":false,"boss_relics":[{"not_picked":["Busted Crown","Philosopher\u0027s Stone"],"picked":"SlaversCollar"}],"items_purged_floors":[2,19],"is_endless":false,"potions_floor_spawned":[11,14,16,20],"killed_by":"Gremlin Leader","ascension_level":12}}