{"host":"appz8zkad29u9482","time":1611001837,"event":{"mods":["2.2 Compatiblity","Act Like it!","Aspiration","BaseMod","Beaked The Cultist","Better Altar","Better Match","Better Note","Better Skull","Better Third Choice","BetterRewards","CapriCore","Conspire","Disable Question Mark Monsters","Energized Spire","Gensokyo","GifTheSpireLib","Gold Saver","Halation","Hermit","Hubris","Infinite Spire","Jedi Mod","Marisa????????","Minty Spire (QoL Compilation)","Permanent Neow","Reimu??????","Replay The Spire","Spicy Shops","StSLib","Strawberry Spire","Stuff the Spire","The Administrix","The Alterego","The Bug Knight","The Construct","The Cursed","The Florist","The Hierophant","The Immortal","The Servant 0.9.4","yUi"],"gold_per_floor":[110,110,122,149,111,123,166,193,205,237,249,261,304,328,340,352,352],"floor_reached":16,"language":"ENG","playtime":847,"items_purged":[],"score":135,"play_id":"9ed66999-edc0-4810-8e22-54c942481020","local_time":"20210118103037","is_ascension_mode":false,"campfire_choices":[{"data":"alterego_mod:BigMeatyClaws","floor":6,"key":"SMITH"},{"data":"alterego_mod:Venus","floor":12,"key":"SMITH"},{"floor":15,"key":"REST"}],"circlet_count":0,"master_deck":["alterego_mod:Strike","alterego_mod:Strike","alterego_mod:Strike","alterego_mod:Strike","alterego_mod:Defend","alterego_mod:Defend","alterego_mod:Defend","alterego_mod:Defend","alterego_mod:Impale","alterego_mod:BigMeatyClaws+1","alterego_mod:BrynhildrsRune","alterego_mod:Rip","StuffTheSpire:CuriosityCurse","alterego_mod:Skirt","alterego_mod:Pet","alterego_mod:HighServant","alterego_mod:Pet","alterego_mod:PresenceConcealment","alterego_mod:Clap","conspire:SpireCoStock","alterego_mod:Venus+1","alterego_mod:1TonWallop","alterego_mod:Collar","alterego_mod:Rip"],"relics":["alterego_mod:MasochisticConstitution","NeowsBlessing","MawBank","conspire:GlowingRock","aspiration:StickyExplosives_weak","halation:EternalFortune","hubris:FunFungus"],"acts_visited":["Exordium"],"potions_floor_usage":[13,16],"damage_taken":[{"damage":0,"enemies":"Small Slimes","floor":1,"turns":1},{"damage":0,"enemies":"2 Louse","floor":4,"turns":1},{"damage":0,"enemies":"Gremlin Nob","floor":7,"turns":1},{"damage":0,"enemies":"Cultist","floor":8,"turns":3},{"damage":18,"enemies":"3 Louse","floor":10,"turns":3},{"damage":26,"enemies":"Lagavulin","floor":13,"turns":4},{"damage":15,"enemies":"Looter","floor":14,"turns":4},{"damage":79,"enemies":"Fading Forest","floor":16,"turns":9}],"seed_played":"5943557097655894341","potions_obtained":[{"floor":4,"key":"Elixir"},{"floor":7,"key":"Dexterity Potion"},{"floor":10,"key":"GrandPatriotsElixir:ReiMu"},{"floor":14,"key":"jedi:mysterypotion"}],"is_trial":false,"path_per_floor":["M","?","?","M","?","R","E","M","T","M","?","R","E","M","R","B"],"character_chosen":"The_Alterego","items_purchased":[],"campfire_rested":1,"item_purchase_floors":[],"current_hp_per_floor":[70,70,70,70,70,70,70,70,70,53,56,56,34,20,43,0,0],"gold":352,"neow_bonus":"THREE_ENEMY_KILL","is_daily":false,"chose_seed":false,"campfire_upgraded":2,"win_rate":0.0,"timestamp":1611001837,"path_taken":["M","?","?","M","?","R","E","M","T","M","?","R","E","M","R","BOSS"],"items_purchased_type":[],"build_version":"2020-12-22","purchased_purges":0,"victory":false,"max_hp_per_floor":[70,70,70,70,70,70,70,70,70,71,74,74,78,79,79,79,79],"card_choices":[{"not_picked":["alterego_mod:PerceptionDisorder","alterego_mod:PurpleHair"],"picked":"alterego_mod:Rip","floor":1},{"not_picked":["alterego_mod:Complex","alterego_mod:Skirt"],"picked":"alterego_mod:Clap","floor":4},{"not_picked":["alterego_mod:BustOut","alterego_mod:Birthday"],"picked":"alterego_mod:Venus","floor":7},{"not_picked":["alterego_mod:HighServant","alterego_mod:Maid","alterego_mod:Jiggle"],"picked":"SKIP","floor":8},{"not_picked":["alterego_mod:GoddessCore","alterego_mod:PresenceConcealment"],"picked":"alterego_mod:1TonWallop","floor":10},{"not_picked":["alterego_mod:Smother","alterego_mod:Santa"],"picked":"alterego_mod:Collar","floor":13},{"not_picked":["alterego_mod:PerceptionDisorder","alterego_mod:Complex"],"picked":"alterego_mod:Rip","floor":14}],"player_experience":556626,"relics_obtained":[{"floor":7,"key":"conspire:GlowingRock"},{"floor":9,"key":"aspiration:StickyExplosives_weak"},{"floor":13,"key":"halation:EternalFortune"},{"floor":13,"key":"hubris:FunFungus"}],"event_choices":[{"damage_healed":0,"gold_gain":0,"player_choice":"Invest 1","damage_taken":0,"max_hp_gain":0,"max_hp_loss":0,"event_name":"conspire:Investor","floor":5,"gold_loss":0}],"is_beta":false,"boss_relics":[],"items_purged_floors":[],"is_endless":false,"potions_floor_spawned":[4,7,10,14],"killed_by":"Fading Forest","ascension_level":0}}