{"host":"te4ihy0orbpglf07","time":1611006309,"event":{"mods":["Act Like it!","Arknights The Spire","BaseMod","BetterRewards","Friendly Minions","Gensokyo","Hubris","Infinite Spire","Minty Spire (QoL Compilation)","Prisma Mod","RumiaBox-????????","Small Relic Pack","StSLib","SuperFastMode","Td1madao Mod","The Servant 0.9.4"],"gold_per_floor":[114,114,66,66,79,105,105,122,122,142,63,89,108,108,108,208,208,218,218,229,240,251,277,277,310,310,329,345,345,445,480,480,577,577,594,594,594,608,625,625,314,314,314,324,336,286,304,330,330,435,435,444,444,456,456,460,535,542,549,549,549,554,560,377,401,401,471,471,452,702,702,710,711,720,720,707,731,731,507,523,535,536,536,596,596,618,618,618,622,633,633,644,644,644,644,641,641,650,665,665,712,712,731,750,779,793,793,793,818,918,918,918,918,918,603,613,613,704,704,717,717,717,726,742,742,752,752,821,821,708,713,713,720,720,817,817,830,850,895,895,906,875,875],"floor_reached":142,"language":"ENG","playtime":7889,"items_purged":["hubris:Gluttony","PrismaMod:ChloeCommonAttack","PrismaMod:ChloeCommonAttack","PrismaMod:ChloeCommonAttack","Gensokyo:ImpossibleRequest","hubris:Lust","PrismaMod:ChloeExhaustOne","hubris:Disease"],"score":3308,"play_id":"345b6d99-4268-4f5a-b5cb-b3dc94d4e6f9","local_time":"20210119004509","is_ascension_mode":false,"campfire_choices":[{"floor":15.0,"key":"REST"},{"data":"infinitespire:Collect","floor":29.0,"key":"SMITH"},{"data":"PrismaMod:ChloeUnlimitedBladeWorks","floor":32.0,"key":"SMITH"},{"data":"PrismaMod:ChloeDoubleRelicSpeed","floor":40.0,"key":"SMITH"},{"floor":42.0,"key":"RECALL"},{"data":"infinitespire:Punishment","floor":49.0,"key":"SMITH"},{"data":"PrismaMod:ChloeRhongomyniad","floor":66.0,"key":"SMITH"},{"data":"hubris:Lust","floor":75.0,"key":"PURGE"},{"data":"infinitespire:Punishment","floor":83.0,"key":"SMITH"},{"data":"Parasite","floor":91,"key":"PURGE"},{"data":"PrismaMod:ChloeCommonDefend","floor":93,"key":"PURGE"},{"data":"PrismaMod:ChloeCommonDefend","floor":97,"key":"PURGE"},{"data":"PrismaMod:ChloeCommonDefend","floor":100,"key":"PURGE"},{"data":"PrismaMod:ChloeBetterTracePools","floor":108,"key":"PURGE"},{"data":"Regret","floor":112,"key":"PURGE"},{"data":"hubris:Greed","floor":114,"key":"PURGE"},{"data":"PrismaMod:ChloeCommonAOEAttack","floor":117,"key":"PURGE"},{"data":"PrismaMod:ChloeCheapDefend+1","floor":125,"key":"PURGE"},{"data":"PrismaMod:ChloeAnyUncommonTrace","floor":127,"key":"PURGE"},{"data":"PrismaMod:ChloeCheapDefend+1","floor":132,"key":"PURGE"},{"data":"PrismaMod:ChloeUncommonAttack","floor":134,"key":"PURGE"}],"circlet_count":0,"master_deck":["PrismaMod:ChloeCheapAttack","PrismaMod:ChloeExcalibur","infinitespire:Oblivion+1","PrismaMod:ChloeDiscardRecovery","PrismaMod:ChloeEyeOfTheEuryale","PrismaMod:ChloeRuleBreaker+1","PrismaMod:ChloeUnlimitedBladeWorks+1","PrismaMod:ChloeGaeBolg","PrismaMod:ChloeDoubleRelicSpeed+1","PrismaMod:ChloeExhaustTwo","infinitespire:Collect+1","PrismaMod:ChloeRhongomyniad+1","PrismaMod:ChloeGreatTracePools+1","infinitespire:Punishment+1","PrismaMod:ChloeCarnivalAttack","PrismaMod:ChloeCommonAOEAttack","PrismaMod:ChloeExhaustTwo","Gensokyo:ManorOfTheDishes+1","infinitespire:Punishment+1","hubris:Greed","relicPack:ZaWorld+1","infinitespire:UltimateForm+1","PrismaMod:ChloeExhaustThree+1","hubris:Fate+1","infinitespire:SealOfDarkness+","PrismaMod:ChloeCheapDefend+1","PrismaMod:ChloeExhaustOne+1","PrismaMod:ChloeUnlimitedBladeWorks+1","Gensokyo:ShootingStar+1","Shame","PrismaMod:ChloeCarnivalAttack"],"relics":["PrismaMod:PrismaTraceOnUpgrade","FossilizedHelix","Potion Belt","hubris:SlimyHat","relicPack:OneForAll","Cursed Key","hubris:MedicalManual","Frozen Egg 2","MagicDraw3","Gremlin Horn","Oddly Smooth Stone","Sozu","Membership Card","infinitespire:EmpoweringShard","hubris:MysteriousPyramids","Vajra","Empty Cage","hubris:Towel","relicPack:DarknessArmor","relicPack:DSword","MagicDraw1","hubris:OldNail","Peace Pipe","hubris:GlazedTorus","ZombieArmy","Bag of Preparation","MealTicket","Strange Spoon","Toxic Egg 2","relicPack:StarArrow","infinitespire:FocusingShard","Philosopher\u0027s Stone","Lantern","Letter Opener","Frozen Eye","Du-Vu Doll","Coffee Dripper","Gensokyo:RedStar","Gensokyo:ChorusOfJoy","hubris:SphereOfDissonance","MagicDraw4","Darkstone Periapt","hubris:FruitBowl","Strawberry","hubris:ScarierMask","hubris:ToyBattleship"],"acts_visited":["Exordium","TheCity","TheBeyond","Exordium","Exordium","Gensokyo:Gensokyoer","Gensokyo:Gensokyoest","Gensokyo:Gensokyo","Gensokyo:Gensokyoer"],"potions_floor_usage":[],"damage_taken":[{"damage":0.0,"enemies":"Small Slimes","floor":1.0,"turns":3.0},{"damage":0.0,"enemies":"2 Louse","floor":5.0,"turns":2.0},{"damage":18.0,"enemies":"Lagavulin","floor":6.0,"turns":6.0},{"damage":0.0,"enemies":"Cultist","floor":8.0,"turns":3.0},{"damage":0.0,"enemies":"Looter","floor":10.0,"turns":3.0},{"damage":21.0,"enemies":"3 Sentries","floor":12.0,"turns":5.0},{"damage":0.0,"enemies":"Large Slime","floor":13.0,"turns":6.0},{"damage":41.0,"enemies":"The Guardian","floor":16.0,"turns":8.0},{"damage":0.0,"enemies":"Chosen","floor":18.0,"turns":4.0},{"damage":14.0,"enemies":"Spheric Guardian","floor":20.0,"turns":4.0},{"damage":5.0,"enemies":"Chosen and Byrds","floor":21.0,"turns":4.0},{"damage":0.0,"enemies":"Cultist and Chosen","floor":22.0,"turns":3.0},{"damage":51.0,"enemies":"Slavers","floor":23.0,"turns":7.0},{"damage":4.0,"enemies":"Nightmare","floor":25.0,"turns":10.0},{"damage":12.0,"enemies":"Centurion and Healer","floor":27.0,"turns":5.0},{"damage":0.0,"enemies":"Snecko","floor":28.0,"turns":3.0},{"damage":0.0,"enemies":"Colosseum Slavers","floor":30.0,"turns":4.0},{"damage":8.0,"enemies":"Colosseum Nobs","floor":30.0,"turns":3.0},{"damage":20.0,"enemies":"Slavers","floor":31.0,"turns":2.0},{"damage":26.0,"enemies":"hubris:MusketHawk","floor":33.0,"turns":6.0},{"damage":7.0,"enemies":"3 Darklings","floor":35.0,"turns":5.0},{"damage":29.0,"enemies":"3 Shapes","floor":38.0,"turns":4.0},{"damage":0.0,"enemies":"Writhing Mass","floor":39.0,"turns":3.0},{"damage":18.0,"enemies":"Maw","floor":44.0,"turns":5.0},{"damage":0.0,"enemies":"Jaw Worm Horde","floor":45.0,"turns":2.0},{"damage":7.0,"enemies":"Writhing Mass","floor":47.0,"turns":3.0},{"damage":0.0,"enemies":"Giant Head","floor":48.0,"turns":5.0},{"damage":57.0,"enemies":"Donu and Deca","floor":50.0,"turns":4.0},{"damage":0.0,"enemies":"Small Slimes","floor":52.0,"turns":1.0},{"damage":0.0,"enemies":"Cultist","floor":54.0,"turns":1.0},{"damage":0.0,"enemies":"Jaw Worm","floor":56.0,"turns":1.0},{"damage":3.0,"enemies":"Looter","floor":58.0,"turns":1.0},{"damage":0.0,"enemies":"2 Fungi Beasts","floor":59.0,"turns":2.0},{"damage":0.0,"enemies":"Red Slaver","floor":62.0,"turns":1.0},{"damage":0.0,"enemies":"Gremlin Gang","floor":63.0,"turns":1.0},{"damage":51.0,"enemies":"Hexaghost","floor":67.0,"turns":4.0},{"damage":21.0,"enemies":"Gensokyo:3_Dogs","floor":69.0,"turns":3.0},{"damage":0.0,"enemies":"Gensokyo:CosmicMonolith","floor":72.0,"turns":2.0},{"damage":0.0,"enemies":"Gensokyo:Slime_Group","floor":73.0,"turns":1.0},{"damage":0.0,"enemies":"Gensokyo:Reisen","floor":74.0,"turns":2.0},{"damage":36.0,"enemies":"Nightmare","floor":76.0,"turns":3.0},{"damage":0.0,"enemies":"Gensokyo:Koishi","floor":80.0,"turns":2.0},{"damage":0.0,"enemies":"Gensokyo:Monolith_and_Dog","floor":81.0,"turns":1.0},{"damage":0.0,"enemies":"Gensokyo:Chomper_and_Gloop","floor":82.0,"turns":2.0},{"damage":28.0,"enemies":"Gensokyo:Kaguya","floor":84.0,"turns":4.0},{"damage":0,"enemies":"Gensokyo:AncientGuardian","floor":86,"turns":1},{"damage":0,"enemies":"Gensokyo:3_Bats","floor":89,"turns":2},{"damage":0,"enemies":"Gensokyo:AtlasGolem","floor":90,"turns":3},{"damage":0,"enemies":"Gensokyo:3_Boulders","floor":92,"turns":2},{"damage":0,"enemies":"Gensokyo:Rafflesia","floor":96,"turns":3},{"damage":0,"enemies":"Gensokyo:AtlasGolem","floor":98,"turns":2},{"damage":0,"enemies":"Gensokyo:SeedOfUnknown","floor":99,"turns":1},{"damage":0,"enemies":"Gensokyo:Shinki","floor":101,"turns":6},{"damage":18,"enemies":"Gensokyo:Gryphon","floor":103,"turns":1},{"damage":0,"enemies":"Gensokyo:2_Kodama","floor":104,"turns":1},{"damage":0,"enemies":"Gensokyo:Python","floor":105,"turns":1},{"damage":0,"enemies":"Gensokyo:Gryphon_and_Rabbit","floor":106,"turns":2},{"damage":0,"enemies":"Gensokyo:Aya","floor":109,"turns":2},{"damage":0,"enemies":"Gensokyo:Python_and_Kodama","floor":116,"turns":1},{"damage":0,"enemies":"Gensokyo:Reimu","floor":118,"turns":3},{"damage":0,"enemies":"Gensokyo:Chomper","floor":120,"turns":1},{"damage":0,"enemies":"Gensokyo:3_Dogs","floor":123,"turns":1},{"damage":0,"enemies":"Gensokyo:Swordslinger","floor":124,"turns":1},{"damage":0,"enemies":"Nightmare","floor":126,"turns":3},{"damage":0,"enemies":"Gensokyo:Slime_Group","floor":131,"turns":2},{"damage":0,"enemies":"Gensokyo:Chomper_and_Gloop","floor":133,"turns":1},{"damage":0,"enemies":"Gensokyo:Eiki","floor":135,"turns":1},{"damage":0,"enemies":"Gensokyo:3_Bats","floor":137,"turns":1},{"damage":0,"enemies":"Gensokyo:AncientGuardian","floor":138,"turns":1},{"damage":0,"enemies":"Gensokyo:3_Boulders","floor":141,"turns":1},{"damage":72,"enemies":"Nightmare","floor":142,"turns":4}],"seed_played":"2898121798028955840","potions_obtained":[{"floor":1.0,"key":"LiquidBronze"},{"floor":6.0,"key":"FearPotion"},{"floor":10.0,"key":"SteroidPotion"},{"floor":13.0,"key":"Ancient Potion"},{"floor":16.0,"key":"SpeedPotion"},{"floor":25.0,"key":"FearPotion"},{"floor":27.0,"key":"DuplicationPotion"},{"floor":28.0,"key":"DistilledChaos"},{"floor":31.0,"key":"Weak Potion"}],"is_trial":false,"path_per_floor":["M","?","$","?","M","E","?","M","T","M","$","E","M","?","R","B",null,"M","?","M","M","M","E","AVR","NM","T","M","M","R","?","E","R","B",null,"M","?","AVR","M","M","R","$","R","T","M","M","$","M","E","R","B",null,"M","?","M","?","M","?","M","M","T","?","M","M","$","T","R","B",null,"M","?","?","M","M","E","R","NM","T","?","$","E","M","M","R","B",null,"M","?","AVR","M","M","R","M","R","T","?","M","R","M","M","R","B",null,"M","M","M","M","AVR","R","E","?","T","R","?","R","$","M","R","B",null,"M","?","?","M","M","R","NM","R","T","$","$","M","R","M","R","B",null,"M","M","T","?","M","NM"],"character_chosen":"CHLOE","items_purchased":["PrismaMod:ChloeExcalibur","PrismaMod:ChloeBetterTracePools","PrismaMod:ChloeExhaustOne","PrismaMod:ChloeUnlimitedBladeWorks","Membership Card","infinitespire:EmpoweringShard","MagicDraw1","MealTicket","Strange Spoon","Frozen Eye","Du-Vu Doll","Darkstone Periapt","hubris:FruitBowl","Strawberry","PrismaMod:ChloeUnlimitedBladeWorks+1"],"campfire_rested":1,"item_purchase_floors":[0,0,3,11,41,41,64,79,79,115,115,129,129,130,130],"current_hp_per_floor":[70,70,70,53,53,35,35,35,35,35,35,14,28,28,49,15,70,70,70,63,58,70,29,29,70,70,70,70,70,62,42,42,22,70,70,70,70,41,63,63,63,63,63,55,55,55,48,58,58,1,70,70,70,70,56,56,45,47,67,67,32,32,52,52,52,52,1,70,69,66,60,60,60,60,60,24,24,24,24,24,54,56,56,28,56,56,56,56,56,56,53,53,53,53,53,53,53,53,53,53,53,53,35,35,35,35,35,35,42,42,42,42,22,22,37,37,37,37,53,53,53,53,53,53,53,53,53,53,14,39,41,41,41,41,63,63,63,63,72,72,72,0,0],"gold":875,"neow_bonus":"","is_daily":false,"chose_seed":false,"campfire_upgraded":6,"win_rate":0.0,"timestamp":1611006309,"path_taken":["M","?","$","?","M","E","?","M","T","?","$","E","M","?","R","BOSS","M","?","M","M","M","E","AVR","NM","T","M","M","R","?","E","R","BOSS","M","?","AVR","?","M","R","$","R","T","M","M","$","M","E","R","BOSS","M","?","M","?","M","?","M","?","T","?","M","M","?","?","R","BOSS","M","?","?","M","M","E","R","NM","T","?","?","E","?","M","R","BOSS","M","?","AVR","?","M","R","?","R","T","?","M","R","M","M","R","BOSS","M","M","M","M","AVR","R","E","?","T","R","?","R","$","?","R","BOSS","M","?","?","M","M","R","NM","R","T","?","$","M","R","M","R","BOSS","M","?","?","?","M","NM"],"items_purchased_type":["Card","Card","Card","Card","Relic","Relic","Relic","Relic","Relic","Relic","Relic","Relic","Relic","Relic","Card"],"build_version":"2020-12-22","purchased_purges":8,"victory":false,"max_hp_per_floor":[70,70,70,70,70,70,70,70,70,70,70,70,70,70,70,70,70,70,70,70,70,70,70,70,70,70,70,70,70,70,70,70,70,70,70,70,70,70,70,70,70,70,70,70,70,70,70,70,70,70,70,70,70,70,70,70,70,70,70,70,70,70,70,70,70,70,70,70,70,66,60,60,60,60,60,60,60,56,56,56,56,56,56,56,56,56,56,56,56,56,53,53,53,53,53,53,53,53,53,53,53,53,53,53,53,53,53,53,53,53,53,53,53,53,53,53,53,53,53,53,53,53,53,53,53,53,53,53,53,63,63,63,63,63,63,63,63,63,72,72,72,72,72],"card_choices":[{"not_picked":["PrismaMod:ChloeDiscardRecovery","PrismaMod:ChloeCheapAttack"],"picked":"PrismaMod:ChloeCommonAOEAttack","floor":1.0},{"not_picked":["infinitespire:DeathsTouch","infinitespire:Fortify"],"picked":"infinitespire:Oblivion","floor":4.0},{"not_picked":["PrismaMod:ChloeExhaustOne","PrismaMod:ChloeCheapDefendTwo"],"picked":"PrismaMod:ChloeDiscardRecovery","floor":5.0},{"not_picked":["PrismaMod:ChloeCaladbolg","PrismaMod:ChloeCheapAttack"],"picked":"PrismaMod:ChloeEyeOfTheEuryale","floor":6.0},{"not_picked":["PrismaMod:ChloeCheapDefend","PrismaMod:ChloeDiscardRecovery"],"picked":"PrismaMod:ChloeRuleBreaker","floor":8.0},{"not_picked":["PrismaMod:ChloeBetterTracePools","PrismaMod:ChloeCheapAttackTwo","PrismaMod:ChloeCheapDefendTwo"],"picked":"SKIP","floor":10.0},{"not_picked":["PrismaMod:ChloeUncommonAOEAttack","PrismaMod:ChloeCheapAttackTwo","PrismaMod:ChloeCheapDefend"],"picked":"SKIP","floor":12.0},{"not_picked":["PrismaMod:ChloeBetterTracePools","PrismaMod:ChloeCheapAttackTwo"],"picked":"PrismaMod:ChloeGaeBolg","floor":13.0},{"not_picked":["PrismaMod:ChloeDevil","PrismaMod:ChloeAnyPowerTrace"],"picked":"PrismaMod:ChloeDoubleRelicSpeed","floor":16.0},{"not_picked":["PrismaMod:ChloeCheapDefend","PrismaMod:ChloeExhaustOne+1"],"picked":"PrismaMod:ChloeUncommonAttack","floor":18.0},{"not_picked":["PrismaMod:ChloeDiscardRecovery","PrismaMod:ChloeExhaustOne"],"picked":"PrismaMod:ChloeExhaustTwo","floor":20.0},{"not_picked":["PrismaMod:ChloeCommonAOEAttack","PrismaMod:ChloeDiscardRecovery"],"picked":"PrismaMod:ChloeAnyUncommonTrace","floor":21.0},{"not_picked":["PrismaMod:ChloeUncommonAOEAttack","PrismaMod:ChloeDiscardRecovery","PrismaMod:ChloeCommonAOEAttack"],"picked":"SKIP","floor":22.0},{"not_picked":["PrismaMod:ChloeCheapAttackTwo","PrismaMod:ChloeDiscardRecovery"],"picked":"PrismaMod:ChloeCheapDefend+1","floor":23.0},{"not_picked":["PrismaMod:ChloeCheapAttack","PrismaMod:ChloeCheapDefend","PrismaMod:ChloeBetterTracePools+1"],"picked":"SKIP","floor":25.0},{"not_picked":["PrismaMod:ChloeCheapAttack","PrismaMod:ChloeExhaustOne","PrismaMod:ChloeCommonAOEAttack"],"picked":"SKIP","floor":27.0},{"not_picked":["PrismaMod:ChloeChristmas","PrismaMod:ChloeRhongomyniad","PrismaMod:ChloeCheapDefend+1"],"picked":"SKIP","floor":28.0},{"not_picked":["PrismaMod:ChloeCheapDefendTwo","PrismaMod:ChloeCheapAttack"],"picked":"PrismaMod:ChloeRhongomyniad","floor":30.0},{"not_picked":["PrismaMod:ChloeRhongomyniad","PrismaMod:ChloeRuleBreaker","PrismaMod:ChloeAnyUncommonTrace"],"picked":"SKIP","floor":31.0},{"not_picked":["PrismaMod:ChloeAnyCommonTrace","PrismaMod:ChloeAnyAttackTrace"],"picked":"PrismaMod:ChloeGreatTracePools+1","floor":33.0},{"not_picked":["PrismaMod:ChloeRhongomyniad+1","PrismaMod:ChloeCheapDefendTwo"],"picked":"PrismaMod:ChloeExhaustOne+1","floor":35.0},{"not_picked":["PrismaMod:ChloeCheapAttackTwo","PrismaMod:ChloeUncommonAOEAttack","PrismaMod:ChloeCheapAttack+1"],"picked":"SKIP","floor":38.0},{"not_picked":["PrismaMod:ChloeRhongomyniad","PrismaMod:ChloeCheapDefend","PrismaMod:ChloeCheapDefendTwo"],"picked":"SKIP","floor":39.0},{"not_picked":["PrismaMod:ChloeRitsuka+1","PrismaMod:ChloeMordred","PrismaMod:ChloeBetterTracePools+1"],"picked":"SKIP","floor":44.0},{"not_picked":["PrismaMod:ChloeCheapDefend+1","PrismaMod:ChloeBetterTracePools+1","PrismaMod:ChloeRhongomyniad"],"picked":"SKIP","floor":45.0},{"not_picked":["PrismaMod:ChloeDiscardRecovery","PrismaMod:ChloeCheapAttack+1","PrismaMod:ChloeCommonAOEAttack"],"picked":"SKIP","floor":47.0},{"not_picked":["PrismaMod:ChloeCheapDefendTwo+1","PrismaMod:ChloeMaid","PrismaMod:ChloeExcalibur+1"],"picked":"SKIP","floor":48.0},{"not_picked":["PrismaMod:ChloeAnyAttackTrace","PrismaMod:ChloeAnyCommonTrace"],"picked":"PrismaMod:ChloeCarnivalAttack","floor":50.0},{"not_picked":["PrismaMod:ChloeCheapAttack","PrismaMod:ChloeDiscardRecovery","PrismaMod:ChloeCheapAttackTwo"],"picked":"SKIP","floor":52.0},{"not_picked":["PrismaMod:ChloeUncommonAOEAttack","PrismaMod:ChloeChristmas","PrismaMod:ChloeExhaustOne"],"picked":"SKIP","floor":54.0},{"not_picked":["PrismaMod:ChloeCarnivalAttack","PrismaMod:ChloeMaid"],"picked":"PrismaMod:ChloeCommonAOEAttack","floor":56.0},{"not_picked":["PrismaMod:ChloeCheapAttack","PrismaMod:ChloeBetterTracePools+1","PrismaMod:ChloeEyeOfTheEuryale"],"picked":"SKIP","floor":58.0},{"not_picked":["PrismaMod:ChloeCheapAttackTwo","PrismaMod:ChloeCheapDefendTwo","PrismaMod:ChloeRuleBreaker"],"picked":"SKIP","floor":59.0},{"not_picked":["PrismaMod:ChloeCheapDefend","PrismaMod:ChloeExhaustOne"],"picked":"PrismaMod:ChloeExhaustTwo","floor":62.0},{"not_picked":["PrismaMod:ChloeDiscardRecovery","PrismaMod:ChloeCommonAOEAttack","PrismaMod:ChloeCheapAttack"],"picked":"SKIP","floor":63.0},{"not_picked":["PrismaMod:ChloeMaid","PrismaMod:ChloeCommonAOEAttack","PrismaMod:ChloeDiscardRecovery"],"picked":"SKIP","floor":69.0},{"not_picked":["Gensokyo:RedCapeBlueCape","Gensokyo:MenInBlack"],"picked":"Gensokyo:ManorOfTheDishes+1","floor":71.0},{"not_picked":["PrismaMod:ChloeCheapAttackTwo+1","PrismaMod:ChloeCarnivalAttack","PrismaMod:ChloeCheapDefendTwo"],"picked":"SKIP","floor":72.0},{"not_picked":["PrismaMod:ChloeCheapAttack","PrismaMod:ChloeCheapAttackTwo+1","PrismaMod:ChloeExcalibur"],"picked":"SKIP","floor":73.0},{"not_picked":["PrismaMod:ChloeUncommonAOEAttack+1","PrismaMod:ChloeExhaustTwo+1","PrismaMod:ChloeCheapAttackTwo"],"picked":"SKIP","floor":74.0},{"not_picked":["infinitespire:Fortify","hubris:InfiniteBlow+6"],"picked":"infinitespire:Punishment","floor":76.0},{"not_picked":["PrismaMod:ChloeRhongomyniad","PrismaMod:ChloeBetterTracePools+1","PrismaMod:ChloeGreatTracePools+1"],"picked":"SKIP","floor":76.0},{"not_picked":["PrismaMod:ChloeDemonicTutor+1","PrismaMod:ChloeExhaustOne+1","PrismaMod:ChloeCommonAOEAttack"],"picked":"SKIP","floor":80.0},{"not_picked":["PrismaMod:ChloeExhaustOne+1","PrismaMod:ChloeGaeBolg","PrismaMod:ChloeCheapAttackTwo"],"picked":"SKIP","floor":81.0},{"not_picked":["PrismaMod:ChloeDiscardRecovery+1","PrismaMod:ChloeRuleBreaker+1","PrismaMod:ChloeRitsuka+1"],"picked":"SKIP","floor":82.0},{"not_picked":["PrismaMod:ChloeCheapDefend+1","PrismaMod:ChloeCommonAOEAttack","PrismaMod:ChloeRitsuka+1"],"picked":"SKIP","floor":86},{"not_picked":["PrismaMod:ChloeCheapDefendTwo+1","PrismaMod:ChloeCheapDefend+1","PrismaMod:ChloeExcalibur+1"],"picked":"SKIP","floor":89},{"not_picked":["PrismaMod:ChloeBetterTracePools+1","PrismaMod:ChloeCheapDefendTwo+1","PrismaMod:ChloeCheapAttackTwo+1"],"picked":"SKIP","floor":90},{"not_picked":["PrismaMod:ChloeChristmas+1","PrismaMod:ChloeCheapDefendTwo+1"],"picked":"PrismaMod:ChloeExhaustThree+1","floor":92},{"not_picked":["PrismaMod:ChloeCheapDefendTwo+1","PrismaMod:ChloeCheapAttack+1","PrismaMod:ChloeAnyUncommonTrace+1"],"picked":"SKIP","floor":96},{"not_picked":["infinitespire:NeuralNetwork","infinitespire:FutureSight"],"picked":"hubris:Fate","floor":97},{"not_picked":["PrismaMod:ChloeCaladbolg+1","PrismaMod:ChloeCommonAOEAttack","PrismaMod:ChloeCheapDefend+1"],"picked":"SKIP","floor":98},{"not_picked":["PrismaMod:ChloeCheapAttackTwo","PrismaMod:ChloeDiscardRecovery+1","PrismaMod:ChloeCheapDefend+1"],"picked":"SKIP","floor":99},{"not_picked":["PrismaMod:ChloeCheapAttackTwo","PrismaMod:ChloeCommonAOEAttack","PrismaMod:ChloeDiscardRecovery+1"],"picked":"SKIP","floor":103},{"not_picked":["PrismaMod:ChloeCommonAOEAttack","PrismaMod:ChloeCarnivalDefend+1","PrismaMod:ChloeUncommonDefend+1"],"picked":"SKIP","floor":104},{"not_picked":["PrismaMod:ChloeCheapAttackTwo","PrismaMod:ChloeUncommonDefend+1","PrismaMod:ChloeDiscardRecovery+1"],"picked":"SKIP","floor":105},{"not_picked":["PrismaMod:ChloeCommonAOEAttack","PrismaMod:ChloeExcalibur","PrismaMod:ChloeUncommonAOEAttack"],"picked":"SKIP","floor":106},{"not_picked":["PrismaMod:ChloeCheapDefend+1","PrismaMod:ChloeExhaustOne+1","PrismaMod:ChloeUncommonAttack"],"picked":"SKIP","floor":109},{"not_picked":["PrismaMod:ChloeCheapDefend+1","PrismaMod:ChloeExhaustOne+1","PrismaMod:ChloeUncommonAttack"],"picked":"SKIP","floor":109},{"not_picked":["PrismaMod:ChloeCheapDefend+1","PrismaMod:ChloeRuleBreaker","PrismaMod:ChloeCarnivalAOEAttack"],"picked":"SKIP","floor":116},{"not_picked":["PrismaMod:ChloeDemonicTutor+1","PrismaMod:ChloeRitsuka+1","PrismaMod:ChloeCommonAOEAttack"],"picked":"SKIP","floor":120},{"not_picked":["PrismaMod:ChloeRhongomyniad","PrismaMod:ChloeExhaustOne+1","PrismaMod:ChloeDiscardRecovery+1"],"picked":"SKIP","floor":123},{"not_picked":["PrismaMod:ChloeChristmas+1","PrismaMod:ChloeMaid+1"],"picked":"PrismaMod:ChloeCheapDefend+1","floor":124},{"not_picked":["PrismaMod:ChloeCheapDefendTwo+1","PrismaMod:ChloeCheapAttack"],"picked":"PrismaMod:ChloeExhaustOne+1","floor":126},{"not_picked":["PrismaMod:ChloeDemonicTutor+1","PrismaMod:ChloeCheapDefendTwo+1","PrismaMod:ChloeCommonAOEAttack"],"picked":"SKIP","floor":131},{"not_picked":["PrismaMod:ChloeDemonicTutor+1","PrismaMod:ChloeCheapDefendTwo+1","PrismaMod:ChloeCommonAOEAttack"],"picked":"SKIP","floor":131},{"not_picked":["PrismaMod:ChloeDiscardRecovery+1","PrismaMod:ChloeUncommonAOEAttack","PrismaMod:ChloeCommonAOEAttack"],"picked":"SKIP","floor":133},{"not_picked":[],"picked":"Gensokyo:ShootingStar","floor":135},{"not_picked":["PrismaMod:ChloeCommonAOEAttack","PrismaMod:ChloeEyeOfTheEuryale+1","PrismaMod:ChloeCheapAttackTwo"],"picked":"SKIP","floor":137},{"not_picked":["PrismaMod:ChloeCommonAOEAttack","PrismaMod:ChloeEyeOfTheEuryale+1","PrismaMod:ChloeCheapAttackTwo"],"picked":"SKIP","floor":137},{"not_picked":["PrismaMod:ChloeCommonAOEAttack+1","PrismaMod:ChloeCheapAttack+1","PrismaMod:ChloeGaeBolg"],"picked":"SKIP","floor":138},{"not_picked":["PrismaMod:ChloeMordred+1","PrismaMod:ChloeExhaustOne+1","PrismaMod:ChloeCheapDefend+1"],"picked":"SKIP","floor":141}],"player_experience":70018,"relics_obtained":[{"floor":6.0,"key":"Potion Belt"},{"floor":12.0,"key":"hubris:SlimyHat"},{"floor":23.0,"key":"hubris:MedicalManual"},{"floor":25.0,"key":"Frozen Egg 2"},{"floor":26.0,"key":"MagicDraw3"},{"floor":30.0,"key":"Gremlin Horn"},{"floor":31.0,"key":"Oddly Smooth Stone"},{"floor":43.0,"key":"hubris:MysteriousPyramids"},{"floor":48.0,"key":"Vajra"},{"floor":60.0,"key":"relicPack:DarknessArmor"},{"floor":65.0,"key":"hubris:OldNail"},{"floor":74.0,"key":"Peace Pipe"},{"floor":76.0,"key":"hubris:GlazedTorus"},{"floor":77.0,"key":"ZombieArmy"},{"floor":80.0,"key":"Toxic Egg 2"},{"floor":94,"key":"infinitespire:FocusingShard"},{"floor":109,"key":"Lantern"},{"floor":111,"key":"Letter Opener"},{"floor":126,"key":"hubris:SphereOfDissonance"},{"floor":128,"key":"MagicDraw4"},{"floor":139,"key":"hubris:ToyBattleship"}],"event_choices":[{"damage_healed":0.0,"max_hp_gain":0.0,"max_hp_loss":0.0,"gold_gain":0.0,"event_name":"Liars Game","player_choice":"Ignored","floor":2.0,"gold_loss":0.0,"damage_taken":0.0},{"cards_removed":["PrismaMod:ChloeCommonAttack"],"damage_healed":0.0,"max_hp_gain":0.0,"max_hp_loss":0.0,"gold_gain":0.0,"event_name":"Purifier","player_choice":"Purged","floor":7.0,"gold_loss":0.0,"damage_taken":0.0},{"damage_healed":0.0,"max_hp_gain":0.0,"max_hp_loss":0.0,"gold_gain":0.0,"event_name":"Colosseum","player_choice":"Fight","floor":30.0,"gold_loss":0.0,"damage_taken":0.0},{"damage_healed":0.0,"max_hp_gain":0.0,"max_hp_loss":0.0,"gold_gain":0.0,"event_name":"Colosseum","player_choice":"Fought Nobs","floor":30.0,"gold_loss":0.0,"damage_taken":0.0},{"damage_healed":0.0,"max_hp_gain":0.0,"max_hp_loss":0.0,"gold_gain":0.0,"event_name":"Duplicator","player_choice":"Ignored","floor":36.0,"gold_loss":0.0,"damage_taken":0.0},{"damage_healed":0.0,"max_hp_gain":0.0,"max_hp_loss":0.0,"gold_gain":0.0,"event_name":"Shining Light","player_choice":"Entered Light","floor":55.0,"gold_loss":0.0,"damage_taken":14.0,"cards_upgraded":["PrismaMod:ChloeRuleBreaker","PrismaMod:ChloeCheapDefend"]},{"damage_healed":0.0,"max_hp_gain":0.0,"max_hp_loss":0.0,"gold_gain":75.0,"event_name":"World of Goop","player_choice":"Gather Gold","floor":57.0,"gold_loss":0.0,"damage_taken":11.0}],"is_beta":false,"boss_relics":[{"not_picked":["EasyGame_NEW","relicPack:KazumaCape"],"picked":"Cursed Key"},{"not_picked":["Runic Pyramid","hubris:RunicObelisk"],"picked":"Sozu"},{"not_picked":["Black Star","AddBug"],"picked":"Empty Cage"},{"not_picked":["hubris:RunicObelisk","Fusion Hammer"],"picked":"PrismaMod:PrismaTraceOnUpgrade"},{"not_picked":["Tiny House","relicPack:ShieldShield"],"picked":"relicPack:StarArrow"},{"not_picked":["SlaversCollar","hubris:CrackedHourglass"],"picked":"Philosopher\u0027s Stone"},{"not_picked":["Calling Bell","relicPack:KazumaCape"],"picked":"Coffee Dripper"},{"not_picked":["Velvet Choker","Busted Crown"],"picked":"hubris:ScarierMask"}],"items_purged_floors":[37,41,46,64,79,107,115,129],"is_endless":true,"potions_floor_spawned":[1,6,10,13,16,25,27,28,31,38,44,45,48,52,56,58,67,69,74,76,82,89,98,99,101,104,105,109,120,124,131],"killed_by":"Nightmare","ascension_level":0}}