{"host":"vsgmwxc1n8l4tqfd","time":1611008714,"event":{"mods":["AchievementEnabler","BaseMod","Bestiary","Block Reminder","Colored Map","Colored Powertips","Minty Spire (QoL Compilation)","Quick Restart"],"gold_per_floor":[110,127,127,28,42,42,57,73,73,4,4,4,4,17,17,17,17],"floor_reached":16,"language":"ENG","playtime":684,"items_purged":["Defend_R"],"score":92,"play_id":"14f3ffb1-ce28-4702-81bd-29f9415348ed","local_time":"20210118222514","is_ascension_mode":false,"campfire_choices":[{"data":"True Grit","floor":6,"key":"SMITH"},{"data":"Metallicize","floor":12,"key":"SMITH"},{"floor":15,"key":"REST"}],"circlet_count":0,"master_deck":["Strike_R","Strike_R","Strike_R+1","Strike_R","Strike_R","Defend_R+1","Defend_R","Defend_R","Bash","Double Tap","Clothesline","Flex","True Grit+1","Anger","Flex","Body Slam","Metallicize+1","Cleave"],"relics":["Burning Blood","Bottled Lightning"],"acts_visited":["Exordium"],"potions_floor_usage":[16],"damage_taken":[{"damage":0,"enemies":"2 Louse","floor":1,"turns":3},{"damage":10,"enemies":"Jaw Worm","floor":2,"turns":5},{"damage":0,"enemies":"Small Slimes","floor":5,"turns":4},{"damage":4,"enemies":"Blue Slaver","floor":7,"turns":5},{"damage":10,"enemies":"3 Louse","floor":8,"turns":4},{"damage":4,"enemies":"Red Slaver","floor":14,"turns":3},{"damage":87,"enemies":"Hexaghost","floor":16,"turns":12}],"seed_played":"-893294536870164881","potions_obtained":[{"floor":2,"key":"Ancient Potion"},{"floor":7,"key":"Dexterity Potion"}],"is_trial":false,"path_per_floor":["M","M","?","$","M","R","M","M","T","$","?","R","$","M","R","B"],"character_chosen":"IRONCLAD","items_purchased":["True Grit","Metallicize"],"campfire_rested":1,"item_purchase_floors":[4,10],"current_hp_per_floor":[80,76,81,81,85,85,85,81,81,81,64,64,64,66,85,0,0],"gold":17,"neow_bonus":"ONE_RANDOM_RARE_CARD","is_daily":false,"chose_seed":false,"campfire_upgraded":2,"win_rate":0.0,"timestamp":1611008714,"path_taken":["M","M","?","$","M","R","M","M","T","?","?","R","$","M","R","BOSS"],"items_purchased_type":["Card","Card"],"build_version":"2020-12-22","purchased_purges":1,"victory":false,"max_hp_per_floor":[80,80,85,85,85,85,85,85,85,85,85,85,85,85,85,85,85],"card_choices":[{"not_picked":["Cleave","Sword Boomerang"],"picked":"Clothesline","floor":1},{"not_picked":["Pommel Strike","Hemokinesis"],"picked":"Flex","floor":2},{"not_picked":["Entrench","Body Slam"],"picked":"Anger","floor":5},{"not_picked":["True Grit","Twin Strike"],"picked":"Flex","floor":7},{"not_picked":["Hemokinesis","Armaments"],"picked":"Body Slam","floor":8},{"not_picked":["Dropkick","Whirlwind"],"picked":"Cleave","floor":14}],"player_experience":49213,"relics_obtained":[{"floor":9,"key":"Bottled Lightning"}],"event_choices":[{"damage_healed":0,"gold_gain":0,"player_choice":"Donut","damage_taken":0,"max_hp_gain":5,"max_hp_loss":0,"event_name":"Big Fish","floor":3,"gold_loss":0},{"damage_healed":0,"gold_gain":0,"player_choice":"Entered Light","damage_taken":17,"max_hp_gain":0,"max_hp_loss":0,"event_name":"Shining Light","floor":11,"gold_loss":0,"cards_upgraded":["Defend_R","Strike_R"]}],"is_beta":false,"boss_relics":[],"items_purged_floors":[4],"is_endless":false,"potions_floor_spawned":[2,7],"killed_by":"Hexaghost","ascension_level":0}}