{"host":"fkig9nrckec4xsh0","time":1611002773,"event":{"mods":["BaseMod","Colored Map","Minty Spire (QoL Compilation)","Quick Restart","Replay The Spire","StSLib"],"gold_per_floor":[110,2,2,12,12,41,41,51,126,126,145,220,220,249,249,249,249],"floor_reached":16,"language":"ENG","playtime":418,"items_purged":["Defend_G"],"score":186,"play_id":"13621104-2936-4ea9-9d7e-5fefa5e8d1d8","local_time":"20210118154613","is_ascension_mode":true,"campfire_choices":[{"data":"Calculated Gamble","floor":7,"key":"SMITH"},{"data":"Acrobatics","floor":10,"key":"SMITH"},{"data":"Neutralize","floor":13,"key":"SMITH"},{"data":"Predator","floor":15,"key":"SMITH"}],"circlet_count":0,"master_deck":["Strike_G","Strike_G","Strike_G","Strike_G","Strike_G","Defend_G","Defend_G","Defend_G","Defend_G","Survivor","Neutralize+1","Dagger Throw+1","Calculated Gamble+1","Pain","Acrobatics+1","Predator+1"],"relics":["Ring of the Snake","NeowsBlessing","WarpedTongs","Replay:Baseball","ReplayTheSpireMod:Shallot","Orichalcum"],"acts_visited":["Exordium"],"potions_floor_usage":[16,16,16],"damage_taken":[{"damage":0,"enemies":"Jaw Worm","floor":1,"turns":1},{"damage":0,"enemies":"Cultist","floor":4,"turns":1},{"damage":1,"enemies":"3 Sentries","floor":6,"turns":1},{"damage":0,"enemies":"2 Louse","floor":8,"turns":2},{"damage":2,"enemies":"2 Fungi Beasts","floor":11,"turns":2},{"damage":22,"enemies":"Replay:BlueRogue","floor":14,"turns":6},{"damage":35,"enemies":"Slime Boss","floor":16,"turns":8}],"seed_played":"-4596592166446962244","potions_obtained":[{"floor":1,"key":"Ancient Potion"},{"floor":6,"key":"Swift Potion"},{"floor":8,"key":"Dexterity Potion"}],"is_trial":false,"path_per_floor":["M","$","?","M","?","E","R","M","T","R","M","?","R","E","R","B"],"character_chosen":"THE_SILENT","items_purchased":["Calculated Gamble"],"campfire_rested":0,"item_purchase_floors":[2],"current_hp_per_floor":[63,63,63,63,63,62,62,62,62,62,60,49,49,27,27,0,0],"gold":249,"neow_bonus":"THREE_ENEMY_KILL","is_daily":false,"chose_seed":false,"campfire_upgraded":4,"win_rate":0.0,"timestamp":1611002773,"path_taken":["M","$","?","?","?","E","R","?","T","R","M","?","R","E","R","BOSS"],"items_purchased_type":["Card"],"build_version":"2020-12-22","purchased_purges":1,"victory":false,"max_hp_per_floor":[70,70,70,70,70,70,70,70,70,70,70,70,70,70,70,70,70],"card_choices":[{"not_picked":["Backstab","Tactician"],"picked":"Dagger Throw","floor":1},{"not_picked":["Bane","Escape Plan","Quick Slash"],"picked":"SKIP","floor":4},{"not_picked":["Riddle With Holes","Infinite Blades","PiercingWail"],"picked":"SKIP","floor":6},{"not_picked":["Bane","Masterful Stab"],"picked":"Acrobatics","floor":8},{"not_picked":["PiercingWail","Crippling Poison","Concentrate"],"picked":"SKIP","floor":11},{"not_picked":["Dagger Spray","Bane"],"picked":"Predator","floor":14}],"player_experience":356517,"relics_obtained":[{"floor":6,"key":"Replay:Baseball"},{"floor":9,"key":"ReplayTheSpireMod:Shallot"},{"floor":14,"key":"Orichalcum"}],"event_choices":[{"damage_healed":0,"gold_gain":0,"player_choice":"Upgraded","damage_taken":0,"max_hp_gain":0,"max_hp_loss":0,"event_name":"Upgrade Shrine","floor":3,"gold_loss":0,"cards_upgraded":["Dagger Throw"]},{"damage_healed":0,"gold_gain":0,"player_choice":"Rummage","damage_taken":0,"relics_obtained":["WarpedTongs"],"max_hp_gain":0,"max_hp_loss":0,"event_name":"Accursed Blacksmith","floor":5,"gold_loss":0,"cards_obtained":["Pain"]},{"damage_healed":0,"gold_gain":75,"player_choice":"Gather Gold","damage_taken":11,"max_hp_gain":0,"max_hp_loss":0,"event_name":"World of Goop","floor":12,"gold_loss":0}],"is_beta":false,"boss_relics":[],"items_purged_floors":[2],"is_endless":false,"potions_floor_spawned":[1,6,8],"killed_by":"Slime Boss","ascension_level":8}}