{"host":"p7cjtxxrilhp4dw7","time":1611013358,"event":{"mods":["BaseMod","Block Reminder","Colored Map","Highlight Path","Minty Spire (QoL Compilation)","Replay The Spire","StSLib","The Hierophant"],"gold_per_floor":[114,128,203,203,50,50,62,62,108,127,154,51,81,100,100,196,196,207,207,207,207,207],"floor_reached":21,"language":"ENG","playtime":1967,"items_purged":["Pain"],"score":252,"play_id":"8bd41e25-8f3b-44cc-b840-c6e63bd23714","local_time":"20210118164238","is_ascension_mode":true,"campfire_choices":[{"floor":6,"key":"RECALL"},{"floor":8,"key":"REST"},{"data":"Uppercut","floor":15,"key":"SMITH"}],"circlet_count":0,"master_deck":["Strike_R","Strike_R","Strike_R","Strike_R","Strike_R","Defend_R","Defend_R","Defend_R+1","Defend_R","Bash","ReplayTheSpireMod:Faulty Equipment","ReplayTheSpireMod:Necrogeddon","Uppercut+1","Anger","Shrug It Off","Dropkick","Replay:Many Hands+1","Metallicize","Cleave","Feed","CurseOfTheBell","ReplayTheSpireMod:Strike From Hell","Wild Strike"],"relics":["Burning Blood","WarpedTongs","ReplayTheSpireMod:Spearhead","Blue Doll","Calling Bell","War Paint","Ornamental Fan","TungstenRod"],"acts_visited":["Exordium","TheCity"],"potions_floor_usage":[11,12,13,16],"damage_taken":[{"damage":18,"enemies":"Jaw Worm","floor":1,"turns":6},{"damage":0,"enemies":"2 Louse","floor":2,"turns":3},{"damage":0,"enemies":"Cultist","floor":7,"turns":2},{"damage":1,"enemies":"Looter","floor":10,"turns":3},{"damage":7,"enemies":"Gremlin Nob","floor":11,"turns":4},{"damage":17,"enemies":"3 Sentries","floor":13,"turns":7},{"damage":13,"enemies":"Blue Slaver","floor":14,"turns":5},{"damage":71,"enemies":"Fading Forest","floor":16,"turns":11},{"damage":4,"enemies":"3 Byrds","floor":18,"turns":7},{"damage":0,"enemies":"2 Thieves","floor":21,"turns":1}],"seed_played":"-6985251817047374","potions_obtained":[{"floor":1,"key":"Swift Potion"},{"floor":2,"key":"Block Potion"},{"floor":13,"key":"BlessingOfTheForge"},{"floor":14,"key":"Strength Potion"},{"floor":16,"key":"Swift Potion"},{"floor":18,"key":"ColorlessPotion"}],"is_trial":false,"path_per_floor":["M","M","?","?","$","R","M","R","T","M","E","$","E","M","R","B",null,"M","?","?","M"],"character_chosen":"IRONCLAD","items_purchased":["Sever Soul","Fruit Juice"],"campfire_rested":1,"item_purchase_floors":[5,12],"current_hp_per_floor":[60,66,55,55,55,55,61,80,80,80,79,84,73,66,66,23,70,72,72,72,72,72],"gold":207,"neow_bonus":"RANDOM_COLORLESS_2","is_daily":false,"chose_seed":false,"campfire_upgraded":1,"win_rate":0.0,"timestamp":1611013358,"path_taken":["M","M","?","?","$","R","?","R","T","M","E","$","E","M","R","BOSS","M","?","?","?"],"items_purchased_type":["Card","Potion"],"build_version":"2020-12-22","purchased_purges":1,"victory":false,"max_hp_per_floor":[80,80,80,80,80,80,80,80,80,80,80,85,85,85,85,85,85,85,85,85,85,85],"card_choices":[{"not_picked":["Thinking Ahead","Secret Technique"],"picked":"ReplayTheSpireMod:Necrogeddon","floor":0},{"not_picked":["ReplayTheSpireMod:LeadingStrike","Dark Embrace"],"picked":"Uppercut","floor":1},{"not_picked":["Pommel Strike","Flex"],"picked":"Anger","floor":2},{"not_picked":["Juggernaut","Rage"],"picked":"Shrug It Off","floor":7},{"not_picked":["Searing Blow","Havoc"],"picked":"Dropkick","floor":10},{"not_picked":["Sword Boomerang","Iron Wave"],"picked":"Replay:Many Hands","floor":11},{"not_picked":["Hemokinesis","Havoc"],"picked":"Metallicize","floor":13},{"not_picked":["ReplayReversal","Perfected Strike"],"picked":"Cleave","floor":14},{"not_picked":["Impervious","Demon Form"],"picked":"Feed","floor":16},{"not_picked":["Perfected Strike","Run Through"],"picked":"ReplayTheSpireMod:Strike From Hell","floor":18}],"player_experience":493437,"relics_obtained":[{"floor":11,"key":"ReplayTheSpireMod:Spearhead"},{"floor":13,"key":"Blue Doll"},{"floor":17,"key":"War Paint"},{"floor":17,"key":"Ornamental Fan"},{"floor":17,"key":"TungstenRod"}],"event_choices":[{"damage_healed":0,"gold_gain":75,"player_choice":"Gather Gold","damage_taken":11,"max_hp_gain":0,"max_hp_loss":0,"event_name":"World of Goop","floor":3,"gold_loss":0},{"damage_healed":0,"gold_gain":0,"player_choice":"Rummage","damage_taken":0,"relics_obtained":["WarpedTongs"],"max_hp_gain":0,"max_hp_loss":0,"event_name":"Accursed Blacksmith","floor":4,"gold_loss":0,"cards_obtained":["Pain"]},{"damage_healed":0,"gold_gain":0,"player_choice":"Ignored","damage_taken":0,"max_hp_gain":0,"max_hp_loss":0,"event_name":"Vampires","floor":19,"gold_loss":0},{"damage_healed":0,"gold_gain":0,"cards_transformed":["Sever Soul"],"player_choice":"Transformed","damage_taken":0,"max_hp_gain":0,"max_hp_loss":0,"event_name":"Transmorgrifier","floor":20,"gold_loss":0,"cards_obtained":["Wild Strike"]}],"is_beta":false,"boss_relics":[{"not_picked":["Tiny House","Sozu"],"picked":"Calling Bell"}],"items_purged_floors":[5],"is_endless":false,"potions_floor_spawned":[1,2,13,14,16,18],"killed_by":"2 Thieves","ascension_level":7}}