{"host":"y3h3n3f7seyagppx","time":1611012248,"event":{"mods":["AlwaysNeverKeys","BaseMod","Better Vampires","Colored Powertips","DeckTracker","Emptier Cage","Minty Spire (QoL Compilation)","Permanent Neow","Quick Restart","Rare Cards Sparkle","Relic Sorter","Relic Stats","StSLib","Transform Curses"],"gold_per_floor":[212,212,226,242,34,98,98,148,171,209,209,225,225,225],"floor_reached":13,"language":"ENG","playtime":818,"items_purged":[],"score":186,"play_id":"93adf06c-975e-4456-abdd-8c526e4e1d06","local_time":"20210118182408","is_ascension_mode":true,"campfire_choices":[{"data":"Carnage","floor":7,"key":"SMITH"},{"data":"Bash","floor":11,"key":"SMITH"}],"circlet_count":0,"master_deck":["AscendersBane","Strike_R","Strike_R","Strike_R","Strike_R","Strike_R","Defend_R","Defend_R","Defend_R","Defend_R","Bash+1","Flame Barrier","Evolve","Twin Strike","Carnage+1","Anger","Armaments"],"relics":["Burning Blood","Golden Idol","Toolbox","Tiny Chest","Lantern","Mercury Hourglass"],"acts_visited":["Exordium"],"potions_floor_usage":[6,13],"damage_taken":[{"damage":1,"enemies":"2 Louse","floor":1,"turns":3},{"damage":6,"enemies":"Cultist","floor":3,"turns":4},{"damage":9,"enemies":"Jaw Worm","floor":4,"turns":6},{"damage":31,"enemies":"Gremlin Nob","floor":6,"turns":4},{"damage":10,"enemies":"3 Sentries","floor":10,"turns":7},{"damage":20,"enemies":"Lots of Slimes","floor":12,"turns":4},{"damage":23,"enemies":"Lagavulin","floor":13,"turns":3}],"seed_played":"4418973193708116006","potions_obtained":[{"floor":1,"key":"LiquidBronze"},{"floor":3,"key":"BlessingOfTheForge"},{"floor":12,"key":"AttackPotion"}],"is_trial":false,"path_per_floor":["M","?","M","M","$","E","R","?","T","E","R","M","E"],"character_chosen":"IRONCLAD","items_purchased":["Toolbox","Carnage"],"campfire_rested":0,"item_purchase_floors":[5,5],"current_hp_per_floor":[73,68,68,65,65,40,40,40,40,36,36,22,0,0],"gold":225,"neow_bonus":"HUNDRED_GOLD","is_daily":false,"chose_seed":false,"campfire_upgraded":2,"win_rate":0.0,"timestamp":1611012248,"path_taken":["M","?","M","M","$","E","R","?","T","E","R","M","E"],"items_purchased_type":["Relic","Card"],"build_version":"2020-12-22","purchased_purges":0,"victory":false,"max_hp_per_floor":[75,68,68,68,68,68,68,68,68,68,68,68,68,68],"relic_stats":{"counters":[7,30],"Golden Idol":26,"Tiny Chest":0,"obtain_stats":[{"Lantern":9,"Golden Idol":2,"Toolbox":5,"Tiny Chest":6,"Burning Blood":0,"Mercury Hourglass":10},{"Lantern":4,"Golden Idol":1,"Toolbox":3,"Tiny Chest":4,"Burning Blood":0,"Mercury Hourglass":5},{"Lantern":17,"Golden Idol":3,"Toolbox":13,"Tiny Chest":17,"Burning Blood":0,"Mercury Hourglass":24}],"Burning Blood":36,"Mercury Hourglass":[40]},"card_choices":[{"not_picked":["Ghostly Armor","Heavy Blade"],"picked":"Flame Barrier","floor":1},{"not_picked":["Heavy Blade","Sword Boomerang"],"picked":"Evolve","floor":3},{"not_picked":["Perfected Strike","Sentinel"],"picked":"Twin Strike","floor":4},{"not_picked":["Havoc","Flex","Wild Strike"],"picked":"SKIP","floor":6},{"not_picked":["Demon Form","Thunderclap"],"picked":"Anger","floor":10},{"not_picked":["True Grit","Headbutt"],"picked":"Armaments","floor":12}],"player_experience":21341106,"relics_obtained":[{"floor":6,"key":"Tiny Chest"},{"floor":9,"key":"Lantern"},{"floor":10,"key":"Mercury Hourglass"}],"event_choices":[{"damage_healed":0,"gold_gain":0,"player_choice":"Lose Max HP","damage_taken":0,"relics_obtained":["Golden Idol"],"max_hp_gain":0,"max_hp_loss":7,"event_name":"Golden Idol","floor":2,"gold_loss":0},{"damage_healed":0,"gold_gain":50,"player_choice":"Pray","damage_taken":0,"max_hp_gain":0,"max_hp_loss":0,"event_name":"Golden Shrine","floor":8,"gold_loss":0}],"is_beta":false,"boss_relics":[],"items_purged_floors":[],"is_endless":false,"potions_floor_spawned":[1,3,12],"killed_by":"Lagavulin","ascension_level":20}}