{"host":"cgaibh95wzkurumv","time":1611001535,"event":{"mods":["BaseMod","Minty Spire (QoL Compilation)","Replay The Spire","StSLib","The Runesmith"],"gold_per_floor":[116,116,64,139,139,174,174,186,186,186,198,231,26,26,26,129,129,146,189,96,96,155,155,190,207,230,31,81,91,91,108,108,208,208,220,220,61,61,61,61,61],"floor_reached":40,"language":"SPA","playtime":1251,"items_purged":[],"score":485,"play_id":"01c62cd8-8827-4fc8-a2a3-ad2959c1cdb7","local_time":"20210118172535","daily_mods":["SealedDeck","Vintage","Lethality"],"is_ascension_mode":false,"campfire_choices":[{"data":"Replay:DivineShield","floor":7,"key":"SMITH"},{"data":"Prostrate","floor":10,"key":"SMITH"},{"data":"Replay:Vibes","floor":15,"key":"SMITH"},{"data":"Wish","floor":23,"key":"SMITH"},{"floor":32,"key":"REST"}],"circlet_count":0,"master_deck":["PathToVictory+1","PathToVictory+1","Prostrate+1","Replay:DivineShield+1","Worship","Replay:Vibes+1","FollowUp+1","ThirdEye","Protect","Wish+1","FlurryOfBlows+1","CarveReality+1","Madness","Madness"],"relics":["PureWater","Replay:Bottled Eggs","Boot","Ornamental Fan","Chameleon Ring","Anchor","Torii","Omamori","Ring of Misfortune","Busted Crown","Ancient Tea Set","Lantern","Dream Catcher","InkBottle","Replay:Bottled Flurry","Replay:Mystery Machine","Tiny Chest","Golden Egg","Pen Nib","Whetstone","Runic Pyramid","The Courier","BargainBundle","Darkstone Periapt"],"acts_visited":["Exordium","TheCity","TheBeyond"],"potions_floor_usage":[6,11,16,18,19,24,28,33,33,35,40,40],"damage_taken":[{"damage":0,"enemies":"Jaw Worm","floor":1,"turns":2},{"damage":0,"enemies":"Gremlin Nob","floor":6,"turns":2},{"damage":0,"enemies":"2 Louse","floor":8,"turns":1},{"damage":0,"enemies":"Cultist","floor":11,"turns":1},{"damage":0,"enemies":"Replay:BlueRogue","floor":12,"turns":3},{"damage":14,"enemies":"Slime Boss","floor":16,"turns":5},{"damage":10,"enemies":"Spheric Guardian","floor":18,"turns":4},{"damage":9,"enemies":"2 Thieves","floor":19,"turns":4},{"damage":7,"enemies":"Gremlin Leader","floor":24,"turns":4},{"damage":11,"enemies":"Snake Plant","floor":25,"turns":2},{"damage":0,"enemies":"Snecko","floor":28,"turns":3},{"damage":14,"enemies":"Sentry and Sphere","floor":29,"turns":5},{"damage":2,"enemies":"Shelled Parasite and Fungi","floor":31,"turns":4},{"damage":41,"enemies":"Automaton","floor":33,"turns":8},{"damage":0,"enemies":"3 Darklings","floor":35,"turns":3},{"damage":76,"enemies":"Nemesis","floor":40,"turns":6}],"seed_played":"-8104979907221541028","potions_obtained":[{"floor":5,"key":"FairyPotion"},{"floor":5,"key":"SteroidPotion"},{"floor":6,"key":"DuplicationPotion"},{"floor":8,"key":"SkillPotion"},{"floor":16,"key":"AttackPotion"},{"floor":18,"key":"Strength Potion"},{"floor":29,"key":"PowerPotion"},{"floor":33,"key":"Block Potion"}],"is_trial":true,"path_per_floor":["M","?","$","?","?","E","R","M","T","R","M","E","$","?","R","B",null,"M","M","$","?","?","R","E","M","T","$","M","M","?","M","R","B",null,"M","?","$","T","?","E"],"character_chosen":"WATCHER","items_purchased":["AttackPotion","Omamori","AttackPotion","Death Potion","Tiny Chest","Explosive Potion","BargainBundle","CarveReality","BlessingOfTheForge","AttackPotion","Ancient Potion"],"campfire_rested":1,"item_purchase_floors":[3,13,13,20,27,27,37,37,37,37,37],"current_hp_per_floor":[72,72,72,61,61,61,61,61,61,61,61,61,61,61,61,47,72,62,53,53,40,40,40,33,22,22,22,22,8,34,32,55,14,77,77,77,77,77,67,0,0],"gold":61,"neow_bonus":"","is_daily":false,"chose_seed":false,"campfire_upgraded":4,"win_rate":0.0,"timestamp":1611001535,"path_taken":["M","?","$","?","?","E","R","M","T","R","?","E","$","?","R","BOSS","M","M","$","?","?","R","E","M","T","$","M","?","?","M","R","BOSS","M","?","$","?","?","E"],"items_purchased_type":["Potion","Relic","Potion","Potion","Relic","Potion","Relic","Card","Potion","Potion","Potion"],"build_version":"2020-12-22","purchased_purges":0,"victory":false,"max_hp_per_floor":[72,72,72,72,72,72,72,72,72,72,72,72,72,72,72,72,72,72,72,72,77,77,77,77,77,77,77,77,77,77,77,77,77,77,77,77,77,77,77,77,77],"card_choices":[{"not_picked":["EmptyBody","FlyingSleeves","CutThroughFate"],"picked":"SKIP","floor":6},{"not_picked":["Weave","Consecrate","BowlingBash"],"picked":"SKIP","floor":12},{"not_picked":["Ragnarok","Judgement"],"picked":"Wish","floor":16},{"not_picked":[],"picked":"FlurryOfBlows","floor":22},{"not_picked":["Replay:Battleflow"],"picked":"SKIP","floor":24}],"player_experience":277198,"relics_obtained":[{"floor":1,"key":"Replay:Bottled Eggs"},{"floor":6,"key":"Boot"},{"floor":8,"key":"Ornamental Fan"},{"floor":9,"key":"Chameleon Ring"},{"floor":11,"key":"Anchor"},{"floor":12,"key":"Torii"},{"floor":14,"key":"Ring of Misfortune"},{"floor":18,"key":"Ancient Tea Set"},{"floor":19,"key":"Lantern"},{"floor":22,"key":"Dream Catcher"},{"floor":24,"key":"InkBottle"},{"floor":25,"key":"Replay:Bottled Flurry"},{"floor":26,"key":"Replay:Mystery Machine"},{"floor":28,"key":"Golden Egg"},{"floor":29,"key":"Pen Nib"},{"floor":31,"key":"Whetstone"},{"floor":35,"key":"The Courier"},{"floor":38,"key":"Darkstone Periapt"}],"event_choices":[{"damage_healed":0,"gold_gain":0,"player_choice":"Ignored","damage_taken":0,"max_hp_gain":0,"max_hp_loss":0,"event_name":"Liars Game","floor":2,"gold_loss":0},{"damage_healed":0,"gold_gain":75,"player_choice":"Gather Gold","damage_taken":11,"max_hp_gain":0,"max_hp_loss":0,"event_name":"World of Goop","floor":4,"gold_loss":0},{"damage_healed":0,"gold_gain":0,"player_choice":"Got Potions","damage_taken":0,"max_hp_gain":0,"max_hp_loss":0,"event_name":"Lab","floor":5,"gold_loss":0},{"damage_healed":0,"gold_gain":0,"player_choice":"Shed Blood","damage_taken":18,"max_hp_gain":5,"max_hp_loss":0,"event_name":"Forgotten Altar","floor":21,"gold_loss":0},{"damage_healed":0,"gold_gain":0,"player_choice":"Stopped","damage_taken":9,"max_hp_gain":0,"max_hp_loss":0,"event_name":"Cursed Tome","floor":30,"gold_loss":0},{"cards_removed":["Conclude"],"damage_healed":0,"gold_gain":0,"player_choice":"Removed Attack","damage_taken":0,"max_hp_gain":0,"max_hp_loss":0,"event_name":"Falling","floor":36,"gold_loss":0},{"damage_healed":0,"gold_gain":0,"player_choice":"Embrace Madness","damage_taken":10,"max_hp_gain":0,"max_hp_loss":0,"event_name":"Winding Halls","floor":39,"gold_loss":0,"cards_obtained":["Madness","Madness"]}],"is_beta":false,"boss_relics":[{"not_picked":["HolyWater","Coffee Dripper"],"picked":"Busted Crown"},{"not_picked":["Tiny House","ChewingGum"],"picked":"Runic Pyramid"}],"items_purged_floors":[],"is_endless":false,"potions_floor_spawned":[6,8,16,18,29,33],"killed_by":"Nemesis","ascension_level":0}}