{"host":"te4ihy0orbpglf07","time":1611009176,"event":{"mods":["Act Like it!","Arknights The Spire","BaseMod","BetterRewards","Friendly Minions","Gensokyo","Hubris","Infinite Spire","Minty Spire (QoL Compilation)","Prisma Mod","RumiaBox-????????","Small Relic Pack","StSLib","SuperFastMode","Td1madao Mod","The Servant 0.9.4"],"gold_per_floor":[113,125,125,139,139,168,182,193,220,220,233,267,267,286,286,286,286],"floor_reached":16,"language":"ENG","playtime":778,"items_purged":[],"score":114,"play_id":"97e0e566-4d85-4f0d-8037-728819e72101","local_time":"20210119013256","is_ascension_mode":false,"campfire_choices":[{"floor":10,"key":"REST"},{"floor":15,"key":"REST"}],"circlet_count":0,"master_deck":["ats:Strike C","ats:Strike G","ats:Strike S","ats:Strike V","ats:Armor Crushing Shot","ats:Defend","ats:Defend","ats:Defend","ats:Defend","ats:Emotion Absorption","ats:Apocalypse","ats:Very Hot Blade","ats:Consecutive Shot Auto","ats:Consecutive Shot Auto","ats:Very Hot Blade","ats:Overload","ats:Very Hot Blade","ats:Explosion Area Strengthen","ats:Sunburst","ats:Flexible Camouflage"],"relics":["ats:Sanity","AddBug","SecretRecord","SecretRecord"],"acts_visited":["Exordium"],"potions_floor_usage":[6,6,8,8,12,12,12,16,16,16,16,16],"damage_taken":[{"damage":5,"enemies":"Small Slimes","floor":1,"turns":4},{"damage":14,"enemies":"Jaw Worm","floor":2,"turns":4},{"damage":5,"enemies":"Cultist","floor":4,"turns":4},{"damage":72,"enemies":"Lagavulin","floor":6,"turns":9},{"damage":10,"enemies":"Looter","floor":7,"turns":3},{"damage":0,"enemies":"Blue Slaver","floor":8,"turns":1},{"damage":2,"enemies":"3 Louse","floor":11,"turns":3},{"damage":30,"enemies":"3 Sentries","floor":12,"turns":7},{"damage":0,"enemies":"2 Fungi Beasts","floor":14,"turns":2},{"damage":47,"enemies":"The Guardian","floor":16,"turns":5}],"seed_played":"3096330749325815158","potions_obtained":[{"floor":2,"key":"Regen Potion"},{"floor":5,"key":"infinitespire:BlackPotion"},{"floor":5,"key":"EntropicBrew"},{"floor":6,"key":"infinitespire:BlackPotion"},{"floor":7,"key":"EssenceOfSteel"},{"floor":11,"key":"ats:Emergency Sanity Potion"},{"floor":12,"key":"EntropicBrew"}],"is_trial":false,"path_per_floor":["M","M","?","M","?","E","M","M","T","R","M","E","?","M","R","B"],"character_chosen":"DOCTOR_CLASS","items_purchased":[],"campfire_rested":2,"item_purchase_floors":[],"current_hp_per_floor":[67,58,51,56,56,14,9,9,9,30,33,13,13,13,34,0,0],"gold":286,"neow_bonus":"","is_daily":false,"chose_seed":false,"campfire_upgraded":0,"win_rate":0.0,"timestamp":1611009176,"path_taken":["M","M","?","M","?","E","?","M","T","R","M","E","?","M","R","BOSS"],"items_purchased_type":[],"build_version":"2020-12-22","purchased_purges":0,"victory":false,"max_hp_per_floor":[72,72,72,72,72,72,72,72,72,72,72,72,72,72,72,72,72],"card_choices":[{"not_picked":["ats:Hammer On","ats:Shell Defense"],"picked":"ats:Very Hot Blade","floor":1},{"not_picked":["ats:Assault Order","ats:Childhood Dance"],"picked":"ats:Consecutive Shot Auto","floor":2},{"not_picked":["ats:Song Of Battle","ats:Poison Spread"],"picked":"ats:Consecutive Shot Auto","floor":4},{"not_picked":["ats:Demon Strength","ats:Cat Scratch"],"picked":"ats:Very Hot Blade","floor":6},{"not_picked":["ats:Flexible Camouflage","ats:Assault Order"],"picked":"ats:Overload","floor":7},{"not_picked":["ats:Poison Spread","ats:LN2 Cannon"],"picked":"ats:Very Hot Blade","floor":8},{"not_picked":["ats:Consecutive Shot Auto","ats:LN2 Cannon"],"picked":"ats:Explosion Area Strengthen","floor":11},{"not_picked":["ats:True Silver Slash","ats:Curse Doll"],"picked":"ats:Sunburst","floor":12},{"not_picked":["ats:Shell Defense","ats:Sunburst"],"picked":"ats:Flexible Camouflage","floor":14}],"player_experience":79715,"relics_obtained":[{"floor":1,"key":"AddBug"},{"floor":6,"key":"ats:Originium"},{"floor":6,"key":"Old Coin"},{"floor":9,"key":"Boot"},{"floor":12,"key":"ats:Originium"},{"floor":12,"key":"Bottled Flame"},{"floor":14,"key":"SecretRecord"}],"event_choices":[{"damage_healed":0,"gold_gain":0,"player_choice":"Success","damage_taken":7,"relics_obtained":["MagicDraw4"],"max_hp_gain":0,"max_hp_loss":0,"event_name":"Scrap Ooze","floor":3,"gold_loss":0},{"damage_healed":0,"gold_gain":0,"player_choice":"Got Potions","damage_taken":0,"max_hp_gain":0,"max_hp_loss":0,"event_name":"Lab","floor":5,"gold_loss":0}],"is_beta":false,"boss_relics":[],"items_purged_floors":[],"is_endless":false,"potions_floor_spawned":[2,6,7,11,12],"killed_by":"The Guardian","ascension_level":0}}