{"host":"ugz4vp1q9h8kwbfq","time":1611009149,"event":{"mods":["2.2 Compatiblity","Act Like it!","BaseMod","Block Reminder","Colored Map","Colored Powertips","Curses Come First","Downfall","GifTheSpireLib","Minty Spire (QoL Compilation)","Potion Indicator Mod","SacredBarkPlus","Shop Mod","Spikes Relics","StSLib","Stuff the Spire","Trackpad"],"gold_per_floor":[99,99,99,99,154,139,165,265,265,265,165,199,99,84,94,190,190,190,190,4,4,17,48,48,58,75,75,75,108,8,8,22,125,125,125,139,155,155,35,55,55,73,73,73],"floor_reached":43,"language":"ENG","playtime":2387,"items_purged":["bronze:Strike"],"score":588,"play_id":"d2b2cf60-135e-479e-8c61-218547c099a2","local_time":"20210118163229","is_ascension_mode":false,"campfire_choices":[{"data":"bronze:Replicate","floor":1,"key":"SMITH"},{"floor":9,"key":"RECALL"},{"data":"bronze:ChosenStrike","floor":11,"key":"SMITH"},{"data":"bronze:Shell","floor":13,"key":"SMITH"},{"data":"bronze:GetLatest","floor":18,"key":"SMITH"},{"data":"bronze:BugBarrage","floor":28,"key":"SMITH"},{"floor":30,"key":"REST"},{"data":"bronze:Verify","floor":35,"key":"SMITH"}],"circlet_count":0,"master_deck":["bronze:Strike","bronze:Strike","bronze:Strike","bronze:Defend","bronze:Defend","bronze:Defend","bronze:Defend","bronze:Replicate+1","bronze:Goto","bronze:Shell+1","bronze:GetLatest+1","bronze:WhirlingStrike","bronze:ChosenStrike+1","bronze:HardenedForm","bronze:ForceShield","bronze:BronzeOrb","bronze:Iterate","bronze:Virus","bronze:NullPointer","bronze:Overheat+1","bronze:Repulsor","bronze:Fortify","bronze:Repair","bronze:Mutator","bronze:BugBarrage+1","bronze:BitShift+1","bronze:Verify+1","CurseOfTheBell","bronze:Flail+1","bronze:BuggyMess","bronze:ThunderWave+1","bronze:DigitalCarnage+1","bronze:DelayedSlice+1"],"relics":["bronze:BronzeCore","downfall:HeartsMalice","Bottled Flame","Guardian:PocketSentry","downfall:HeartBlessingRed","Regal Pillow","downfall:HeartBlessingGreen","Sozu","Membership Card","Nilry\u0027s Codex","StuffTheSpire:BottledEssence","Singing Bowl","Darkstone Periapt","downfall:HeartBlessingBlue","Calling Bell","Molten Egg 2","StuffTheSpire:Expresso","SpikesRelics:DaevaFist","RoseTintedShades","TungstenRod"],"acts_visited":["Exordium","TheCity","TheBeyond"],"potions_floor_usage":[16,25,29],"damage_taken":[{"damage":0,"enemies":"Jaw Worm","floor":2,"turns":1},{"damage":0,"enemies":"Small Slimes","floor":3,"turns":1},{"damage":0,"enemies":"2 Louse","floor":4,"turns":1},{"damage":5,"enemies":"3 Sentries","floor":5,"turns":5},{"damage":0,"enemies":"downfall:FleeingMerchant","floor":6,"turns":4},{"damage":20,"enemies":"3 Sentries","floor":12,"turns":4},{"damage":2,"enemies":"downfall:FleeingMerchant","floor":14,"turns":4},{"damage":0,"enemies":"Blue Slaver","floor":15,"turns":1},{"damage":15,"enemies":"IC_STATUS_ARCHETYPE","floor":16,"turns":5},{"damage":0,"enemies":"Chosen","floor":19,"turns":1},{"damage":0,"enemies":"downfall:FleeingMerchant","floor":20,"turns":4},{"damage":0,"enemies":"Shell Parasite","floor":22,"turns":3},{"damage":29,"enemies":"downfall:FleeingMerchant","floor":23,"turns":4},{"damage":7,"enemies":"Snake Plant","floor":25,"turns":2},{"damage":0,"enemies":"Snecko","floor":26,"turns":4},{"damage":21,"enemies":"Slavers","floor":29,"turns":3},{"damage":0,"enemies":"Centurion and Healer","floor":32,"turns":3},{"damage":60,"enemies":"WA_ARCHETYPE_CALM","floor":33,"turns":10},{"damage":22,"enemies":"3 Darklings","floor":36,"turns":6},{"damage":0,"enemies":"Orb Walker","floor":37,"turns":1},{"damage":23,"enemies":"Sphere and 2 Shapes","floor":40,"turns":3},{"damage":12,"enemies":"4 Shapes","floor":42,"turns":2},{"damage":32,"enemies":"Nemesis","floor":43,"turns":4}],"seed_played":"6391528697219687756","potions_obtained":[{"floor":12,"key":"bronze:FreeFunctionsPotion"},{"floor":15,"key":"BlessingOfTheForge"},{"floor":16,"key":"SneckoOil"}],"is_trial":false,"path_per_floor":["R","M","M","M","?","$","T","?","R","?","R","E","R","$","M","B",null,"R","M","$","?","M","$","T","M","M","?","R","E","R","?","M","B",null,"R","M","M","?","$","M","T","M","E"],"character_chosen":"THE_AUTOMATON","items_purchased":["Membership Card","bronze:Repulsor","bronze:SilverBullet","StuffTheSpire:BottledEssence","Singing Bowl","RoseTintedShades"],"campfire_rested":1,"item_purchase_floors":[20,20,23,23,23,39],"current_hp_per_floor":[70,70,70,70,65,65,65,65,65,65,65,45,45,43,43,28,70,70,70,70,54,54,25,25,18,18,41,41,30,79,79,82,22,88,88,66,66,66,66,43,43,31,0,0],"gold":73,"neow_bonus":"THREE_ENEMY_KILL","is_daily":false,"chose_seed":false,"campfire_upgraded":6,"win_rate":0.0,"timestamp":1611009149,"path_taken":["R","M","M","M","?","$","T","?","R","?","R","E","R","?","M","BOSS","R","M","$","?","M","$","T","M","M","?","R","E","R","?","M","BOSS","R","M","M","?","$","M","T","M","E"],"items_purchased_type":["Relic","Card","Relic","Relic","Relic","Relic"],"build_version":"2020-12-22","purchased_purges":1,"victory":false,"max_hp_per_floor":[70,70,70,70,70,70,70,70,70,70,70,70,70,70,70,70,70,70,70,70,70,70,70,70,70,70,70,70,72,82,82,82,82,88,88,88,88,88,88,88,88,88,88,88],"card_choices":[{"not_picked":["bronze:BuggyMess","bronze:Turbo"],"picked":"bronze:Shell","floor":2},{"not_picked":["bronze:Deprecate","bronze:DarkDash"],"picked":"bronze:GetLatest","floor":3},{"not_picked":["bronze:BuggyMess","bronze:Frontload"],"picked":"bronze:WhirlingStrike","floor":4},{"not_picked":["bronze:Overload","bronze:ChildClass"],"picked":"bronze:ChosenStrike","floor":5},{"not_picked":["bronze:DelayedSlice","bronze:Branch"],"picked":"bronze:HardenedForm","floor":6},{"not_picked":["bronze:WildBeam","bronze:Backtrace"],"picked":"bronze:ForceShield","floor":12},{"not_picked":["bronze:Deprecate","bronze:ClassDefault"],"picked":"bronze:BronzeOrb","floor":14},{"not_picked":["bronze:BitShift","bronze:Frontload"],"picked":"bronze:Iterate","floor":15},{"not_picked":["bronze:Verify","bronze:SpaghettiCode"],"picked":"bronze:Virus","floor":16},{"not_picked":["bronze:BuggyMess","bronze:ForceShield"],"picked":"bronze:NullPointer","floor":19},{"not_picked":["bronze:ForLoop","bronze:Iterate"],"picked":"bronze:Overheat+1","floor":20},{"not_picked":["bronze:CutThrough","bronze:DelayedGuard"],"picked":"bronze:Fortify","floor":22},{"not_picked":["bronze:WhirlingStrike","bronze:DelayedGuard"],"picked":"bronze:Repair","floor":23},{"not_picked":["bronze:BronzeOrb","bronze:Frontload"],"picked":"bronze:Mutator","floor":25},{"not_picked":["bronze:Overheat","bronze:Turbo+1"],"picked":"bronze:BugBarrage","floor":26},{"not_picked":["bronze:DelayedGuard","bronze:BuggyMess","bronze:CutThrough"],"picked":"Singing Bowl","floor":29},{"not_picked":["bronze:Flail","bronze:Invalidate+1"],"picked":"bronze:BitShift+1","floor":32},{"not_picked":["bronze:ShipIt","bronze:Break"],"picked":"bronze:Verify","floor":33},{"not_picked":["bronze:DarkDash+1","bronze:DelayedGuard"],"picked":"bronze:Flail+1","floor":36},{"not_picked":["bronze:Iterate+1","bronze:ItsAFeature"],"picked":"bronze:BuggyMess","floor":37},{"not_picked":["bronze:ChildClass+1","bronze:Overheat+1"],"picked":"bronze:DigitalCarnage+1","floor":40},{"not_picked":["bronze:BuggyMess+1","bronze:Overheat+1"],"picked":"bronze:DelayedSlice+1","floor":42}],"player_experience":454141,"relics_obtained":[{"floor":5,"key":"Bottled Flame"},{"floor":7,"key":"Guardian:PocketSentry"},{"floor":12,"key":"Regal Pillow"},{"floor":21,"key":"Nilry\u0027s Codex"},{"floor":29,"key":"Darkstone Periapt"},{"floor":34,"key":"Molten Egg 2"},{"floor":34,"key":"StuffTheSpire:Expresso"},{"floor":34,"key":"SpikesRelics:DaevaFist"},{"floor":41,"key":"TungstenRod"}],"event_choices":[{"damage_healed":23,"gold_gain":0,"player_choice":"Heal","damage_taken":0,"max_hp_gain":0,"max_hp_loss":0,"event_name":"The Library","floor":27,"gold_loss":0},{"damage_healed":0,"gold_gain":0,"player_choice":"Ignored","damage_taken":0,"max_hp_gain":0,"max_hp_loss":0,"event_name":"Vampires","floor":31,"gold_loss":0}],"is_beta":false,"boss_relics":[{"not_picked":["Astrolabe","Busted Crown"],"picked":"Sozu"},{"not_picked":["Sandwich","SacredBark"],"picked":"Calling Bell"}],"items_purged_floors":[23],"is_endless":false,"potions_floor_spawned":[12,15,16,25,29,32,36,42],"killed_by":"Nemesis","ascension_level":0}}