{"host":"f5mjulaw5aqlqmd7","time":1611014261,"event":{"mods":["Act Like it!","BaseMod","Colored Map","GifTheSpireLib","Hallownest","Minty Spire (QoL Compilation)","StSLib","The Bug Knight"],"gold_per_floor":[109,128,128,146,156,156,33,33,56,87,99,122,163,193,205,316,328,352,364,27,41,41,41],"floor_reached":22,"language":"ENG","playtime":2051,"items_purged":[],"score":196,"play_id":"9e34ae73-bfc9-41c3-849d-8442a5929594","local_time":"20210118185741","is_ascension_mode":false,"campfire_choices":[{"data":"HollowMod:FocusHealStart","floor":6,"key":"SMITH"},{"data":"HollowMod:SoulSplash","floor":8,"key":"SMITH"},{"data":"HollowMod:HowlingWraiths","floor":11,"key":"SMITH"},{"floor":15,"key":"REST"}],"circlet_count":0,"master_deck":["HollowMod:NailStrikeStart","HollowMod:NailStrikeStart","HollowMod:NailStrikeStart","HollowMod:NailStrikeStart","HollowMod:QuickDashStart","HollowMod:QuickDashStart","HollowMod:QuickDashStart","HollowMod:QuickDashStart","HollowMod:FocusHealStart+1","HollowMod:PogoStrike","HollowMod:CycloneSlash","HollowMod:SoulSplash+1","HollowMod:DashSlash","HollowMod:DungDefenderAura","HollowMod:SoulVessel","HollowMod:LifebloodCocoon","HollowMod:HowlingWraiths+1","HollowMod:VengefulSpirit","HollowMod:CrystalDash","HollowMod:GreatSlash","HollowMod:Weaversong+1","HollowMod:GoodIntentions","HollowMod:HeavyBlow","HollowMod:SiblingsSouls"],"relics":["HollowMod:VesselMask","NeowsBlessing","Boot","MawBank","HollowMod:MillibellesNoteRelic","Black Star","Vajra","Tiny Chest"],"acts_visited":["Exordium","TheCity"],"potions_floor_usage":[],"damage_taken":[{"damage":0,"enemies":"2 Louse","floor":1,"turns":1},{"damage":0,"enemies":"Cultist","floor":2,"turns":1},{"damage":0,"enemies":"Small Slimes","floor":4,"turns":1},{"damage":1,"enemies":"Looter","floor":5,"turns":4},{"damage":8,"enemies":"HollowMod:MossKnight","floor":10,"turns":9},{"damage":38,"enemies":"Gremlin Gang","floor":12,"turns":3},{"damage":20,"enemies":"Gremlin Nob","floor":13,"turns":4},{"damage":8,"enemies":"Red Slaver","floor":14,"turns":4},{"damage":45,"enemies":"HollowMod:FalseKnight","floor":16,"turns":15},{"damage":32,"enemies":"Shell Parasite","floor":18,"turns":6},{"damage":29,"enemies":"Spheric Guardian","floor":21,"turns":5},{"damage":26,"enemies":"Snake Plant","floor":22,"turns":4}],"seed_played":"-4623327285057165416","potions_obtained":[{"floor":2,"key":"Explosive Potion"},{"floor":3,"key":"PowerPotion"},{"floor":3,"key":"Strength Potion"}],"is_trial":false,"path_per_floor":["M","M","?","M","M","R","$","R","T","E","R","M","E","M","R","B",null,"M","?","$","M","M"],"character_chosen":"THE_BUGKNIGHT","items_purchased":["HollowMod:SoulVessel","HollowMod:LifebloodCocoon","HollowMod:HeavyBlow","Vajra","Tiny Chest"],"campfire_rested":1,"item_purchase_floors":[7,7,20,20,20],"current_hp_per_floor":[75,75,75,75,75,75,75,75,75,73,73,41,21,19,41,2,75,49,49,49,20,0,0],"gold":41,"neow_bonus":"THREE_ENEMY_KILL","is_daily":false,"chose_seed":false,"campfire_upgraded":3,"win_rate":0.0,"timestamp":1611014261,"path_taken":["M","M","?","M","?","R","?","R","T","E","R","M","E","M","R","BOSS","M","?","$","M","?"],"items_purchased_type":["Card","Card","Card","Relic","Relic"],"build_version":"2020-12-22","purchased_purges":0,"victory":false,"max_hp_per_floor":[75,75,75,75,75,75,75,75,75,75,75,75,75,75,75,75,75,75,75,75,75,75,75],"card_choices":[{"not_picked":["HollowMod:SiblingsSouls","HollowMod:DreamGate"],"picked":"HollowMod:CycloneSlash","floor":1},{"not_picked":["HollowMod:QuirrelsAssistance","HollowMod:DescendingDark"],"picked":"HollowMod:SoulSplash","floor":2},{"not_picked":["HollowMod:MantisMark","HollowMod:BaldurShell"],"picked":"HollowMod:DashSlash","floor":4},{"not_picked":["HollowMod:ShadowDash","HollowMod:NewGlowingWomb"],"picked":"HollowMod:DungDefenderAura","floor":5},{"not_picked":["HollowMod:SoulSplash","HollowMod:InfectionAssault"],"picked":"HollowMod:HowlingWraiths","floor":10},{"not_picked":["HollowMod:SiblingsSouls","HollowMod:WraithStrike"],"picked":"HollowMod:VengefulSpirit","floor":12},{"not_picked":["HollowMod:NewInfectedGuardian","HollowMod:TaintedHusks"],"picked":"HollowMod:CrystalDash","floor":13},{"not_picked":["HollowMod:MawleksShell","HollowMod:DescendingDark"],"picked":"HollowMod:GreatSlash","floor":14},{"not_picked":["HollowMod:AwokenDreamNail","HollowMod:Hiveblood"],"picked":"HollowMod:Weaversong","floor":16},{"not_picked":["HollowMod:SharpenedNail","HollowMod:BlackTendrils+1"],"picked":"HollowMod:GoodIntentions","floor":18},{"not_picked":["HollowMod:DungDefenderAura","HollowMod:DesolateDive"],"picked":"HollowMod:SiblingsSouls","floor":21}],"player_experience":22886,"relics_obtained":[{"floor":9,"key":"Boot"},{"floor":10,"key":"MawBank"},{"floor":13,"key":"HollowMod:MillibellesNoteRelic"}],"event_choices":[{"damage_healed":0,"gold_gain":0,"player_choice":"Got Potions","damage_taken":0,"max_hp_gain":0,"max_hp_loss":0,"event_name":"Lab","floor":3,"gold_loss":0},{"damage_healed":0,"gold_gain":0,"player_choice":"Upgraded","damage_taken":0,"max_hp_gain":0,"max_hp_loss":0,"event_name":"Upgrade Shrine","floor":19,"gold_loss":0,"cards_upgraded":["HollowMod:Weaversong"]}],"is_beta":false,"boss_relics":[{"not_picked":["Runic Dome","SlaversCollar"],"picked":"Black Star"}],"items_purged_floors":[],"is_endless":false,"potions_floor_spawned":[2,4,10,13,14],"killed_by":"Snake Plant","ascension_level":0}}