{"host":"Qube","time":1611005720,"event":{"mods":["AchievementEnabler","BaseMod","Colored Map","Colored Powertips","Highlight Path","Minty Spire (QoL Compilation)","Permanent Neow","Quick Restart","Random Character Button","StSLib"],"gold_per_floor":[113,113,113,132,32,32,62,78,78,111,111,140,158,233,233,310,310,325,30,30,42,77,112,112,112,112],"floor_reached":25,"language":"ENG","playtime":1279,"items_purged":[],"score":474,"play_id":"f0fd7aaf-0a62-43a8-8ed3-b701a78f3080","local_time":"20210118133520","is_ascension_mode":true,"campfire_choices":[{"data":"Flex","floor":6.0,"key":"SMITH"},{"floor":11.0,"key":"REST"},{"floor":15.0,"key":"REST"}],"circlet_count":0,"master_deck":["AscendersBane","Strike_R","Strike_R","Defend_R","Defend_R","Defend_R","Bash","Flex+1","Cleave","Carnage","Shrug It Off","Uppercut","Wild Strike","Pommel Strike","Metallicize","Juggernaut","Clothesline+1","Carnage+1","Demon Form+1","Intimidate","Metallicize","Battle Trance","Entrench+1"],"relics":["Burning Blood","Mummified Hand","Pantograph","Ice Cream","Torii","Astrolabe","Membership Card","PreservedInsect","Red Mask","Meat on the Bone","Bag of Marbles"],"acts_visited":["Exordium","TheCity"],"potions_floor_usage":[25],"damage_taken":[{"damage":5.0,"enemies":"Small Slimes","floor":1.0,"turns":4.0},{"damage":2.0,"enemies":"Cultist","floor":4.0,"turns":4.0},{"damage":35.0,"enemies":"Lagavulin","floor":7.0,"turns":6.0},{"damage":2.0,"enemies":"Jaw Worm","floor":8.0,"turns":3.0},{"damage":26.0,"enemies":"Gremlin Nob","floor":10.0,"turns":4.0},{"damage":22.0,"enemies":"3 Sentries","floor":12.0,"turns":7.0},{"damage":2.0,"enemies":"3 Louse","floor":13.0,"turns":4.0},{"damage":12.0,"enemies":"The Guardian","floor":16.0,"turns":16.0},{"damage":43.0,"enemies":"2 Thieves","floor":18.0,"turns":5.0},{"damage":4.0,"enemies":"Shell Parasite","floor":21.0,"turns":7.0},{"damage":13.0,"enemies":"Masked Bandits","floor":22.0,"turns":3.0},{"damage":42,"enemies":"Gremlin Leader","floor":23,"turns":7},{"damage":13,"enemies":"Snake Plant","floor":25,"turns":3}],"seed_played":"-6008200193135228557","potions_obtained":[{"floor":1.0,"key":"DistilledChaos"},{"floor":10.0,"key":"SpeedPotion"},{"floor":12.0,"key":"EssenceOfSteel"},{"floor":18.0,"key":"AttackPotion"},{"floor":22.0,"key":"Dexterity Potion"}],"is_trial":false,"path_per_floor":["M","?","?","M","$","R","E","M","T","E","R","E","M","?","R","B",null,"M","$","?","M","?","E","?","M"],"character_chosen":"IRONCLAD","items_purchased":["Carnage","Shrug It Off","Membership Card","PreservedInsect","Metallicize"],"campfire_rested":2,"item_purchase_floors":[5,5,19,19,19],"current_hp_per_floor":[65,70,70,74,74,74,45,49,49,29,57,41,45,34,62,81,91,54,54,54,56,49,13,13,0,0],"gold":112,"neow_bonus":"TWENTY_PERCENT_HP_BONUS","is_daily":false,"chose_seed":false,"campfire_upgraded":1,"win_rate":0.0,"timestamp":1611005720,"path_taken":["M","?","?","M","$","R","E","M","T","E","R","E","?","?","R","BOSS","M","$","?","M","?","E","?","M"],"items_purchased_type":["Card","Card","Relic","Relic","Card"],"build_version":"2020-12-18","purchased_purges":0,"victory":false,"max_hp_per_floor":[89,94,94,94,94,94,94,94,94,94,94,94,94,94,94,94,94,94,94,94,94,94,94,94,94,94],"card_choices":[{"not_picked":["Blood for Blood","Havoc"],"picked":"Flex","floor":1.0},{"not_picked":["True Grit","Shrug It Off"],"picked":"Cleave","floor":4.0},{"not_picked":["Shrug It Off","Second Wind"],"picked":"Uppercut","floor":7.0},{"not_picked":["Sever Soul","Perfected Strike","Dark Embrace"],"picked":"SKIP","floor":8.0},{"not_picked":["Carnage","Clash"],"picked":"Wild Strike","floor":10.0},{"not_picked":["Clothesline","Clash"],"picked":"Pommel Strike","floor":12.0},{"not_picked":["Twin Strike","Burning Pact"],"picked":"Metallicize","floor":13.0},{"not_picked":["Bludgeon","Berserk"],"picked":"Juggernaut","floor":16.0},{"not_picked":["Heavy Blade","Rampage"],"picked":"Intimidate","floor":18.0},{"not_picked":["Flex","Clothesline","Cleave"],"picked":"SKIP","floor":21.0},{"not_picked":["Flex","Infernal Blade"],"picked":"Entrench+1","floor":22.0},{"not_picked":["Twin Strike","Thunderclap","Sword Boomerang"],"picked":"SKIP","floor":23}],"player_experience":923761,"relics_obtained":[{"floor":7.0,"key":"Mummified Hand"},{"floor":9.0,"key":"Pantograph"},{"floor":10.0,"key":"Ice Cream"},{"floor":12.0,"key":"Torii"},{"floor":22.0,"key":"Red Mask"},{"floor":23,"key":"Meat on the Bone"},{"floor":24,"key":"Bag of Marbles"}],"event_choices":[{"damage_healed":0.0,"max_hp_gain":5.0,"max_hp_loss":0.0,"gold_gain":0.0,"event_name":"Big Fish","player_choice":"Donut","floor":2.0,"gold_loss":0.0,"damage_taken":0.0},{"cards_removed":["Strike_R"],"damage_healed":0.0,"max_hp_gain":0.0,"max_hp_loss":0.0,"gold_gain":0.0,"event_name":"Purifier","player_choice":"Purged","floor":3.0,"gold_loss":0.0,"damage_taken":0.0},{"damage_healed":0.0,"max_hp_gain":0.0,"max_hp_loss":0.0,"gold_gain":75.0,"event_name":"World of Goop","player_choice":"Gather Gold","floor":14.0,"gold_loss":0.0,"damage_taken":11.0},{"damage_healed":0.0,"max_hp_gain":0.0,"max_hp_loss":0.0,"gold_gain":0.0,"event_name":"The Library","player_choice":"Read","floor":20.0,"gold_loss":0.0,"damage_taken":0.0,"cards_obtained":["Battle Trance"]},{"damage_healed":0.0,"max_hp_gain":0.0,"max_hp_loss":0.0,"gold_gain":0.0,"event_name":"Masked Bandits","player_choice":"Fought Bandits","floor":22.0,"gold_loss":0.0,"damage_taken":0.0},{"damage_healed":0,"gold_gain":0,"player_choice":"Relic","damage_taken":0,"max_hp_gain":0,"max_hp_loss":0,"event_name":"Wheel of Change","floor":24,"gold_loss":0}],"is_beta":true,"boss_relics":[{"not_picked":["SacredBark","Runic Dome"],"picked":"Astrolabe"}],"items_purged_floors":[],"is_endless":false,"potions_floor_spawned":[1,10,12,18,22],"killed_by":"Snake Plant","ascension_level":20}}