{"host":"amh04kn3ezj0mn53","time":1611005242,"event":{"mods":["BaseMod","Better Match","BetterRewards","Dota2Spire","Downfall","Googly Eyes","Minty Spire (QoL Compilation)","Shop Mod","StSLib"],"gold_per_floor":[119,119,133,208,224,250,250,281,281,281,316,351,388,422,422,530,530,563,310,310,342,376,418,427,427,436,436,469,83,111,140,140,249,258,290,308,341,341,372,372,406,406,470,102,134,175,211,211,211],"floor_reached":48,"language":"ENG","playtime":3106,"items_purged":["Strike_B","Strike_B","Defend_B","Strike_B","Writhe"],"score":970,"play_id":"79258c75-55ef-49e7-9c25-f53b3c758983","local_time":"20210118162722","is_ascension_mode":true,"campfire_choices":[{"floor":7,"key":"REST"},{"data":"Aggregate","floor":15,"key":"SMITH"},{"data":"Defragment","floor":25,"key":"SMITH"},{"data":"Meteor Strike","floor":27,"key":"SMITH"},{"floor":32,"key":"RECALL"},{"data":"Fission","floor":40,"key":"SMITH"},{"data":"Defragment","floor":42,"key":"SMITH"}],"circlet_count":0,"master_deck":["Strike_B","Defend_B","Defend_B","Zap","Dualcast","Compile Driver","Coolheaded","Sweeping Beam","Cold Snap","Lockon","Aggregate+1","Capacitor","Stack","White Noise","Electrodynamics","Compile Driver","Conserve Battery","Conserve Battery","Coolheaded","Glacier","Leap","Meteor Strike+1","Echo Form","Double Energy","Hologram+1","Panacea","Aggregate","Turbo","Meteor Strike","Barrage+1","Rebound+1","Reboot","Defragment+1","Leap+1","Compile Driver","Rebound+1","Aggregate+1","Compile Driver","Stack","Scrape","Loop","Cold Snap","Echo Form","Go for the Eyes+1","Stack+1","Stack","Fission+1","CurseOfTheBell","Coolheaded","Defragment+1","Madness","Madness","Storm","Chaos+1","Ball Lightning","White Noise+1","Static Discharge+1","Beam Cell+1","Writhe","Defragment","Panache","Tempest+1","Barrage+1","Coolheaded+1","Barrage+1","Doom and Gloom"],"relics":["Cracked Core","Membership Card","Thread and Needle","Dota2Spire:Vanguard","Prayer Wheel","Regal Pillow","Symbiotic Virus","CeramicFish","Cursed Key","Dota2Spire:ArcaneBoots","MerchantsRug","Dota2Spire:Dagon","Cables","Strawberry","Calling Bell","Boot","Sundial","TungstenRod","Anchor","Singing Bowl","FossilizedHelix"],"acts_visited":["Exordium","TheCity","TheBeyond"],"potions_floor_usage":[6,13,16,21,48],"damage_taken":[{"damage":0,"enemies":"Jaw Worm","floor":1,"turns":3},{"damage":0,"enemies":"2 Louse","floor":3,"turns":2},{"damage":0,"enemies":"Small Slimes","floor":5,"turns":2},{"damage":4,"enemies":"Gremlin Nob","floor":6,"turns":4},{"damage":1,"enemies":"3 Sentries","floor":8,"turns":8},{"damage":3,"enemies":"Exordium Wildlife","floor":11,"turns":2},{"damage":0,"enemies":"Blue Slaver","floor":12,"turns":2},{"damage":9,"enemies":"Lagavulin","floor":13,"turns":4},{"damage":1,"enemies":"Large Slime","floor":14,"turns":4},{"damage":0,"enemies":"The Guardian","floor":16,"turns":7},{"damage":0,"enemies":"Chosen","floor":18,"turns":3},{"damage":0,"enemies":"3 Byrds","floor":21,"turns":3},{"damage":18,"enemies":"Cultist and Chosen","floor":22,"turns":6},{"damage":0,"enemies":"Book of Stabbing","floor":23,"turns":4},{"damage":0,"enemies":"Chosen and Byrds","floor":28,"turns":4},{"damage":0,"enemies":"Centurion and Healer","floor":30,"turns":3},{"damage":0,"enemies":"3 Cultists","floor":31,"turns":4},{"damage":7,"enemies":"Champ","floor":33,"turns":5},{"damage":0,"enemies":"3 Shapes","floor":35,"turns":4},{"damage":10,"enemies":"3 Darklings","floor":37,"turns":5},{"damage":4,"enemies":"Maw","floor":39,"turns":7},{"damage":8,"enemies":"Sphere and 2 Shapes","floor":41,"turns":3},{"damage":0,"enemies":"Spire Growth","floor":45,"turns":3},{"damage":0,"enemies":"Giant Head","floor":46,"turns":6},{"damage":0,"enemies":"Jaw Worm Horde","floor":47,"turns":2},{"damage":65,"enemies":"Reptomancer","floor":48,"turns":5}],"seed_played":"-8142988298230302236","potions_obtained":[{"floor":1,"key":"champ:CounterPotion"},{"floor":3,"key":"GamblersBrew"},{"floor":13,"key":"DistilledChaos"},{"floor":14,"key":"DistilledChaos"},{"floor":18,"key":"PowerPotion"},{"floor":28,"key":"SkillPotion"},{"floor":31,"key":"SpeedPotion"},{"floor":35,"key":"Regen Potion"},{"floor":41,"key":"Strength Potion"}],"is_trial":false,"path_per_floor":["M","?","M","?","M","E","R","E","T","?","M","M","E","M","R","B",null,"M","$","?","M","M","E","?","R","T","R","M","$","M","M","R","B",null,"M","?","M","?","M","R","M","R","T","$","M","E","M","E"],"character_chosen":"DEFECT","items_purchased":["Membership Card","Thread and Needle","Dota2Spire:Vanguard","Compile Driver","Coolheaded","Dota2Spire:ArcaneBoots","Panacea","Aggregate","MerchantsRug","Orrery","Loop","Strawberry","Cold Snap","Defragment","Panache","Anchor","Singing Bowl"],"campfire_rested":1,"item_purchase_floors":[0,0,0,0,0,19,19,19,19,29,29,29,29,44,44,44,44],"current_hp_per_floor":[59,41,41,30,30,26,63,62,62,67,64,64,55,54,54,54,80,80,80,80,80,62,62,62,62,62,62,62,69,69,69,69,62,87,87,77,67,67,63,63,55,55,55,55,55,55,55,0,0],"gold":211,"neow_bonus":"","is_daily":false,"chose_seed":false,"campfire_upgraded":5,"win_rate":0.0,"timestamp":1611005242,"path_taken":["M","?","M","?","M","E","R","E","T","?","M","M","E","M","R","BOSS","M","$","?","M","M","E","?","R","T","R","M","$","M","M","R","BOSS","M","?","M","?","M","R","M","R","T","$","?","E","M","E"],"items_purchased_type":["Relic","Relic","Relic","Card","Card","Relic","Card","Card","Relic","Relic","Card","Relic","Card","Card","Card","Relic","Relic"],"build_version":"2020-12-22","purchased_purges":5,"victory":false,"max_hp_per_floor":[75,75,75,75,75,75,75,75,75,80,80,80,80,80,80,80,80,80,80,80,80,80,80,80,80,80,80,80,87,87,87,87,87,87,87,87,87,87,87,87,87,87,87,87,87,87,87,87,87],"card_choices":[{"not_picked":["Go for the Eyes","Streamline"],"picked":"Sweeping Beam","floor":1},{"not_picked":["Compile Driver","Steam Power"],"picked":"Cold Snap","floor":1},{"not_picked":["Scrape","Heatsinks"],"picked":"Lockon","floor":3},{"not_picked":["Rebound","Gash"],"picked":"Aggregate","floor":3},{"not_picked":["Gash","BootSequence"],"picked":"Capacitor","floor":5},{"not_picked":["Storm","Rip and Tear"],"picked":"Stack","floor":5},{"not_picked":["Redo","Steam Power"],"picked":"White Noise","floor":6},{"not_picked":["Go for the Eyes","Turbo"],"picked":"Electrodynamics","floor":8},{"not_picked":["Recycle","Force Field"],"picked":"Compile Driver","floor":11},{"not_picked":["Heatsinks","Rebound"],"picked":"Conserve Battery","floor":11},{"not_picked":["Rebound","Go for the Eyes"],"picked":"Conserve Battery","floor":12},{"not_picked":["Melter","Cold Snap"],"picked":"Coolheaded","floor":12},{"not_picked":["Streamline","Rebound"],"picked":"Glacier","floor":13},{"not_picked":["Scrape","Undo"],"picked":"Leap","floor":14},{"not_picked":["Meteor Strike","Stack","FTL"],"picked":"SKIP","floor":14},{"not_picked":["Stack","FTL"],"picked":"Meteor Strike","floor":14},{"not_picked":["Buffer","Biased Cognition"],"picked":"Echo Form","floor":16},{"not_picked":["Hologram","Compile Driver"],"picked":"Double Energy","floor":18},{"not_picked":["Compile Driver","Glacier"],"picked":"Hologram+1","floor":18},{"not_picked":["Double Energy","Stack"],"picked":"Turbo","floor":21},{"not_picked":["BootSequence+1","Turbo+1"],"picked":"Meteor Strike","floor":21},{"not_picked":["Melter","Cold Snap"],"picked":"Barrage+1","floor":22},{"not_picked":["Redo","Gash"],"picked":"Rebound+1","floor":22},{"not_picked":["Machine Learning","Hologram"],"picked":"Reboot","floor":23},{"not_picked":["Conserve Battery","Auto Shields"],"picked":"Leap+1","floor":28},{"not_picked":["Ball Lightning","Chill"],"picked":"Compile Driver","floor":28},{"not_picked":["Leap","Hyperbeam"],"picked":"Rebound+1","floor":29},{"not_picked":["Reprogram","Redo"],"picked":"Aggregate+1","floor":29},{"not_picked":["Leap+1","Coolheaded"],"picked":"Compile Driver","floor":29},{"not_picked":["Conserve Battery","Streamline"],"picked":"Stack","floor":29},{"not_picked":["Defragment","Coolheaded+1"],"picked":"Scrape","floor":29},{"not_picked":["Force Field+1","Undo"],"picked":"Echo Form","floor":30},{"not_picked":["Leap+1","White Noise"],"picked":"Go for the Eyes+1","floor":30},{"not_picked":["Hologram","Go for the Eyes"],"picked":"Stack+1","floor":31},{"not_picked":["Steam","Go for the Eyes"],"picked":"Stack","floor":31},{"not_picked":["Core Surge","Creative AI"],"picked":"Fission","floor":33},{"not_picked":["Storm","Steam"],"picked":"Coolheaded","floor":35},{"not_picked":["Cold Snap","Beam Cell+1"],"picked":"Defragment","floor":35},{"not_picked":["Streamline+1","Gash"],"picked":"Storm","floor":37},{"not_picked":["Turbo","Static Discharge"],"picked":"Chaos+1","floor":37},{"not_picked":["Cold Snap+1","Redo+1"],"picked":"Ball Lightning","floor":39},{"not_picked":["Compile Driver+1","Sweeping Beam+1"],"picked":"White Noise+1","floor":39},{"not_picked":["Compile Driver","Ball Lightning"],"picked":"Static Discharge+1","floor":41},{"not_picked":["Rebound+1","Go for the Eyes+1"],"picked":"Beam Cell+1","floor":41},{"not_picked":["Leap+1","Hologram"],"picked":"Tempest+1","floor":45},{"not_picked":["Conserve Battery+1","Hyperbeam"],"picked":"Barrage+1","floor":45},{"not_picked":["Reprogram","Capacitor"],"picked":"Coolheaded+1","floor":46},{"not_picked":["BootSequence+1","Beam Cell"],"picked":"Barrage+1","floor":47},{"not_picked":["Cold Snap+1","Sweeping Beam+1"],"picked":"Doom and Gloom","floor":47}],"player_experience":1201005,"relics_obtained":[{"floor":6,"key":"StrikeDummy"},{"floor":8,"key":"Symbiotic Virus"},{"floor":9,"key":"CeramicFish"},{"floor":13,"key":"Dota2Spire:DrumOfEndurance"},{"floor":23,"key":"Dota2Spire:Dagon"},{"floor":26,"key":"Cables"},{"floor":34,"key":"Boot"},{"floor":34,"key":"Sundial"},{"floor":34,"key":"TungstenRod"},{"floor":46,"key":"FossilizedHelix"}],"event_choices":[{"damage_healed":0,"gold_gain":0,"player_choice":"Success","damage_taken":18,"relics_obtained":["Regal Pillow"],"max_hp_gain":0,"max_hp_loss":0,"event_name":"Scrap Ooze","floor":2,"gold_loss":0},{"damage_healed":0,"gold_gain":75,"player_choice":"Gather Gold","damage_taken":11,"max_hp_gain":0,"max_hp_loss":0,"event_name":"World of Goop","floor":4,"gold_loss":0},{"damage_healed":0,"gold_gain":0,"player_choice":"Donut","damage_taken":0,"max_hp_gain":5,"max_hp_loss":0,"event_name":"Big Fish","floor":10,"gold_loss":0},{"cards_removed":["Defend_B"],"damage_healed":0,"gold_gain":0,"player_choice":"Elegance","damage_taken":0,"max_hp_gain":0,"max_hp_loss":0,"event_name":"Back to Basics","floor":20,"gold_loss":0},{"damage_healed":0,"gold_gain":0,"player_choice":"Read","damage_taken":0,"max_hp_gain":0,"max_hp_loss":0,"event_name":"The Library","floor":24,"gold_loss":0,"cards_obtained":["Defragment"]},{"damage_healed":0,"gold_gain":0,"player_choice":"Embrace Madness","damage_taken":11,"max_hp_gain":0,"max_hp_loss":0,"event_name":"Winding Halls","floor":36,"gold_loss":0,"cards_obtained":["Madness","Madness"]},{"damage_healed":0,"gold_gain":0,"player_choice":"Ignored","damage_taken":0,"max_hp_gain":0,"max_hp_loss":0,"event_name":"Tomb of Lord Red Mask","floor":38,"gold_loss":0}],"is_beta":false,"boss_relics":[{"not_picked":["Inserter","Runic Dome"],"picked":"Cursed Key"},{"not_picked":["Empty Cage","expansioncontent:StudyCardRelic"],"picked":"Calling Bell"}],"items_purged_floors":[0,0,19,29,44],"is_endless":false,"potions_floor_spawned":[1,3,13,14,18,28,31,35,39,41,45],"killed_by":"Reptomancer","ascension_level":1}}