{"host":"dvpvhz1t6etneyb3","time":1611006461,"event":{"mods":["AchievementEnabler","BaseMod","Colored Map","Highlight Path","Minty Spire (QoL Compilation)","Permanent Neow","Quick Restart"],"gold_per_floor":[15,15,0,16,30,30,70,70,94,94,170,184,197,228,228,319,319,338,359,359,17,17,48,48,78,78,78,3,28,28,28,28,105,105,124,124,124,142,159,159,184,197,222,444,455,415,415,435,435,435,435],"floor_reached":50,"language":"ENG","playtime":2143,"items_purged":["Strike_R"],"score":1057,"play_id":"6f98c244-fb41-4764-9bfd-584181569fb0","local_time":"20210118164741","is_ascension_mode":true,"campfire_choices":[{"data":"Bash","floor":6.0,"key":"SMITH"},{"data":"Uppercut","floor":8.0,"key":"SMITH"},{"data":"Demon Form","floor":15.0,"key":"SMITH"},{"data":"True Grit","floor":24.0,"key":"SMITH"},{"floor":27.0,"key":"REST"},{"data":"Corruption","floor":30.0,"key":"SMITH"},{"data":"True Grit","floor":32.0,"key":"SMITH"},{"floor":40.0,"key":"REST"},{"floor":47.0,"key":"RECALL"},{"floor":49,"key":"REST"}],"circlet_count":0,"master_deck":["AscendersBane","Strike_R+1","Strike_R+1","Strike_R+1","Defend_R+1","Defend_R+1","Defend_R+1","Defend_R+1","Bash+1","Pummel","Anger","Battle Trance","Uppercut+1","Hemokinesis","True Grit+1","Demon Form+1","Combust","Immolate","Inflame","True Grit+1","Corruption+1","Offering","Seeing Red+1","Panacea","Carnage+1","Sword Boomerang+1","Flame Barrier"],"relics":["Burning Blood","Bloody Idol","Anchor","Omamori","War Paint","Mango","Mark of Pain","Bag of Marbles","HandDrill","WingedGreaves","Molten Egg 2","Mercury Hourglass","Red Mask","Fusion Hammer","Ancient Tea Set","Nunchaku"],"acts_visited":["Exordium","TheCity","TheBeyond"],"potions_floor_usage":[48,48,48,50],"damage_taken":[{"damage":9.0,"enemies":"Jaw Worm","floor":1.0,"turns":5.0},{"damage":2.0,"enemies":"2 Louse","floor":4.0,"turns":2.0},{"damage":0.0,"enemies":"Small Slimes","floor":5.0,"turns":2.0},{"damage":30.0,"enemies":"Lagavulin","floor":7.0,"turns":6.0},{"damage":6.0,"enemies":"Gremlin Nob","floor":11.0,"turns":3.0},{"damage":0.0,"enemies":"2 Fungi Beasts","floor":12.0,"turns":4.0},{"damage":0.0,"enemies":"Looter","floor":13.0,"turns":3.0},{"damage":14.0,"enemies":"3 Sentries","floor":14.0,"turns":7.0},{"damage":16.0,"enemies":"Hexaghost","floor":16.0,"turns":6.0},{"damage":7.0,"enemies":"2 Thieves","floor":18.0,"turns":2.0},{"damage":20.0,"enemies":"3 Byrds","floor":19.0,"turns":6.0},{"damage":21.0,"enemies":"Gremlin Leader","floor":23.0,"turns":6.0},{"damage":52.0,"enemies":"Slavers","floor":25.0,"turns":7.0},{"damage":16.0,"enemies":"Masked Bandits","floor":29.0,"turns":3.0},{"damage":48.0,"enemies":"Champ","floor":33.0,"turns":8.0},{"damage":21.0,"enemies":"3 Shapes","floor":35.0,"turns":7.0},{"damage":29.0,"enemies":"Orb Walker","floor":38.0,"turns":4.0},{"damage":23.0,"enemies":"Transient","floor":39.0,"turns":6.0},{"damage":42.0,"enemies":"Nemesis","floor":41.0,"turns":7.0},{"damage":63.0,"enemies":"Maw","floor":42.0,"turns":6.0},{"damage":33.0,"enemies":"Sphere and 2 Shapes","floor":45.0,"turns":3.0},{"damage":0,"enemies":"3 Darklings","floor":48,"turns":2},{"damage":106,"enemies":"Time Eater","floor":50,"turns":7}],"seed_played":"8614186156975840072","potions_obtained":[{"floor":4.0,"key":"BloodPotion"},{"floor":5.0,"key":"AttackPotion"},{"floor":12.0,"key":"DuplicationPotion"},{"floor":18.0,"key":"Weak Potion"},{"floor":33.0,"key":"BloodPotion"},{"floor":35.0,"key":"SkillPotion"},{"floor":39.0,"key":"SkillPotion"},{"floor":41.0,"key":"FairyPotion"},{"floor":46.0,"key":"DuplicationPotion"},{"floor":46.0,"key":"EntropicBrew"},{"floor":48,"key":"ColorlessPotion"}],"is_trial":false,"path_per_floor":["M","?","?","M","M","R","E","R","T","?","?","M","M","E","R","B",null,"M","M","?","$","?","E","R","E","T","R","$","?","R","?","R","B",null,"M","?","?","M","M","R","E","M","T","?","M","?","R","M","R","B"],"character_chosen":"IRONCLAD","items_purchased":["Bag of Marbles","HandDrill"],"campfire_rested":3,"item_purchase_floors":[21,21],"current_hp_per_floor":[79,48,48,52,58,58,34,34,34,27,27,33,39,45,45,35,86,85,71,71,71,71,61,61,20,20,50,50,45,45,45,45,28,84,74,74,95,77,65,95,64,12,17,22,41,61,61,72,102,0,0],"gold":435,"neow_bonus":"TWENTY_PERCENT_HP_BONUS","is_daily":false,"chose_seed":false,"campfire_upgraded":6,"win_rate":0.0,"timestamp":1611006461,"path_taken":["M","?","?","M","M","R","E","R","T","?","?","M","M","E","R","BOSS","M","M","?","$","?","E","R","E","T","R","?","?","R","?","R","BOSS","M","?","?","M","M","R","E","M","T","?","M","?","R","M","R","BOSS"],"items_purchased_type":["Relic","Relic"],"build_version":"2020-12-22","purchased_purges":1,"victory":false,"max_hp_per_floor":[89,89,89,89,89,89,89,89,89,89,89,89,89,103,103,103,103,103,103,103,103,103,103,103,103,103,103,103,103,103,103,103,103,103,103,103,103,103,103,103,103,103,103,103,103,103,103,103,103,103,103],"card_choices":[{"not_picked":["Wild Strike","Combust"],"picked":"Pummel","floor":1.0},{"not_picked":["Iron Wave","Cleave"],"picked":"Anger","floor":4.0},{"not_picked":["Clothesline","Rupture"],"picked":"Battle Trance","floor":5.0},{"not_picked":["Searing Blow","Shockwave"],"picked":"Uppercut","floor":7.0},{"not_picked":["Pummel","Rampage"],"picked":"Hemokinesis","floor":11.0},{"not_picked":["Shrug It Off","Dual Wield"],"picked":"True Grit","floor":12.0},{"not_picked":["Havoc","Burning Pact"],"picked":"Demon Form","floor":13.0},{"not_picked":["Body Slam","True Grit"],"picked":"Combust","floor":14.0},{"not_picked":["Double Tap","Brutality"],"picked":"Immolate","floor":16.0},{"not_picked":["Body Slam","Metallicize"],"picked":"Inflame","floor":18.0},{"not_picked":["Clash","Carnage","Twin Strike+1"],"picked":"SKIP","floor":19.0},{"not_picked":["Cleave","Body Slam"],"picked":"True Grit","floor":23.0},{"not_picked":["Body Slam+1","Dual Wield"],"picked":"Corruption","floor":25.0},{"not_picked":["Double Tap","Exhume"],"picked":"Offering","floor":33.0},{"not_picked":["Warcry","Iron Wave+1"],"picked":"Seeing Red+1","floor":35.0},{"not_picked":["Good Instincts","Blind"],"picked":"Panacea","floor":36.0},{"not_picked":["Entrench","Combust","Clothesline+1"],"picked":"SKIP","floor":38.0},{"not_picked":["Cleave+1","Headbutt+1"],"picked":"Carnage+1","floor":39.0},{"not_picked":["Thunderclap+1","Perfected Strike+1","Flex"],"picked":"SKIP","floor":41.0},{"not_picked":["Combust+1","Armaments"],"picked":"Sword Boomerang+1","floor":42.0},{"not_picked":["Searing Blow+1","Anger+1","Perfected Strike+1"],"picked":"SKIP","floor":45.0},{"not_picked":["Combust","Armaments"],"picked":"Flame Barrier","floor":48}],"player_experience":2045030,"relics_obtained":[{"floor":7.0,"key":"Anchor"},{"floor":9.0,"key":"Omamori"},{"floor":11.0,"key":"War Paint"},{"floor":14.0,"key":"Mango"},{"floor":23.0,"key":"WingedGreaves"},{"floor":25.0,"key":"Molten Egg 2"},{"floor":26.0,"key":"Mercury Hourglass"},{"floor":29.0,"key":"Red Mask"},{"floor":41.0,"key":"Ancient Tea Set"},{"floor":43.0,"key":"Nunchaku"}],"event_choices":[{"damage_healed":0.0,"max_hp_gain":0.0,"max_hp_loss":0.0,"gold_gain":0.0,"event_name":"Golden Idol","player_choice":"Take Damage","floor":2.0,"gold_loss":0.0,"damage_taken":31.0,"relics_obtained":["Golden Idol"]},{"damage_healed":0.0,"max_hp_gain":0.0,"max_hp_loss":0.0,"gold_gain":0.0,"event_name":"World of Goop","player_choice":"Left Gold","floor":3.0,"gold_loss":15.0,"damage_taken":0.0},{"cards_removed":["Strike_R"],"damage_healed":0.0,"max_hp_gain":0.0,"max_hp_loss":0.0,"gold_gain":0.0,"event_name":"Golden Wing","player_choice":"Card Removal","floor":10.0,"gold_loss":0.0,"damage_taken":7.0},{"damage_healed":0.0,"max_hp_gain":0.0,"max_hp_loss":0.0,"gold_gain":0.0,"event_name":"Dead Adventurer","player_choice":"Searched \u00271\u0027 times","floor":11.0,"gold_loss":0.0,"damage_taken":0.0},{"damage_healed":0.0,"max_hp_gain":0.0,"max_hp_loss":0.0,"gold_gain":0.0,"event_name":"Ghosts","player_choice":"Ignored","floor":20.0,"gold_loss":0.0,"damage_taken":0.0},{"damage_healed":0.0,"max_hp_gain":0.0,"max_hp_loss":0.0,"gold_gain":0.0,"event_name":"Forgotten Altar","player_choice":"Gave Idol","floor":22.0,"relics_lost":["Golden Idol"],"gold_loss":0.0,"damage_taken":0.0,"relics_obtained":["Bloody Idol"]},{"damage_healed":0.0,"max_hp_gain":0.0,"max_hp_loss":0.0,"gold_gain":0.0,"event_name":"Masked Bandits","player_choice":"Fought Bandits","floor":29.0,"gold_loss":0.0,"damage_taken":0.0},{"damage_healed":0.0,"max_hp_gain":0.0,"max_hp_loss":0.0,"gold_gain":0.0,"event_name":"Back to Basics","player_choice":"Simplicity","floor":31.0,"gold_loss":0.0,"damage_taken":0.0,"cards_upgraded":["Strike_R","Strike_R","Strike_R","Defend_R","Defend_R"]},{"damage_healed":0.0,"max_hp_gain":0.0,"max_hp_loss":0.0,"gold_gain":0.0,"event_name":"SensoryStone","player_choice":"Memory 1","floor":36.0,"gold_loss":0.0,"damage_taken":0.0},{"damage_healed":21.0,"max_hp_gain":0.0,"max_hp_loss":0.0,"gold_gain":0.0,"event_name":"Winding Halls","player_choice":"Writhe","floor":37.0,"gold_loss":0.0,"damage_taken":0.0,"cards_obtained":["Writhe"]},{"damage_healed":0.0,"max_hp_gain":0.0,"max_hp_loss":0.0,"gold_gain":222.0,"event_name":"Tomb of Lord Red Mask","player_choice":"Wore Mask","floor":44.0,"gold_loss":0.0,"damage_taken":0.0},{"damage_healed":0.0,"max_hp_gain":0.0,"max_hp_loss":0.0,"gold_gain":0.0,"event_name":"The Woman in Blue","player_choice":"Bought 3 Potions","floor":46.0,"gold_loss":0.0,"damage_taken":0.0}],"is_beta":false,"boss_relics":[{"not_picked":["SacredBark","Busted Crown"],"picked":"Mark of Pain"},{"not_picked":["Velvet Choker","Black Blood"],"picked":"Fusion Hammer"}],"items_purged_floors":[28],"is_endless":false,"potions_floor_spawned":[4,5,12,14,16,18,19,33,35,39,41,48],"killed_by":"Time Eater","ascension_level":20}}