{"host":"8c7ixdz8x9d2d2wv","time":1611008431,"event":{"mods":["AYAYA","BaseMod","Better Altar","Better Sensory Stone","Better-Laid Plans","BetterRewards","Colored Map","Colored Powertips","Curses Come First","Dark Map","Defuse TimeMaze Blight","Emptier Cage","Highlight Path","Minty Spire (QoL Compilation)","Quick Restart","Rare Cards Sparkle","Relic Sorter","Shop Mod","StSLib","Transform Curses","Uncapped"],"gold_per_floor":[117,117,117,117,137,137,185,225,251,33,89,89,142,189,189,310,310,354,354,354,38,83,83,173,233,233,233,245,245,245,245,245,367,367,386,429,144,161,96,96,96,96,119,119,0,35,35,109,109,109,109,109,2,55,80],"floor_reached":56,"language":"ENG","playtime":2424,"items_purged":["Defend_G","Defend_G","Defend_G"],"score":1294,"play_id":"677b9ccb-8e5e-42a0-b558-dc195e68f8c1","local_time":"20210118232031","is_ascension_mode":false,"campfire_choices":[{"data":"Cloak And Dagger","floor":6,"key":"SMITH"},{"data":"Cloak And Dagger","floor":12,"key":"SMITH"},{"data":"HandOfGreed","floor":15,"key":"SMITH"},{"data":"Adrenaline","floor":23,"key":"SMITH"},{"data":"After Image","floor":27,"key":"SMITH"},{"floor":32,"key":"REST"},{"data":"Noxious Fumes","floor":40,"key":"SMITH"},{"data":"Footwork","floor":42,"key":"SMITH"},{"floor":44,"key":"RECALL"},{"data":"Noxious Fumes","floor":49,"key":"SMITH"},{"data":"Footwork","floor":52,"key":"SMITH"}],"circlet_count":0,"master_deck":["Strike_G+1","Strike_G","Survivor","Neutralize+1","Deflect","HandOfGreed+1","Cloak And Dagger+1","Cloak And Dagger+1","Deflect","Adrenaline+1","Footwork+1","Footwork+1","After Image+1","Dodge and Roll+1","Footwork+1","Dodge and Roll+1","Noxious Fumes+1","Dodge and Roll","Noxious Fumes+1","Calculated Gamble"],"relics":["Ring of the Snake","NeowsBlessing","TwistedFunnel","Bronze Scales","Mummified Hand","MerchantsRug","Letter Opener","Mercury Hourglass","Bloody Idol","MutagenicStrength","HandDrill","Oddly Smooth Stone","Boot","TungstenRod","Toy Ornithopter"],"acts_visited":["Exordium","TheCity","TheBeyond","TheEnding"],"potions_floor_usage":[16,16,33,54,55,55,55],"damage_taken":[{"damage":0,"enemies":"Small Slimes","floor":1,"turns":1},{"damage":0,"enemies":"Jaw Worm","floor":5,"turns":1},{"damage":0,"enemies":"3 Sentries","floor":7,"turns":1},{"damage":0,"enemies":"Cultist","floor":8,"turns":5},{"damage":0,"enemies":"2 Fungi Beasts","floor":11,"turns":5},{"damage":0,"enemies":"3 Louse","floor":13,"turns":4},{"damage":9,"enemies":"Gremlin Nob","floor":14,"turns":4},{"damage":30,"enemies":"Hexaghost","floor":16,"turns":8},{"damage":0,"enemies":"3 Byrds","floor":18,"turns":3},{"damage":0,"enemies":"Chosen","floor":22,"turns":4},{"damage":12,"enemies":"Slavers","floor":25,"turns":8},{"damage":0,"enemies":"Snake Plant","floor":28,"turns":4},{"damage":6,"enemies":"Collector","floor":33,"turns":16},{"damage":0,"enemies":"3 Darklings","floor":35,"turns":5},{"damage":0,"enemies":"3 Shapes","floor":36,"turns":2},{"damage":0,"enemies":"Spire Growth","floor":38,"turns":5},{"damage":0,"enemies":"4 Shapes","floor":46,"turns":4},{"damage":0,"enemies":"2 Orb Walkers","floor":48,"turns":6},{"damage":0,"enemies":"Donu and Deca","floor":50,"turns":10},{"damage":0,"enemies":"Shield and Spear","floor":54,"turns":6},{"damage":24,"enemies":"The Heart","floor":55,"turns":14}],"seed_played":"-3399680384989422013","potions_obtained":[{"floor":7,"key":"SpeedPotion"},{"floor":8,"key":"Poison Potion"},{"floor":11,"key":"LiquidBronze"},{"floor":22,"key":"Ancient Potion"},{"floor":25,"key":"GhostInAJar"},{"floor":35,"key":"SkillPotion"},{"floor":36,"key":"DistilledChaos"},{"floor":38,"key":"AttackPotion"},{"floor":54,"key":"LiquidBronze"}],"is_trial":false,"path_per_floor":["M","?","?","?","M","R","E","M","T","$","M","R","M","E","R","B",null,"M","?","?","$","M","R","?","E","T","R","M","?","?","?","R","B",null,"M","M","$","M","$","R","T","R","T","R","?","M","?","?","R","B",null,"R","$","E","B",null],"character_chosen":"THE_SILENT","items_purchased":["TwistedFunnel","MerchantsRug","Letter Opener","Footwork","HandDrill","Footwork","Noxious Fumes","Dodge and Roll","Calculated Gamble"],"campfire_rested":1,"item_purchase_floors":[10,21,21,21,37,37,39,39,53],"current_hp_per_floor":[70,63,63,63,63,63,63,63,63,63,63,63,63,54,54,24,70,70,70,70,70,70,70,58,46,46,46,46,11,11,11,32,36,70,70,70,70,70,70,70,70,70,70,70,70,70,66,66,66,66,66,66,66,66,47],"gold":80,"neow_bonus":"THREE_ENEMY_KILL","is_daily":false,"chose_seed":false,"campfire_upgraded":9,"win_rate":0.0,"timestamp":1611008431,"path_taken":["M","?","?","?","M","R","E","M","T","$","M","R","M","E","R","BOSS","M","?","?","$","M","R","?","E","T","R","?","?","?","?","R","BOSS","M","?","$","M","$","R","?","R","T","R","?","?","?","?","R","BOSS","R","$","E","BOSS"],"items_purchased_type":["Relic","Relic","Relic","Card","Relic","Card","Card","Card","Card"],"build_version":"2020-12-22","purchased_purges":3,"victory":true,"max_hp_per_floor":[70,70,70,70,70,70,70,70,70,70,70,70,70,70,70,70,70,70,70,70,70,70,70,70,70,70,70,70,70,70,70,70,70,70,70,70,70,70,70,70,70,70,70,70,70,70,66,66,66,66,66,66,66,66,66],"card_choices":[{"not_picked":["Blade Dance","Endless Agony"],"picked":"Deflect","floor":1},{"not_picked":["Swift Strike","Discovery"],"picked":"HandOfGreed","floor":4},{"not_picked":["All Out Attack","Backstab"],"picked":"Cloak And Dagger","floor":5},{"not_picked":["Prepared","Doppelganger"],"picked":"Cloak And Dagger","floor":7},{"not_picked":["Endless Agony","Slice","Bouncing Flask"],"picked":"SKIP","floor":8},{"not_picked":["Dagger Throw","Blade Dance","Backflip"],"picked":"SKIP","floor":11},{"not_picked":["Blade Dance","Footwork"],"picked":"Deflect","floor":13},{"not_picked":["Blade Dance","Prepared","Storm of Steel"],"picked":"SKIP","floor":14},{"not_picked":["Phantasmal Killer","Grand Finale"],"picked":"Adrenaline","floor":16},{"not_picked":["Crippling Poison","Acrobatics+1","Backstab"],"picked":"SKIP","floor":18},{"not_picked":["Underhanded Strike","PiercingWail"],"picked":"Footwork","floor":22},{"not_picked":["Blade Dance","Grand Finale"],"picked":"After Image","floor":25},{"not_picked":["Tactician","Sucker Punch","Dagger Spray"],"picked":"SKIP","floor":28},{"not_picked":["Poisoned Stab","Prepared+1","Bane+1"],"picked":"SKIP","floor":35},{"not_picked":["Leg Sweep+1","Eviscerate+1"],"picked":"Dodge and Roll+1","floor":36},{"not_picked":["Flying Knee+1","Expertise"],"picked":"Dodge and Roll+1","floor":38},{"not_picked":["Dagger Spray","Cloak And Dagger"],"picked":"Noxious Fumes","floor":46},{"not_picked":["Finisher+1","Night Terror","Dagger Spray+1"],"picked":"SKIP","floor":54}],"player_experience":651801,"relics_obtained":[{"floor":7,"key":"Dream Catcher"},{"floor":14,"key":"Bronze Scales"},{"floor":25,"key":"Whetstone"},{"floor":26,"key":"Mercury Hourglass"},{"floor":41,"key":"Oddly Smooth Stone"},{"floor":43,"key":"Boot"},{"floor":48,"key":"TungstenRod"},{"floor":54,"key":"Toy Ornithopter"}],"event_choices":[{"cards_removed":["Strike_G"],"damage_healed":0,"gold_gain":0,"player_choice":"Card Removal","damage_taken":7,"max_hp_gain":0,"max_hp_loss":0,"event_name":"Golden Wing","floor":2,"gold_loss":0},{"cards_removed":["Defend_G"],"damage_healed":0,"gold_gain":0,"player_choice":"Forget","damage_taken":0,"max_hp_gain":0,"max_hp_loss":0,"event_name":"Living Wall","floor":3,"gold_loss":0},{"damage_healed":0,"gold_gain":1,"player_choice":"1","damage_taken":0,"max_hp_gain":0,"max_hp_loss":0,"event_name":"betterStone:BetterStone","floor":4,"gold_loss":0},{"damage_healed":0,"gold_gain":0,"player_choice":"Opened","damage_taken":0,"relics_obtained":["Mummified Hand"],"max_hp_gain":0,"max_hp_loss":0,"event_name":"The Mausoleum","floor":19,"gold_loss":0},{"damage_healed":0,"gold_gain":0,"player_choice":"Ignored","damage_taken":0,"max_hp_gain":0,"max_hp_loss":0,"event_name":"Cursed Tome","floor":20,"gold_loss":0},{"damage_healed":0,"gold_gain":90,"player_choice":"GOLD ","damage_taken":12,"max_hp_gain":0,"max_hp_loss":0,"event_name":"Knowing Skull","floor":24,"potions_obtained":[],"gold_loss":0,"cards_obtained":[]},{"damage_healed":0,"gold_gain":0,"player_choice":" Idol ","damage_taken":35,"relics_obtained":["Bloody Idol"],"max_hp_gain":46,"max_hp_loss":11,"event_name":"betterAltar:BetterAltar","floor":29,"potions_obtained":[],"relics_lost":[],"gold_loss":0},{"damage_healed":0,"gold_gain":0,"player_choice":"Inject Mutagens","damage_taken":0,"relics_obtained":["MutagenicStrength"],"max_hp_gain":0,"max_hp_loss":0,"event_name":"Drug Dealer","floor":30,"gold_loss":0},{"damage_healed":0,"gold_gain":0,"player_choice":"Upgraded","damage_taken":0,"max_hp_gain":0,"max_hp_loss":0,"event_name":"Upgrade Shrine","floor":31,"gold_loss":0,"cards_upgraded":["Footwork"]},{"damage_healed":0,"gold_gain":0,"player_choice":"Paid","damage_taken":0,"relics_obtained":["Red Mask"],"max_hp_gain":0,"max_hp_loss":0,"event_name":"Tomb of Lord Red Mask","floor":45,"gold_loss":119},{"damage_healed":0,"gold_gain":0,"player_choice":"Max HP","damage_taken":0,"max_hp_gain":0,"max_hp_loss":4,"event_name":"Winding Halls","floor":47,"gold_loss":0},{"damage_healed":0,"gold_gain":0,"player_choice":"Fight","damage_taken":0,"max_hp_gain":0,"max_hp_loss":0,"event_name":"Mysterious Sphere","floor":48,"gold_loss":0}],"is_beta":false,"boss_relics":[{"not_picked":["Cursed Key","Fusion Hammer"],"picked":"HoveringKite"},{"not_picked":["Astrolabe","Tiny House"],"picked":"Empty Cage"}],"items_purged_floors":[10,37,53],"is_endless":false,"potions_floor_spawned":[7,8,11,22,25,35,36,38,48,54],"ascension_level":0}}