{"host":"kiczkwpc36uxnkg8","time":1611004681,"event":{"mods":["AchievementEnabler","Act Like it!","Aspiration","BaseMod","Better Note","Colored Powertips","Conspire","Defective Defect","Energized Spire","GifTheSpireLib","GungeonMod","Hermit","Hubris","Infinite Spire","Koishi","Marisa????????","Minty Spire (QoL Compilation)","Pale of the Ancients","Permanent Neow","Quick Restart","Relic Filter","Remilia??????","Replay The Spire","Spicy Shops","StSLib","Stuff the Spire","The Animator","The Bug Knight","The Kombatant","Uncapped","Wandering Minibosses"],"gold_per_floor":[119,129,129,129,155,166,91,102,126,126,139,174,174,174,174,277,277,277,277,277,217,217,217,217,217,217,217,217,217,217,217,217,217,217,217,217,217,217,217,217,217,217,217,217,217,217,217,217,217,217,217,217,217,117,117,117,117,117,117,117,117],"floor_reached":60,"language":"ENG","playtime":2478,"items_purged":["Strike_B","Dualcast","Defend_B"],"score":1562,"play_id":"94ba140c-4e08-4557-bf9c-0abfc5d0ffd8","local_time":"20210118211801","is_ascension_mode":true,"campfire_choices":[{"data":"hubris:InfiniteBlow+38","floor":10,"key":"SMITH"},{"data":"StuffTheSpire:ShieldGenerator","floor":13,"key":"SMITH"},{"data":"StuffTheSpire:ShieldGenerator+1","floor":15,"key":"SMITH"},{"data":"StuffTheSpire:Rapture","floor":25,"key":"SMITH"},{"data":"StuffTheSpire:ShieldGenerator+2","floor":28,"key":"SMITH"},{"data":"Strike_B","floor":32,"key":"PURGE"},{"data":"StuffTheSpire:ShieldGenerator+3","floor":40,"key":"SMITH"},{"data":"StuffTheSpire:ShieldGenerator+4","floor":49,"key":"SMITH"},{"data":"hubris:InfiniteBlow+39","floor":55,"key":"SMITH"},{"data":"hubris:InfiniteBlow+40","floor":57,"key":"SMITH"}],"circlet_count":0,"master_deck":["Defend_B","Defend_B","Defend_B","Zap","Sweeping Beam","hubris:InfiniteBlow+41","Sweeping Beam","StuffTheSpire:ShieldGenerator+5","StuffTheSpire:Rapture+1","ReplayTheSpireMod:GoodbyeWorld","StuffTheSpire:ShieldGenerator","Echo Form","Steam Power+1","Skim+1","Creative AI","Hello World+1","ReplaySort+1"],"relics":["hubris:Backtick","Torii","Nunchaku","Question Card","Ectoplasm","DataDisk","DemoMod:PinkGuonStone","Solar Panel","infinitespire:EvilPickle","StuffTheSpire:ModemDavis","Centennial Puzzle","Anchor","Lantern","hubris:BottledRain","Toy Ornithopter","aspiration:RandomNobGenerator","infinitespire:ShieldingShard","ReplayFunnel","paleoftheancients:Timepiece","paleoftheancients:KeyRelic","paleoftheancients:SoulOfTheCollector"],"acts_visited":["Exordium","TheCity","TheBeyond","paleoftheancients:PaleOfTheAncients"],"potions_floor_usage":[39,39,41,50,60,60],"damage_taken":[{"damage":1,"enemies":"Jaw Worm","floor":1,"turns":3},{"damage":3,"enemies":"Small Slimes","floor":2,"turns":5},{"damage":0,"enemies":"Cultist","floor":6,"turns":2},{"damage":0,"enemies":"Looter","floor":8,"turns":1},{"damage":9,"enemies":"Lots of Slimes","floor":11,"turns":3},{"damage":0,"enemies":"Gremlin Nob","floor":12,"turns":2},{"damage":0,"enemies":"Fading Forest","floor":16,"turns":3},{"damage":0,"enemies":"Shell Parasite","floor":18,"turns":1},{"damage":0,"enemies":"Spheric Guardian","floor":22,"turns":1},{"damage":0,"enemies":"Snecko","floor":23,"turns":1},{"damage":0,"enemies":"Book of Stabbing","floor":24,"turns":1},{"damage":0,"enemies":"Centurion and Healer","floor":27,"turns":4},{"damage":0,"enemies":"conspire:SneckoGhost","floor":30,"turns":1},{"damage":0,"enemies":"Chosen and Byrds","floor":31,"turns":3},{"damage":0,"enemies":"Pondfish","floor":33,"turns":3},{"damage":0,"enemies":"Orb Walker","floor":35,"turns":1},{"damage":0,"enemies":"conspire:MimicChest","floor":37,"turns":1},{"damage":0,"enemies":"3 Shapes","floor":38,"turns":6},{"damage":0,"enemies":"Jaw Worm Horde","floor":39,"turns":7},{"damage":7,"enemies":"Nemesis","floor":41,"turns":5},{"damage":0,"enemies":"Giant Head","floor":44,"turns":2},{"damage":0,"enemies":"4 Shapes","floor":45,"turns":7},{"damage":0,"enemies":"3 Darklings","floor":48,"turns":7},{"damage":10,"enemies":"Donu and Deca","floor":50,"turns":5},{"damage":0,"enemies":"Donu and Deca","floor":51,"turns":1},{"damage":0,"enemies":"Donu and Deca","floor":52,"turns":3},{"damage":0,"enemies":"Donu and Deca","floor":56,"turns":2},{"damage":235,"enemies":"paleoftheancients:N","floor":60,"turns":15}],"seed_played":"7735213782291527580","potions_obtained":[{"floor":1,"key":"SkillPotion"},{"floor":6,"key":"BlessingOfTheForge"},{"floor":8,"key":"PowerPotion"},{"floor":16,"key":"Block Potion"},{"floor":41,"key":"Dexterity Potion"},{"floor":48,"key":"Languid Potion"},{"floor":56,"key":"SkillPotion"}],"is_trial":false,"path_per_floor":["M","M","?","?","T","M","$","M","T","R","M","E","R","?","R","B",null,"M","?","?","?","M","M","E","R","T","M","R","?","E","M","R","B",null,"M","?","?","M","M","R","E","?","T","E","M","AVR","T","M","R","B","M","M","?","$","R","M","R","$","?","B"],"character_chosen":"DEFECT","items_purchased":[],"campfire_rested":0,"item_purchase_floors":[],"current_hp_per_floor":[67,64,46,46,46,46,46,46,53,53,44,44,44,44,44,44,73,73,73,73,73,73,73,73,73,80,80,80,80,80,80,80,80,87,87,65,65,65,65,65,62,62,62,62,62,62,62,66,66,89,91,93,93,93,93,93,93,93,93,0,0],"gold":117,"neow_bonus":"BOSS_RELIC","is_daily":false,"chose_seed":false,"campfire_upgraded":9,"win_rate":0.0,"timestamp":1611004681,"path_taken":["M","M","?","?","?","M","$","M","T","R","M","E","R","?","R","BOSS","M","?","?","?","?","M","E","R","T","M","R","?","E","M","R","BOSS","M","?","?","M","?","R","E","?","T","E","M","AVR","?","?","R","BOSS","M","M","?","$","R","M","R","$","?","BOSS"],"items_purchased_type":[],"build_version":"2020-12-22","purchased_purges":3,"victory":false,"max_hp_per_floor":[75,75,75,75,75,75,75,75,82,82,82,82,82,82,82,82,82,82,82,82,82,82,82,82,82,89,89,89,89,89,89,89,89,89,89,89,89,89,89,89,89,89,89,89,89,89,89,89,89,93,93,93,93,93,93,93,93,93,93,93,93],"card_choices":[{"not_picked":["ReplaySort","Compile Driver","Heatsinks"],"picked":"SKIP","floor":1},{"not_picked":["FIFO Queue","ReplaySort"],"picked":"Sweeping Beam","floor":2},{"not_picked":["infinitespire:Collect","infinitespire:DeathsTouch"],"picked":"hubris:InfiniteBlow+38","floor":3},{"not_picked":["Barrage","Crystallizer"],"picked":"Sweeping Beam","floor":6},{"not_picked":["Cold Snap","ReplayTheSpireMod:Reroute Power","Redo"],"picked":"SKIP","floor":8},{"not_picked":["Meteor Strike","Barrage"],"picked":"StuffTheSpire:ShieldGenerator","floor":11},{"not_picked":["Reinforced Body","Chill"],"picked":"Rebound","floor":12},{"not_picked":["Streamline","Hello World","Steam+1","Leap"],"picked":"SKIP","floor":18},{"not_picked":["StuffTheSpire:Brawn","StuffTheSpire:Vigor","StuffTheSpire:Perfection"],"picked":"StuffTheSpire:Rapture","floor":20},{"not_picked":["Streamline","Recycle","Time Bomb","Cold Snap"],"picked":"SKIP","floor":22},{"not_picked":["Ball Lightning","Coolheaded+1","Compile Driver","Turbo"],"picked":"SKIP","floor":23},{"not_picked":["Sunder+1","Meteor Strike","Cold Snap","Leap+1"],"picked":"SKIP","floor":24},{"not_picked":["Force Field+1","Rebound","Turbo"],"picked":"ReplayTheSpireMod:GoodbyeWorld","floor":27},{"not_picked":["StuffTheSpire:LoadUp+1","FTL","ReplayTheSpireMod:Dual Polarity","StuffTheSpire:GlassShard"],"picked":"SKIP","floor":30},{"not_picked":["Compile Driver","Go for the Eyes","StuffTheSpire:LoadUp"],"picked":"StuffTheSpire:ShieldGenerator","floor":31},{"not_picked":["Buffer","Machine Learning","StuffTheSpire:Purify"],"picked":"Echo Form","floor":33},{"not_picked":["conspire:Rain+1","BasicCrystalCard","Stack+1"],"picked":"Steam Power+1","floor":35},{"not_picked":["Coolheaded","Glacier+1","StuffTheSpire:LoadUp+1"],"picked":"Skim+1","floor":36},{"not_picked":["Reprogram","StuffTheSpire:GlassShard+1","ReplayTheSpireMod:Repulse","Cold Snap+1"],"picked":"SKIP","floor":38},{"not_picked":["Multi-Cast","BasicCrystalCard","ReplayTheSpireMod:Repulse+1","Gash+1"],"picked":"SKIP","floor":39},{"not_picked":["Ball Lightning","Barrage+1","StuffTheSpire:Synthwave+1","Panic Button"],"picked":"SKIP","floor":41},{"not_picked":["Barrage","StuffTheSpire:LoadUp+1","Loop","Rebound"],"picked":"SKIP","floor":44},{"not_picked":["Barrage+1","Force Field","Aggregate","Turbo"],"picked":"SKIP","floor":45},{"not_picked":["StuffTheSpire:CleanHardDrive+1","ReplaySolidLightProjector+1","Sweeping Beam"],"picked":"Creative AI","floor":48},{"not_picked":["Streamline","Gash","Recycle+1","Hologram"],"picked":"SKIP","floor":51},{"not_picked":["BasicCrystalCard","BootSequence","StuffTheSpire:Plugnplay"],"picked":"Hello World+1","floor":52},{"not_picked":["Beam Cell","Panic Button","Streamline+1"],"picked":"ReplaySort+1","floor":56}],"player_experience":766394,"relics_obtained":[{"floor":5,"key":"Nunchaku"},{"floor":9,"key":"Strawberry"},{"floor":12,"key":"Question Card"},{"floor":24,"key":"DataDisk"},{"floor":26,"key":"DemoMod:PinkGuonStone"},{"floor":30,"key":"Solar Panel"},{"floor":36,"key":"Centennial Puzzle"},{"floor":37,"key":"Anchor"},{"floor":41,"key":"Lantern"},{"floor":43,"key":"hubris:BottledRain"},{"floor":44,"key":"Toy Ornithopter"},{"floor":47,"key":"ReplayFunnel"},{"floor":52,"key":"paleoftheancients:SoulOfTheCollector"},{"floor":56,"key":"paleoftheancients:SoulOfTheDefect"}],"event_choices":[{"damage_healed":0,"gold_gain":0,"player_choice":"Ignored","damage_taken":0,"max_hp_gain":0,"max_hp_loss":0,"event_name":"Liars Game","floor":14,"gold_loss":0},{"damage_healed":0,"gold_gain":0,"player_choice":"Ignored","damage_taken":0,"max_hp_gain":0,"max_hp_loss":0,"event_name":"betterNote:BetterNote","floor":19,"gold_loss":0,"cards_obtained":["hermit:Snapshot"]},{"cards_removed":["Strike_B"],"damage_healed":0,"gold_gain":0,"player_choice":"Single Remove","damage_taken":0,"max_hp_gain":0,"max_hp_loss":0,"event_name":"Designer","floor":21,"gold_loss":60},{"damage_healed":0,"gold_gain":0,"player_choice":"Leave","damage_taken":0,"max_hp_gain":0,"max_hp_loss":0,"event_name":"conspire:Investor","floor":42,"gold_loss":0},{"cards_removed":["Rebound"],"damage_healed":0,"gold_gain":0,"player_choice":"Purged","damage_taken":0,"max_hp_gain":0,"max_hp_loss":0,"event_name":"Purifier","floor":53,"gold_loss":0}],"is_beta":false,"boss_relics":[{"not_picked":["ChewingGum","energizedSpire:SpiderWeb"],"picked":"Ectoplasm"},{"not_picked":["Calling Bell","ReplayTheSpireMod:DimensionalGlitch"],"picked":"StuffTheSpire:ModemDavis"}],"items_purged_floors":[7,46,54],"is_endless":false,"potions_floor_spawned":[1,6,8,16,22,27,30,33,38,39,41,48,56],"killed_by":"paleoftheancients:N","ascension_level":6}}