{"host":"th1rgt4ohg3ajuw6","time":1611001759,"event":{"mods":["Act Like it!","BaseMod","Downfall","GifTheSpireLib","Hunter ??","Minty Spire (QoL Compilation)","Pale of the Ancients","Shop Mod","StSLib","Stuff the Spire","The Bladedancer","??????REMEMod"],"gold_per_floor":[144,154,172,21,65,65,65,79,79,79,79,89,139,154,154,279,279,297,50,85,85,85,85,46,56,109,119,130,130,171,171,171,267,267,281,281,281],"floor_reached":36,"language":"ENG","playtime":2220,"items_purged":[],"score":433,"play_id":"a2e25827-8809-493f-a0c3-542219785c79","local_time":"20210118122919","is_ascension_mode":false,"campfire_choices":[{"data":"Combo Form","floor":6.0,"key":"SMITH"},{"data":"1","floor":11.0,"key":"LIFT"},{"floor":15.0,"key":"REST"},{"floor":23.0,"key":"REST"},{"floor":29.0,"key":"REST"},{"data":"2","floor":32.0,"key":"LIFT"}],"circlet_count":0,"master_deck":["Strike_Giant","Strike_Giant","Defend_Giant","Defend_Giant","Defend_Giant","CultistPetCall","EagleFirst","EagleFirst","EagleSecond","GremlinTsunderePetCall","Death Explode","Combo Defend","Protect_Giant","Combo Form+1","Pummel Giant","Combo Defend","Random Death Rattle","Combo Defend","Commander_Giant","ByrdPetCall","Recover HP","Random Death Rattle","Combo Recycle","Clone Minion","TakeAction_Giant","Hunter Bow","Mana Growth+1","Shame","Trace_Giant","CultistForm","Chill","Struggle Attack+1","One Blood","CurseOfTheBell","GremlinTsunderePetCall+1"],"relics":["GiantSoulBox","REME_ComplimentaryCards","CultistMask","Girya","GiantSoulStone","Cursed Key","Lantern","Red Mask","Enchiridion","Boot","Calling Bell","StuffTheSpire:OldFever","Shuriken","TungstenRod"],"acts_visited":["Exordium","TheCity","TheBeyond"],"potions_floor_usage":[33,33,33,33],"damage_taken":[{"damage":0.0,"enemies":"2 Louse","floor":1.0,"turns":3.0},{"damage":0.0,"enemies":"Cultist","floor":2.0,"turns":4.0},{"damage":3.0,"enemies":"Jaw Worm","floor":3.0,"turns":4.0},{"damage":4.0,"enemies":"Red Slaver","floor":5.0,"turns":4.0},{"damage":11.0,"enemies":"Looter","floor":8.0,"turns":4.0},{"damage":2.0,"enemies":"Large Slime","floor":12.0,"turns":6.0},{"damage":7.0,"enemies":"Blue Slaver","floor":13.0,"turns":2.0},{"damage":10.0,"enemies":"Exordium Wildlife","floor":14.0,"turns":5.0},{"damage":41.0,"enemies":"The Guardian","floor":16.0,"turns":13.0},{"damage":25.0,"enemies":"2 Thieves","floor":18.0,"turns":4.0},{"damage":29.0,"enemies":"Masked Bandits","floor":20.0,"turns":6.0},{"damage":1.0,"enemies":"Chosen","floor":25.0,"turns":5.0},{"damage":46.0,"enemies":"3 Cultists","floor":27.0,"turns":6.0},{"damage":18.0,"enemies":"Snake Plant","floor":28.0,"turns":4.0},{"damage":5.0,"enemies":"Centurion and Healer","floor":30.0,"turns":7.0},{"damage":64,"enemies":"Champ","floor":33,"turns":11},{"damage":89,"enemies":"3 Shapes","floor":35,"turns":5},{"damage":6,"enemies":"Orb Walker","floor":36,"turns":1}],"seed_played":"-5535902154783104517","potions_obtained":[{"floor":2.0,"key":"EssenceOfSteel"},{"floor":12.0,"key":"AttackPotion"},{"floor":16.0,"key":"champ:CounterPotion"},{"floor":25.0,"key":"EntropicBrew"},{"floor":33,"key":"REME_GoldPotion"}],"is_trial":false,"path_per_floor":["M","M","M","$","M","R","?","M","T","?","R","M","M","M","R","B",null,"M","$","?","?","?","R","$","M","T","M","M","R","M","?","R","B",null,"M","M"],"character_chosen":"Giant","items_purchased":["Protect_Giant","Combo Form","Pummel Giant","Combo Recycle","Clone Minion","Lantern","Hunter Bow"],"campfire_rested":3,"item_purchase_floors":[4,4,4,19,19,19,24],"current_hp_per_floor":[71,71,68,68,69,69,69,58,58,58,58,60,58,48,72,44,86,65,65,55,55,39,64,64,73,73,53,35,60,66,66,66,17,91,2,0,0],"gold":281,"neow_bonus":"TEN_PERCENT_HP_BONUS","is_daily":false,"chose_seed":false,"campfire_upgraded":1,"win_rate":0.0,"timestamp":1611001759,"path_taken":["M","M","M","$","M","R","?","?","T","?","R","?","M","M","R","BOSS","M","$","?","?","?","R","?","?","T","M","M","R","M","?","R","BOSS","M","?"],"items_purchased_type":["Card","Card","Card","Card","Card","Relic","Card"],"build_version":"2020-12-22","purchased_purges":0,"victory":false,"max_hp_per_floor":[71,71,71,71,76,76,76,76,76,76,76,76,81,81,81,86,86,86,86,86,86,86,86,86,86,86,86,86,86,91,91,91,91,91,91,91,91],"card_choices":[{"not_picked":["Trace_Giant","Backflip Giant"],"picked":"GremlinTsunderePetCall","floor":1.0},{"not_picked":["Revenge Attack","Death Prophecy"],"picked":"Death Explode","floor":2.0},{"not_picked":["Hunter Bow","Clone Minion"],"picked":"Combo Defend","floor":3.0},{"not_picked":["CultistForm","Trace_Giant"],"picked":"Combo Defend","floor":5.0},{"not_picked":["Fanatic Cultist","Unlimited Combo"],"picked":"Random Death Rattle","floor":8.0},{"not_picked":["Death Explode","Combo Form"],"picked":"Commander_Giant","floor":12.0},{"not_picked":["Hunter Bow","Backflip Giant"],"picked":"Discover Combo","floor":13.0},{"not_picked":["Ready_Giant","Random Death Rattle"],"picked":"ByrdPetCall","floor":14.0},{"not_picked":["Beast Master","Time Travel"],"picked":"Recover HP","floor":16.0},{"not_picked":["Seek Combo","Death Prophecy"],"picked":"Random Death Rattle","floor":18.0},{"not_picked":["Trace_Giant","Fanatic Cultist"],"picked":"TakeAction_Giant","floor":20.0},{"not_picked":["Trace_Giant","Fanatic Cultist"],"picked":"Mana Growth+1","floor":25.0},{"not_picked":["Sacrifice Summons","TakeAction_Giant"],"picked":"Trace_Giant","floor":27.0},{"not_picked":["Hunter Bow","Combo Recycle+1"],"picked":"CultistForm","floor":28.0},{"not_picked":["Trace_Giant","Blood Defend+1"],"picked":"Struggle Attack+1","floor":30.0},{"not_picked":["Storm Of Blood","Echo Attack"],"picked":"One Blood","floor":33},{"not_picked":["AttackPoison_Giant","ByrdPetCall"],"picked":"GremlinTsunderePetCall+1","floor":35}],"player_experience":242495,"relics_obtained":[{"floor":9.0,"key":"Girya"},{"floor":16.0,"key":"GiantSoulStone"},{"floor":20.0,"key":"Red Mask"},{"floor":22.0,"key":"Enchiridion"},{"floor":26.0,"key":"Boot"},{"floor":34,"key":"StuffTheSpire:OldFever"},{"floor":34,"key":"Shuriken"},{"floor":34,"key":"TungstenRod"}],"event_choices":[{"damage_healed":0.0,"max_hp_gain":0.0,"max_hp_loss":0.0,"gold_gain":0.0,"event_name":"FaceTrader","player_choice":"Trade","floor":7.0,"gold_loss":0.0,"damage_taken":0.0,"relics_obtained":["CultistMask"]},{"damage_healed":0.0,"max_hp_gain":0.0,"max_hp_loss":0.0,"gold_gain":0.0,"cards_transformed":["Defend_Giant"],"event_name":"Transmorgrifier","player_choice":"Transformed","floor":10.0,"gold_loss":0.0,"damage_taken":0.0,"cards_obtained":["Combo Defend"]},{"damage_healed":0.0,"max_hp_gain":0.0,"max_hp_loss":0.0,"gold_gain":0.0,"event_name":"Masked Bandits","player_choice":"Fought Bandits","floor":20.0,"gold_loss":0.0,"damage_taken":0.0},{"damage_healed":0.0,"max_hp_gain":0.0,"max_hp_loss":0.0,"gold_gain":0.0,"event_name":"Vampires","player_choice":"Ignored","floor":21.0,"gold_loss":0.0,"damage_taken":0.0},{"damage_healed":0.0,"max_hp_gain":0.0,"max_hp_loss":0.0,"gold_gain":0.0,"event_name":"Cursed Tome","player_choice":"Obtained Book","floor":22.0,"gold_loss":0.0,"damage_taken":16.0},{"cards_removed":["Discover Combo"],"damage_healed":0.0,"max_hp_gain":0.0,"max_hp_loss":0.0,"gold_gain":0.0,"event_name":"Purifier","player_choice":"Purged","floor":31.0,"gold_loss":0.0,"damage_taken":0.0}],"is_beta":false,"boss_relics":[{"not_picked":["REME_DemonsWealth","StuffTheSpire:Kangaroo"],"picked":"Cursed Key"},{"not_picked":["REME_DuelDisc","Astrolabe"],"picked":"Calling Bell"}],"items_purged_floors":[],"is_endless":false,"potions_floor_spawned":[2,12,16,25,30,33],"killed_by":"Orb Walker","ascension_level":0}}