{"host":"3zhcrllo23fhqv4x","time":1611013394,"event":{"mods":["AchievementEnabler","BaseMod","Downfall","Hermit","Jorbs\u0027s Wanderer Trilogy","Marisa????????","Minty Spire (QoL Compilation)","Remilia??????","StSLib","The Cursed","The Disciple","The Hierophant","The Runesmith","The Servant 0.9.4"],"gold_per_floor":[99,109,109,123,123,138,164,180,20,20,37,48,48,48,62,163,163,63,73,93,78,178,198,198,217,232,243,243,143,163,183,201,300,300,300,320,157,207,218,218,218,230,245,259,276,55,55,55,68,68,68,68],"floor_reached":50,"language":"ENG","playtime":2376,"items_purged":[],"score":496,"play_id":"d0553253-2590-4087-aa86-60fffbfe0de3","local_time":"20210118184314","is_ascension_mode":false,"campfire_choices":[{"floor":1.0,"key":"RECALL"},{"data":"Slimebound:SplitAcid","floor":10.0,"key":"SMITH"},{"floor":18.0,"key":"REST"},{"floor":29.0,"key":"REST"}],"circlet_count":0,"master_deck":["Slimebound:Strike_Slimebound","Slimebound:Strike_Slimebound","Slimebound:Strike_Slimebound","Slimebound:Tackle+1","Slimebound:Defend_Slimebound","Slimebound:Defend_Slimebound","Slimebound:Defend_Slimebound","Slimebound:Split","Slimebound:CorrosiveSpit","Slimebound:LeechLife+1","Slimebound:ItLooksTasty+1","Slimebound:SlimeSpikes","Slimebound:SplitAcid+1","Slimebound:GoopSpray","Slimebound:SlimeSpikes","Slimebound:Equalize","Slimebound:SplitLeeching","Slimebound:SelfFormingGoo","Slimebound:SplitLeeching+1","Slimebound:GoopSpray+1","Slimebound:PressTheAttack","Slimebound:SplitAcid","Slimebound:Schlurp","Slimebound:SlimeSpikes+1","Slimebound:PressTheAttack","Slimebound:LevelUp","Slimebound:SplitBruiser+1","Slimebound:LivingWall","Slimebound:Darklings","Slimebound:Schlurp","Slimebound:LeechingTouch","Slimebound:SplitSpecialist","Slimebound:Recollect+1","Slimebound:ItLooksTasty+1","Slimebound:SplitMire+1","Slimebound:DisruptingSlam+1","Slimebound:HungryTackle+1","Slimebound:DuplicatedForm","Slimebound:DivideAndConquer+1","Parasite","Slimebound:ComboTackle+1","Slimebound:ItLooksTasty+1","Slimebound:RainOfGoop+1","Slimebound:SamplingLick","Slimebound:MassFeed","Slimebound:MegaLick"],"relics":["Slimebound:AbsorbEndCombat","Membership Card","Fusion Hammer","downfall:HeartBlessingRed","Blue Candle","downfall:HeartBlessingBlue","Coffee Dripper","Toy Ornithopter","Orrery","Thread and Needle","Whetstone","Meat on the Bone"],"acts_visited":["Exordium","TheCity","TheBeyond"],"potions_floor_usage":[44,49,50,50],"damage_taken":[{"damage":5.0,"enemies":"Cultist","floor":2.0,"turns":4.0},{"damage":1.0,"enemies":"Jaw Worm","floor":4.0,"turns":5.0},{"damage":2.0,"enemies":"Small Slimes","floor":6.0,"turns":4.0},{"damage":14.0,"enemies":"3 Louse","floor":8.0,"turns":3.0},{"damage":0.0,"enemies":"downfall:FleeingMerchant","floor":9.0,"turns":4.0},{"damage":10.0,"enemies":"Large Slime","floor":11.0,"turns":7.0},{"damage":7.0,"enemies":"Lots of Slimes","floor":12.0,"turns":2.0},{"damage":11.0,"enemies":"Gremlin Gang","floor":15.0,"turns":3.0},{"damage":62.0,"enemies":"WA_ARCHETYPE_RETAIN","floor":16.0,"turns":9.0},{"damage":19.0,"enemies":"Chosen","floor":19.0,"turns":5.0},{"damage":14.0,"enemies":"Spheric Guardian","floor":20.0,"turns":5.0},{"damage":0.0,"enemies":"downfall:FleeingMerchant","floor":21.0,"turns":4.0},{"damage":0.0,"enemies":"Snecko","floor":23.0,"turns":4.0},{"damage":11.0,"enemies":"Snake Plant","floor":25.0,"turns":4.0},{"damage":23.0,"enemies":"Centurion and Healer","floor":26.0,"turns":5.0},{"damage":12.0,"enemies":"Snecko","floor":27.0,"turns":5.0},{"damage":22.0,"enemies":"Sentry and Sphere","floor":30.0,"turns":7.0},{"damage":7.0,"enemies":"3 Cultists","floor":31.0,"turns":4.0},{"damage":10.0,"enemies":"Snake Plant","floor":32.0,"turns":4.0},{"damage":74.0,"enemies":"DF_ARCHETYPE_CLAW","floor":33.0,"turns":11.0},{"damage":3,"enemies":"Orb Walker","floor":36,"turns":3},{"damage":1,"enemies":"downfall:FleeingMerchant","floor":37,"turns":4},{"damage":3,"enemies":"downfall:FleeingMerchant","floor":38,"turns":7},{"damage":0,"enemies":"3 Shapes","floor":39,"turns":2},{"damage":5,"enemies":"Sphere and 2 Shapes","floor":42,"turns":4},{"damage":15,"enemies":"Writhing Mass","floor":43,"turns":5},{"damage":40,"enemies":"Maw","floor":44,"turns":6},{"damage":26,"enemies":"Sphere and 2 Shapes","floor":45,"turns":4},{"damage":10,"enemies":"downfall:FleeingMerchant","floor":46,"turns":4},{"damage":9,"enemies":"3 Darklings","floor":49,"turns":5},{"damage":67,"enemies":"SI_POISON_ARCHETYPE","floor":50,"turns":8}],"seed_played":"2138980593494852958","potions_obtained":[{"floor":6.0,"key":"FearPotion"},{"floor":8.0,"key":"AttackPotion"},{"floor":12.0,"key":"FearPotion"},{"floor":16.0,"key":"Weak Potion"},{"floor":19.0,"key":"FearPotion"},{"floor":23.0,"key":"Slimebound:SpawnSlimePotion"},{"floor":27.0,"key":"FearPotion"},{"floor":31.0,"key":"Energy Potion"},{"floor":33.0,"key":"AttackPotion"},{"floor":36,"key":"FearPotion"},{"floor":42,"key":"Explosive Potion"},{"floor":44,"key":"Fire Potion"},{"floor":45,"key":"ColorlessPotion"}],"is_trial":false,"path_per_floor":["R","M","?","M","?","M","T","M","$","R","M","M","?","?","M","B",null,"R","M","M","$","?","M","T","M","M","M","?","R","M","M","M","B",null,"R","M","$","?","M","?","T","M","M","M","M","$","R","?","M","B"],"character_chosen":"SLIMEBOUND","items_purchased":["Membership Card","Toy Ornithopter","Orrery","Meat on the Bone","Slimebound:MassFeed"],"campfire_rested":2,"item_purchase_floors":[9,37,37,46,46],"current_hp_per_floor":[65,62,62,63,63,62,62,50,52,52,49,42,47,52,60,19,70,70,51,39,45,45,56,56,50,40,34,34,68,64,64,61,14,80,80,77,78,80,80,80,80,76,80,56,38,35,35,35,46,0,0,0],"gold":68,"neow_bonus":"ONE_RANDOM_RARE_CARD","is_daily":false,"chose_seed":false,"campfire_upgraded":1,"win_rate":0.0,"timestamp":1611013394,"path_taken":["R","?","?","?","?","M","T","M","$","R","M","M","?","?","M","BOSS","R","M","M","$","?","?","T","M","?","M","?","R","M","M","M","BOSS","R","M","$","?","M","?","T","?","M","M","M","$","R","?","M","BOSS"],"items_purchased_type":["Relic","Relic","Relic","Relic","Card"],"build_version":"2020-12-22","purchased_purges":0,"victory":false,"max_hp_per_floor":[65,65,65,65,65,65,65,65,65,65,65,65,70,70,70,70,70,70,70,70,70,70,70,70,70,70,70,70,80,80,80,80,80,80,80,80,80,80,80,80,80,80,80,80,80,80,80,80,80,80,80,80],"card_choices":[{"not_picked":["Slimebound:LeadByExample","Slimebound:AcidTongue"],"picked":"Slimebound:ItLooksTasty","floor":2.0},{"not_picked":["Slimebound:LeechEnergy","Slimebound:OneTwoCombo"],"picked":"Slimebound:SlimeSpikes","floor":4.0},{"not_picked":["Slimebound:GoopSpray","Slimebound:FormOfPuddle"],"picked":"Slimebound:SplitAcid","floor":6.0},{"not_picked":["Slimebound:ServeAndProtect","Slimebound:SplitBruiser"],"picked":"Slimebound:GoopSpray","floor":8.0},{"not_picked":["Slimebound:ComboTackle","Slimebound:LeadByExample"],"picked":"Slimebound:SlimeSpikes","floor":9.0},{"not_picked":["Slimebound:SlimeSpikes","Slimebound:Overexert"],"picked":"Slimebound:Equalize","floor":11.0},{"not_picked":["Slimebound:GoopTackle","Slimebound:GrowthPunch"],"picked":"Slimebound:LivingWall","floor":12.0},{"not_picked":["Slimebound:LeechingTouch","Slimebound:GoopSpray"],"picked":"Slimebound:SplitLeeching","floor":15.0},{"not_picked":["Slimebound:OneTwoCombo","Slimebound:WasteNot"],"picked":"Slimebound:SelfFormingGoo","floor":16.0},{"not_picked":["Slimebound:LeechEnergy","Slimebound:SplitAcid"],"picked":"Slimebound:SplitLeeching+1","floor":19.0},{"not_picked":["Slimebound:LeadByExample+1","Slimebound:Equalize"],"picked":"Slimebound:GoopSpray+1","floor":20.0},{"not_picked":["Slimebound:HungryTackle","Slimebound:SplitLeeching"],"picked":"Slimebound:PressTheAttack","floor":21.0},{"not_picked":["Slimebound:ItLooksTasty","Slimebound:BestDefense"],"picked":"Slimebound:SplitAcid","floor":23.0},{"not_picked":["Slimebound:DouseInSlime","Slimebound:PressTheAttack"],"picked":"Slimebound:Schlurp","floor":25.0},{"not_picked":["Slimebound:RollThrough","Slimebound:Prepare"],"picked":"Slimebound:SlimeSpikes+1","floor":26.0},{"not_picked":["Slimebound:FinishingTackle","Slimebound:SplitAcid"],"picked":"Slimebound:PressTheAttack","floor":27.0},{"not_picked":["Slimebound:Nibble","Slimebound:SplitBruiser"],"picked":"Slimebound:LevelUp","floor":30.0},{"not_picked":["Slimebound:GoopTackle","Slimebound:BestDefense"],"picked":"Slimebound:SplitBruiser+1","floor":31.0},{"not_picked":["Slimebound:Schlurp","Slimebound:CheckThePlaybook"],"picked":"Slimebound:LivingWall","floor":32.0},{"not_picked":["Slimebound:FirmFortitude","Slimebound:Overexert"],"picked":"Slimebound:Darklings","floor":33.0},{"not_picked":["Slimebound:FinishingTackle","Slimebound:RollThrough+1"],"picked":"Slimebound:Schlurp","floor":36},{"not_picked":["Slimebound:RollThrough+1","Slimebound:AcidTongue+1"],"picked":"Slimebound:LeechingTouch","floor":37},{"not_picked":["Slimebound:SamplingLick","Slimebound:ServeAndProtect+1"],"picked":"Slimebound:SplitSpecialist","floor":37},{"not_picked":["Slimebound:SplitAcid","Slimebound:SlimeSpikes+1"],"picked":"Slimebound:Recollect+1","floor":37},{"not_picked":["Slimebound:HauntingLick","Slimebound:HungryTackle"],"picked":"Slimebound:ItLooksTasty+1","floor":37},{"not_picked":["Slimebound:SamplingLick+1","Slimebound:SlimeSpikes+1"],"picked":"Slimebound:SplitMire+1","floor":37},{"not_picked":["Slimebound:SplitAcid+1","Slimebound:GoopTackle+1"],"picked":"Slimebound:DisruptingSlam+1","floor":37},{"not_picked":["Slimebound:SplitLeeching","Slimebound:SlimeSpikes+1"],"picked":"Slimebound:HungryTackle+1","floor":38},{"not_picked":["Slimebound:FinishingTackle+1","Slimebound:GoopTackle"],"picked":"Slimebound:DuplicatedForm","floor":39},{"not_picked":["Slimebound:GoopSpray+1","Slimebound:LeechEnergy+1"],"picked":"Slimebound:DivideAndConquer+1","floor":42},{"not_picked":["Slimebound:Replication","Slimebound:RollThrough"],"picked":"Slimebound:ComboTackle+1","floor":43},{"not_picked":["Slimebound:GoopTackle","Slimebound:Grow+1"],"picked":"Slimebound:ItLooksTasty+1","floor":44},{"not_picked":["Slimebound:LeechEnergy","Slimebound:HungryTackle"],"picked":"Slimebound:RainOfGoop+1","floor":45},{"not_picked":["Slimebound:ForwardTackle","Slimebound:FinishingTackle+1"],"picked":"Slimebound:SamplingLick","floor":46},{"not_picked":["Slimebound:FormOfPuddle","Slimebound:Schlurp+1"],"picked":"Slimebound:MegaLick","floor":49}],"player_experience":310126,"relics_obtained":[{"floor":24.0,"key":"Blue Candle"},{"floor":38,"key":"Thread and Needle"},{"floor":41,"key":"Whetstone"}],"event_choices":[{"damage_healed":0.0,"max_hp_gain":0.0,"max_hp_loss":0.0,"gold_gain":0.0,"event_name":"Living Wall","player_choice":"Grow","floor":5.0,"gold_loss":0.0,"damage_taken":0.0,"cards_upgraded":["Slimebound:LeechLife"]},{"damage_healed":0.0,"max_hp_gain":5.0,"max_hp_loss":0.0,"gold_gain":0.0,"event_name":"Big Fish","player_choice":"Donut","floor":13.0,"gold_loss":0.0,"damage_taken":0.0},{"cards_removed":["Slimebound:LivingWall"],"damage_healed":5.0,"max_hp_gain":0.0,"max_hp_loss":0.0,"gold_gain":0.0,"event_name":"Bonfire Elementals","player_choice":"Offered Common","floor":14.0,"gold_loss":0.0,"damage_taken":0.0},{"cards_removed":["Slimebound:LivingWall"],"damage_healed":5.0,"max_hp_gain":0.0,"max_hp_loss":0.0,"gold_gain":0.0,"event_name":"Bonfire Elementals","player_choice":"Offered Special","floor":14.0,"gold_loss":0.0,"damage_taken":0.0},{"damage_healed":0.0,"max_hp_gain":0.0,"max_hp_loss":0.0,"gold_gain":0.0,"event_name":"Ghosts","player_choice":"Ignored","floor":28.0,"gold_loss":0.0,"damage_taken":0.0},{"cards_removed":["Slimebound:Defend_Slimebound"],"damage_healed":0,"gold_gain":0,"player_choice":"Removed Skill","damage_taken":0,"max_hp_gain":0,"max_hp_loss":0,"event_name":"Falling","floor":48,"gold_loss":0}],"is_beta":false,"boss_relics":[{"not_picked":["Cursed Key","Astrolabe"],"picked":"Fusion Hammer"},{"not_picked":["Snecko Eye","Slimebound:TarBlob"],"picked":"Coffee Dripper"}],"items_purged_floors":[],"is_endless":false,"potions_floor_spawned":[6,8,12,16,19,23,27,31,33,36,42,44,45],"killed_by":"SI_POISON_ARCHETYPE","ascension_level":0}}