{"host":"l1bfbgeb3oxa8ieg","time":1611005657,"event":{"mods":["AlwaysNeverKeys","Aspiration","BaseMod","Beaked The Cultist","Better Match","Better Note","Better Third Choice","BetterRewards","Colored Powertips","Conspire","Energized Spire","Fiend Mod","Friendly Minions","Halation","Infinite Spire","Minty Spire (QoL Compilation)","Permanent Neow","Quick Restart","Replay The Spire","Shop Mod","Spicy Shops","Spikes Relics","StSLib","TestMod","The Blackbeard","The Mystic","The Necromancer","Uncapped","UnlockEverythingMod","vexMod"],"gold_per_floor":[110,128,203,203,203,203,221,294,319,319,351,370,144,159,159,159,159],"floor_reached":16,"language":"ENG","playtime":875,"items_purged":[],"score":100,"play_id":"cf7735df-a821-4a3b-8b1b-174c1fe5ba99","local_time":"20210118223417","is_ascension_mode":false,"campfire_choices":[{"data":"Caltrops","floor":6,"key":"SMITH"},{"data":"Neutralize","floor":10,"key":"SMITH"},{"floor":15,"key":"REST"}],"circlet_count":0,"master_deck":["Strike_G","Strike_G","Strike_G","Strike_G","Strike_G","Defend_G","Defend_G","Defend_G","Defend_G","Defend_G","Survivor","Neutralize+1","Caltrops+1","Escape Plan","Burn","Flying Knee","Outmaneuver","Acrobatics","Tactician","Caltrops"],"relics":["Ring of the Snake","testmod-TestBox","NeowsBlessing","Replay:WaspNest","SnailShell","Happy Flower","Bronze Scales"],"acts_visited":["Exordium"],"potions_floor_usage":[16,16],"damage_taken":[{"damage":0,"enemies":"Cultist","floor":1,"turns":1},{"damage":0,"enemies":"Small Slimes","floor":2,"turns":1},{"damage":0,"enemies":"2 Louse","floor":7,"turns":1},{"damage":31,"enemies":"Lagavulin","floor":11,"turns":9},{"damage":0,"enemies":"Looter","floor":12,"turns":4},{"damage":9,"enemies":"Exordium Wildlife","floor":14,"turns":5},{"damage":46,"enemies":"Slime Boss","floor":16,"turns":11}],"seed_played":"-8564190159962589150","potions_obtained":[{"floor":2,"key":"CunningPotion"},{"floor":7,"key":"Fire Potion"},{"floor":14,"key":"EssenceOfSteel"}],"is_trial":false,"path_per_floor":["M","M","?","?","?","R","M","T","T","R","E","M","$","M","R","B"],"character_chosen":"THE_SILENT","items_purchased":["Tactician","Bronze Scales"],"campfire_rested":1,"item_purchase_floors":[13,13],"current_hp_per_floor":[70,70,59,64,64,64,64,64,64,64,33,33,33,24,46,0,0],"gold":159,"neow_bonus":"THREE_ENEMY_KILL","is_daily":false,"chose_seed":false,"campfire_upgraded":2,"win_rate":0.0,"timestamp":1611005657,"path_taken":["M","M","?","?","?","R","M","?","T","R","E","M","?","?","R","BOSS"],"items_purchased_type":["Card","Relic"],"build_version":"2020-12-22","purchased_purges":0,"victory":false,"max_hp_per_floor":[70,70,70,75,75,75,75,75,75,75,75,75,75,75,75,75,75],"card_choices":[{"not_picked":["Sneak Up","ReplayTheSpireMod:Shiv Toss"],"picked":"Caltrops","floor":1},{"not_picked":["Underhanded Strike","Calculated Gamble"],"picked":"Escape Plan","floor":2},{"not_picked":["Dodge and Roll","Hidden Blade"],"picked":"Flying Knee","floor":7},{"not_picked":["ReplayTheSpireMod:Shiv Toss","Heel Hook"],"picked":"Outmaneuver","floor":11},{"not_picked":["Catalyst","Poisoned Stab"],"picked":"Acrobatics","floor":12},{"not_picked":["InfectiousVector","Outmaneuver"],"picked":"Caltrops","floor":14}],"player_experience":204071,"relics_obtained":[{"floor":8,"key":"Replay:WaspNest"},{"floor":9,"key":"SnailShell"},{"floor":11,"key":"Happy Flower"}],"event_choices":[{"damage_healed":0,"gold_gain":75,"player_choice":"Gold","damage_taken":11,"max_hp_gain":0,"max_hp_loss":0,"event_name":"betterThird:BetterGoop","floor":3,"gold_loss":0},{"damage_healed":0,"gold_gain":0,"player_choice":"Donut","damage_taken":0,"max_hp_gain":5,"max_hp_loss":0,"event_name":"Big Fish","floor":4,"gold_loss":0},{"damage_healed":64,"gold_gain":0,"player_choice":"Embrace Burn","damage_taken":0,"max_hp_gain":0,"max_hp_loss":75,"event_name":"betterThird:BetterShining","floor":5,"gold_loss":0}],"is_beta":false,"boss_relics":[],"items_purged_floors":[],"is_endless":false,"potions_floor_spawned":[2,7,14],"killed_by":"Slime Boss","ascension_level":0}}