{"host":"Jedit","time":1611013338,"event":{"mods":["BaseMod","Downfall","Minty Spire (QoL Compilation)","Relic Stats","StSLib"],"gold_per_floor":[115,115,31,51,51,85,85,102,102,114,131,147,147,173,173,272,272,283,6,276,287,107,107,135,135,135,135,151,76,102,102,102,201,201,216,231,246,246,246],"floor_reached":38,"language":"ENG","playtime":2168,"items_purged":["bronze:Strike","bronze:Strike"],"score":466,"play_id":"f5092f81-6a25-494e-a125-81dbafe14817","local_time":"20210118234218","is_ascension_mode":true,"campfire_choices":[{"data":"bronze:Constructor","floor":7,"key":"SMITH"},{"floor":13,"key":"REST"},{"floor":15,"key":"REST"},{"data":"bronze:TinkerersToolbox","floor":23,"key":"SMITH"},{"data":"bronze:InfiniteBeams","floor":25,"key":"SMITH"},{"floor":27,"key":"REST"},{"data":"bronze:BronzeOrb","floor":32,"key":"SMITH"}],"circlet_count":0,"master_deck":["bronze:Strike","bronze:Defend","bronze:Defend","bronze:Defend","bronze:Defend","bronze:Replicate","bronze:Goto","bronze:Shell","bronze:Spike","bronze:Deprecate","bronze:Flail","bronze:Constructor+1","bronze:Iterate","bronze:Branch","bronze:Separator","bronze:Branch","bronze:DelayedSlice","bronze:Repair","bronze:DelayedGuard","bronze:Verify","bronze:CutThrough","bronze:TinkerersToolbox+1","bronze:NullPointer","bronze:Overheat+1","bronze:InfiniteBeams+1","bronze:WhirlingStrike","Parasite","bronze:BronzeOrb+1","bronze:Safeguard","bronze:Philosophize","bronze:Virus","bronze:OilSpill","bronze:Frontload","bronze:FineTuning"],"relics":["bronze:BronzeCore","NeowsBlessing","Bottled Lightning","Kunai","Regal Pillow","Cursed Key","Dream Catcher","Anchor","Lantern","FaceOfCleric","sneckomod:SneckoTalon"],"acts_visited":["Exordium","TheCity","TheBeyond"],"potions_floor_usage":[6,21,24,35,37,37,38],"damage_taken":[{"damage":0,"enemies":"2 Louse","floor":1,"turns":1},{"damage":0,"enemies":"2 Louse","floor":2,"turns":1},{"damage":0,"enemies":"Jaw Worm","floor":4,"turns":1},{"damage":44,"enemies":"Gremlin Nob","floor":6,"turns":6},{"damage":0,"enemies":"Cultist","floor":8,"turns":4},{"damage":2,"enemies":"Red Slaver","floor":10,"turns":3},{"damage":0,"enemies":"Exordium Wildlife","floor":11,"turns":3},{"damage":11,"enemies":"Looter","floor":12,"turns":3},{"damage":27,"enemies":"Lagavulin","floor":14,"turns":8},{"damage":25,"enemies":"Slime Boss","floor":16,"turns":11},{"damage":0,"enemies":"Spheric Guardian","floor":18,"turns":4},{"damage":4,"enemies":"2 Thieves","floor":21,"turns":3},{"damage":18,"enemies":"Book of Stabbing","floor":24,"turns":6},{"damage":6,"enemies":"Sentry and Sphere","floor":28,"turns":5},{"damage":17,"enemies":"Slavers","floor":30,"turns":6},{"damage":2,"enemies":"Champ","floor":33,"turns":12},{"damage":39,"enemies":"3 Shapes","floor":35,"turns":9},{"damage":2,"enemies":"Orb Walker","floor":36,"turns":4},{"damage":52,"enemies":"Sphere and 2 Shapes","floor":37,"turns":10},{"damage":48,"enemies":"Writhing Mass","floor":38,"turns":5}],"seed_played":"-4653514554988274634","potions_obtained":[{"floor":1,"key":"Weak Potion"},{"floor":2,"key":"Guardian:BlockOnCardUsePotion"},{"floor":4,"key":"Weak Potion"},{"floor":10,"key":"GamblersBrew"},{"floor":16,"key":"Fruit Juice"},{"floor":21,"key":"FearPotion"},{"floor":24,"key":"Energy Potion"},{"floor":35,"key":"champ:CounterPotion"},{"floor":36,"key":"LiquidMemories"},{"floor":37,"key":"FairyPotion"}],"is_trial":false,"path_per_floor":["M","?","$","M","$","E","R","M","T","M","M","M","R","E","R","B",null,"M","$","?","M","$","R","E","R","T","R","M","?","E","?","R","B",null,"M","M","M","M"],"character_chosen":"THE_AUTOMATON","items_purchased":["bronze:Flail","bronze:Constructor","bronze:TinkerersToolbox","bronze:NullPointer","bronze:InfiniteBeams"],"campfire_rested":3,"item_purchase_floors":[3,3,19,19,22],"current_hp_per_floor":[70,70,70,70,70,26,26,26,26,24,24,13,34,14,50,32,70,70,70,43,46,46,46,35,35,35,70,70,70,53,53,53,59,71,40,46,7,0,0],"gold":246,"neow_bonus":"THREE_ENEMY_KILL","is_daily":false,"chose_seed":false,"campfire_upgraded":4,"win_rate":0.0,"timestamp":1611013338,"path_taken":["M","?","?","M","$","E","R","M","T","M","M","M","R","E","R","BOSS","M","$","?","?","$","R","E","R","T","R","M","?","E","?","R","BOSS","M","?","M","M"],"items_purchased_type":["Card","Card","Card","Card","Card"],"build_version":"2020-12-18","purchased_purges":2,"victory":false,"max_hp_per_floor":[70,70,70,70,70,70,70,70,70,70,70,70,70,70,70,70,70,70,70,70,70,70,70,70,70,70,70,70,70,70,70,70,71,71,72,73,79,79,79],"relic_stats":{"Regal Pillow":29,"Dream Catcher":1,"FaceOfCleric":4,"counters":[20,105],"Kunai":[57],"Cursed Key":1,"obtain_stats":[{"Regal Pillow":14,"Dream Catcher":24,"Anchor":26,"Lantern":30,"bronze:BronzeCore":0,"NeowsBlessing":0,"FaceOfCleric":31,"Bottled Lightning":6,"Kunai":9,"Cursed Key":17,"sneckomod:SneckoTalon":34},{"Regal Pillow":9,"Dream Catcher":13,"Anchor":13,"Lantern":15,"bronze:BronzeCore":0,"NeowsBlessing":0,"FaceOfCleric":15,"Bottled Lightning":4,"Kunai":5,"Cursed Key":10,"sneckomod:SneckoTalon":16},{"Regal Pillow":30,"Dream Catcher":54,"Anchor":54,"Lantern":65,"bronze:BronzeCore":0,"NeowsBlessing":0,"FaceOfCleric":65,"Bottled Lightning":9,"Kunai":13,"Cursed Key":41,"sneckomod:SneckoTalon":77}]},"card_choices":[{"not_picked":["bronze:Shield","bronze:BugBarrage"],"picked":"bronze:Shell","floor":1},{"not_picked":[],"picked":"bronze:Spike","floor":2},{"not_picked":["bronze:Shield","bronze:BugBarrage"],"picked":"bronze:Deprecate","floor":2},{"not_picked":["bronze:DelayedSlice","bronze:ChildClass"],"picked":"bronze:Iterate","floor":4},{"not_picked":["bronze:FindAndReplace","bronze:BugBarrage"],"picked":"bronze:Branch","floor":6},{"not_picked":["bronze:Return","bronze:BugBarrage"],"picked":"bronze:Separator","floor":8},{"not_picked":["bronze:Turbo","bronze:Shield"],"picked":"bronze:Branch","floor":10},{"not_picked":["bronze:WildBeam","bronze:BugBarrage"],"picked":"bronze:DelayedSlice","floor":11},{"not_picked":["bronze:BugBarrage","bronze:Separator"],"picked":"bronze:Repair","floor":12},{"not_picked":["bronze:Repulsor","bronze:Frontload"],"picked":"bronze:DelayedGuard","floor":14},{"not_picked":["bronze:HardenedForm","bronze:HyperBeam"],"picked":"bronze:Verify","floor":16},{"not_picked":["bronze:ForceShield","bronze:BuggyMess"],"picked":"bronze:CutThrough","floor":18},{"not_picked":["bronze:DelayedGuard","bronze:Fortify"],"picked":"bronze:Overheat+1","floor":21},{"not_picked":["bronze:ThunderWave","bronze:Iterate"],"picked":"bronze:WhirlingStrike","floor":24},{"not_picked":["bronze:BitShift","bronze:ChildClass"],"picked":"bronze:BronzeOrb","floor":27},{"not_picked":["bronze:BitShift+1","bronze:Boost"],"picked":"bronze:Safeguard","floor":28},{"not_picked":["bronze:Refactor","bronze:ForceShield"],"picked":"bronze:Philosophize","floor":30},{"not_picked":["bronze:Mutator","bronze:AlphaBuild"],"picked":"bronze:Virus","floor":33},{"not_picked":["bronze:ChosenStrike","bronze:WildBeam+1"],"picked":"bronze:OilSpill","floor":35},{"not_picked":["bronze:Overheat+1","bronze:ChosenStrike+1"],"picked":"bronze:Frontload","floor":36},{"not_picked":["bronze:Philosophize+1","bronze:Repair+1"],"picked":"bronze:FineTuning","floor":37}],"player_experience":3676993,"relics_obtained":[{"floor":6,"key":"Bottled Lightning"},{"floor":9,"key":"Kunai"},{"floor":14,"key":"Regal Pillow"},{"floor":24,"key":"Dream Catcher"},{"floor":26,"key":"Anchor"},{"floor":30,"key":"Lantern"}],"event_choices":[{"damage_healed":0,"gold_gain":270,"player_choice":"GOLD GOLD GOLD ","damage_taken":27,"max_hp_gain":0,"max_hp_loss":0,"event_name":"Knowing Skull","floor":20,"potions_obtained":[],"gold_loss":0,"cards_obtained":[]},{"cards_removed":["bronze:Strike"],"damage_healed":0,"gold_gain":0,"player_choice":"Gave Gold","damage_taken":0,"max_hp_gain":0,"max_hp_loss":0,"event_name":"Beggar","floor":29,"gold_loss":75},{"damage_healed":0,"gold_gain":0,"player_choice":"Trade","damage_taken":0,"relics_obtained":["FaceOfCleric"],"max_hp_gain":0,"max_hp_loss":0,"event_name":"FaceTrader","floor":31,"gold_loss":0}],"is_beta":true,"boss_relics":[{"not_picked":["bronze:PlatinumCore","SacredBark"],"picked":"Cursed Key"},{"not_picked":["Runic Dome","Runic Pyramid"],"picked":"sneckomod:SneckoTalon"}],"items_purged_floors":[19,22],"is_endless":false,"potions_floor_spawned":[1,2,4,10,14,16,21,24,35,36,37],"killed_by":"Writhing Mass","ascension_level":2}}