{"host":"yvncskwfyqnc3wqi","time":1611003619,"event":{"mods":["2.2 Compatiblity","AchievementEnabler","Act Like it!","Bartender","BaseMod","Friendly Minions","Gensokyo","KinomotoSakuraMod(????)","Kiyohime????","Marisa????????","Minty Spire (QoL Compilation)","Nova Terra(??·??)","Permanent Neow","Prisma Mod","Railgun Mod","Reimu??????","Remove Card Discount Mod","Shade Mod","Shop Mod","StSLib","Td1madao Mod","The Alterego","The Disciple","The Gatherer","The Marked","The Runesmith","The Servant 0.9.4","TheFirefly","TheSwordswoman","TheVelvet","Waifu the Spire","WarShipGirlsR/????R mod","Yakumo Yukari mod","Yohane!","Yuri Mod"],"gold_per_floor":[118,118,129,148,159,192,192,192,272,307,307,307,258,275,275,375,375,390,13,27,57,69,69,103,103,103,134,134,154,154,154,154,258,258,277,29,47,62,62,62,62,62,86,86,99,130,150,33,33,33,33,33,29,60,60],"floor_reached":56,"language":"ENG","playtime":3711,"items_purged":["Pain","Regret","Doubt","Parasite"],"score":1247,"play_id":"98c0f442-ba14-4d3d-85ce-f3c71a2baf4c","local_time":"20210118210019","is_ascension_mode":false,"campfire_choices":[{"floor":7.0,"key":"RECALL"},{"data":"Optimization","floor":11.0,"key":"SMITH"},{"data":"Black Dance","floor":15.0,"key":"SMITH"},{"data":"Transfer Energy","floor":23.0,"key":"SMITH"},{"data":"Twin Teeth","floor":25.0,"key":"SMITH"},{"data":"Shockwave Tdmadao","floor":32.0,"key":"SMITH"},{"data":"Here Defend Chip+1","floor":40,"key":"SMITH"},{"data":"Here Defend Chip+2","floor":44,"key":"SMITH"},{"data":"Perfect Defend","floor":49,"key":"SMITH"},{"data":"Here Defend Chip+3","floor":52,"key":"SMITH"}],"circlet_count":0,"master_deck":["Strike_C","Strike_C","Strike_C","Strike_C","Defend_C","Defend_C","Defend_C","Defend_C","Knight Kick","Chip","Transfer Energy+1","Recovery Mechanism","Cooling Song","Preloading","Sudden Beat","Rupture","Pod Fire","Black Execution","Black Dance+1","Optimization+1","Provocative+1","Preloading+1","Twin Teeth+1","Bursts+1","Here Defend Chip+4","E MP+1","Fire Up+1","Preparedness+1","Fixing+1","Afterwards+1","Sub Weapons+1","Provocative+1","Pod Laser","Black Spear","Cooling Song+1","Light Attack+1","Panache","Preloading+1","Bursts+1","E MP+1","Perfect Defend+1","Lore","Lore"],"relics":["Apod","Bird Faced Urn","Nunchaku","Toxic Egg 2","Blue Mushroom","WarpedTongs","Cursed Key","Thread and Needle","Red Mask","Art of War","PureWhite:ReiMu","Ancient Tea Set","alterego_mod:FleetingLove","Spirit Poop","Sozu","Mercury Hourglass","Vajra","Oddly Smooth Stone"],"acts_visited":["Exordium","TheCity","TheBeyond","TheEnding"],"potions_floor_usage":[46],"damage_taken":[{"damage":3.0,"enemies":"Jaw Worm","floor":1.0,"turns":5.0},{"damage":6.0,"enemies":"Small Slimes","floor":3.0,"turns":2.0},{"damage":0.0,"enemies":"Cultist","floor":4.0,"turns":3.0},{"damage":2.0,"enemies":"Blue Slaver","floor":5.0,"turns":2.0},{"damage":0.0,"enemies":"3 Sentries","floor":6.0,"turns":5.0},{"damage":12.0,"enemies":"Gremlin Nob","floor":10.0,"turns":4.0},{"damage":0.0,"enemies":"Looter","floor":14.0,"turns":3.0},{"damage":45.0,"enemies":"The Guardian","floor":16.0,"turns":7.0},{"damage":0.0,"enemies":"Chosen","floor":18.0,"turns":2.0},{"damage":0.0,"enemies":"Shell Parasite","floor":20.0,"turns":4.0},{"damage":3.0,"enemies":"Masked Bandits","floor":21.0,"turns":4.0},{"damage":6.0,"enemies":"Snake Plant","floor":22.0,"turns":3.0},{"damage":0.0,"enemies":"Slavers","floor":24.0,"turns":2.0},{"damage":0.0,"enemies":"Book of Stabbing","floor":27.0,"turns":4.0},{"damage":2.0,"enemies":"Shelled Parasite and Fungi","floor":29.0,"turns":5.0},{"damage":25.0,"enemies":"Champ","floor":33.0,"turns":7.0},{"damage":10.0,"enemies":"3 Shapes","floor":35.0,"turns":3.0},{"damage":7.0,"enemies":"3 Darklings","floor":37.0,"turns":4.0},{"damage":0.0,"enemies":"Spire Growth","floor":38.0,"turns":4.0},{"damage":11,"enemies":"Maw","floor":45,"turns":5},{"damage":12,"enemies":"Nemesis","floor":46,"turns":7},{"damage":0,"enemies":"Writhing Mass","floor":47,"turns":5},{"damage":56,"enemies":"Time Eater","floor":50,"turns":11},{"damage":50,"enemies":"Shield and Spear","floor":54,"turns":6},{"damage":33,"enemies":"The Heart","floor":55,"turns":8}],"seed_played":"469101323731699805","potions_obtained":[{"floor":1.0,"key":"Block Potion"},{"floor":3.0,"key":"MagicPotion:ReiMu"},{"floor":4.0,"key":"Fire Potion"},{"floor":22.0,"key":"EntropicBrew"},{"floor":27.0,"key":"Strength Potion"},{"floor":33.0,"key":"Block Potion"}],"is_trial":false,"path_per_floor":["M","?","M","M","M","E","R","?","T","E","R","?","$","M","R","B",null,"M","$","M","?","M","R","E","R","T","E","?","M","?","?","R","B",null,"M","$","M","M","?","R","?","?","T","R","M","E","M","$","R","B",null,"R","$","E","B",null],"character_chosen":"TD1MADAO_CLASS","items_purchased":["Preloading+1","Thread and Needle","E MP+1","Fire Up+1","Mercury Hourglass","Perfect Defend","Lore"],"campfire_rested":0,"item_purchase_floors":[13,19,19,19,36,48,48],"current_hp_per_floor":[74,74,68,68,66,66,66,66,66,56,56,56,56,58,58,15,77,77,77,77,76,70,70,74,74,74,77,77,77,77,77,77,52,77,67,67,62,68,68,68,68,68,68,68,63,59,63,63,63,15,77,77,74,24,3],"gold":60,"neow_bonus":"TEN_PERCENT_HP_BONUS","is_daily":false,"chose_seed":false,"campfire_upgraded":9,"win_rate":0.0,"timestamp":1611003619,"path_taken":["M","?","M","M","M","E","R","?","T","E","R","?","$","M","R","BOSS","M","$","?","?","M","R","E","R","T","E","?","M","?","?","R","BOSS","M","$","?","?","?","R","?","?","T","R","M","E","M","$","R","BOSS","R","$","E","BOSS"],"items_purchased_type":["Card","Relic","Card","Card","Relic","Card","Card"],"build_version":"2020-12-22","purchased_purges":4,"victory":true,"max_hp_per_floor":[77,77,77,77,77,77,77,77,77,77,77,77,77,77,77,77,77,77,77,77,77,77,77,77,77,77,77,77,77,77,77,77,77,77,77,77,77,77,77,77,77,77,77,77,77,77,77,77,77,77,77,77,74,74,74],"card_choices":[{"not_picked":["Reflection Mechanism","Recovery Mechanism"],"picked":"Transfer Energy","floor":1.0},{"not_picked":["Lore","Preloading"],"picked":"Pod Fire","floor":3.0},{"not_picked":["Cursed Blade","Here Defend Chip"],"picked":"Black Execution","floor":4.0},{"not_picked":["Twin Teeth","Fire Blade"],"picked":"Black Dance","floor":5.0},{"not_picked":["Fixing","Afterwards"],"picked":"Optimization","floor":6.0},{"not_picked":["Paralysis+1","Here Defend Chip"],"picked":"Provocative+1","floor":10.0},{"not_picked":["Black Hand","Lunge"],"picked":"Twin Teeth","floor":14.0},{"not_picked":["Backup+1","Data Freezing+1"],"picked":"Bursts+1","floor":16.0},{"not_picked":["Provocative+1","Thunder Jump"],"picked":"Here Defend Chip+1","floor":18.0},{"not_picked":["Black Hand","Break Into+1"],"picked":"Preparedness+1","floor":20.0},{"not_picked":["Rupture+1","Sudden Beat"],"picked":"Fixing+1","floor":21.0},{"not_picked":["Black Execution","Provocative+1"],"picked":"Afterwards+1","floor":22.0},{"not_picked":["Here Defend Chip","Pod Fire"],"picked":"Sub Weapons+1","floor":24.0},{"not_picked":["Light Attack","Sub Weapons+1"],"picked":"Provocative+1","floor":27.0},{"not_picked":["Pod Fire","Judgment"],"picked":"Shockwave Tdmadao","floor":29.0},{"not_picked":["Format All Data+1","Backup+1"],"picked":"Pod Laser","floor":33.0},{"not_picked":["Rupture","Money Cant Rescue+1"],"picked":"Black Spear","floor":35.0},{"not_picked":["Afterwards+1","Fire Blade+1"],"picked":"Cooling Song+1","floor":37.0},{"not_picked":["Fire Up+1","Floating Swing Kick"],"picked":"Light Attack+1","floor":38.0},{"not_picked":["Secret Technique+1","Enlightenment+1"],"picked":"Panache","floor":42},{"not_picked":["Machining+1","Resistance+1"],"picked":"Preloading+1","floor":45},{"not_picked":["Fixing+1","Oblique Hack+1"],"picked":"Bursts+1","floor":46},{"not_picked":["Rupture+1","Fixing+1"],"picked":"E MP+1","floor":47},{"not_picked":["Three Hit","Transfer Energy+1"],"picked":"Lore","floor":54}],"player_experience":439158,"relics_obtained":[{"floor":6.0,"key":"Bird Faced Urn"},{"floor":9.0,"key":"Toxic Egg 2"},{"floor":10.0,"key":"Blue Mushroom"},{"floor":21.0,"key":"Red Mask"},{"floor":24.0,"key":"Art of War"},{"floor":26.0,"key":"PureWhite:ReiMu"},{"floor":27.0,"key":"Ancient Tea Set"},{"floor":46,"key":"Vajra"},{"floor":54,"key":"Oddly Smooth Stone"}],"event_choices":[{"damage_healed":0.0,"max_hp_gain":0.0,"max_hp_loss":0.0,"gold_gain":0.0,"event_name":"Big Fish","player_choice":"Box","floor":8.0,"gold_loss":0.0,"damage_taken":0.0,"relics_obtained":["Nunchaku"],"cards_obtained":["Regret"]},{"damage_healed":0.0,"max_hp_gain":0.0,"max_hp_loss":0.0,"gold_gain":0.0,"event_name":"Accursed Blacksmith","player_choice":"Rummage","floor":12.0,"gold_loss":0.0,"damage_taken":0.0,"relics_obtained":["WarpedTongs"],"cards_obtained":["Pain"]},{"damage_healed":0.0,"max_hp_gain":0.0,"max_hp_loss":0.0,"gold_gain":0.0,"event_name":"Masked Bandits","player_choice":"Fought Bandits","floor":21.0,"gold_loss":0.0,"damage_taken":0.0},{"damage_healed":0.0,"max_hp_gain":0.0,"max_hp_loss":0.0,"gold_gain":0.0,"event_name":"Secret Garden","player_choice":"Choice 1","floor":28.0,"gold_loss":0.0,"damage_taken":0.0,"relics_obtained":["alterego_mod:FleetingLove"]},{"damage_healed":0.0,"max_hp_gain":0.0,"max_hp_loss":0.0,"gold_gain":0.0,"event_name":"Vampires","player_choice":"Ignored","floor":30.0,"gold_loss":0.0,"damage_taken":0.0},{"cards_removed":["Regret"],"damage_healed":0.0,"max_hp_gain":0.0,"max_hp_loss":0.0,"gold_gain":0.0,"event_name":"Bonfire Elementals","player_choice":"Offered Curse","floor":31.0,"gold_loss":0.0,"damage_taken":0.0,"relics_obtained":["Spirit Poop"]},{"cards_removed":["Shockwave Tdmadao"],"damage_healed":0,"gold_gain":0,"player_choice":"Removed Power","damage_taken":0,"max_hp_gain":0,"max_hp_loss":0,"event_name":"Falling","floor":39,"gold_loss":0},{"damage_healed":0,"gold_gain":0,"player_choice":"Memory 1","damage_taken":0,"max_hp_gain":0,"max_hp_loss":0,"event_name":"SensoryStone","floor":42,"gold_loss":0}],"is_beta":false,"boss_relics":[{"not_picked":["SlaversCollar","Astrolabe"],"picked":"Cursed Key"},{"not_picked":["Foreshadowing","Velvet Choker"],"picked":"Sozu"}],"items_purged_floors":[13,13,53,53],"is_endless":false,"potions_floor_spawned":[1,3,4,22,24,27,33,46,47],"ascension_level":0}}