{"host":"8d3fefv2347kqkpz","time":1611009087,"event":{"mods":["100% Spire Juice","AchievementEnabler","Act Like it!","Aspiration","BaseMod","Better Vampires","Colored Map","Colored Powertips","Conspire","GifTheSpireLib","Highlight Path","Mimic Mod","Minty Spire (QoL Compilation)","Quick Restart","Reimu£®≤©¿ˆ¡È√Œ£©","Relic Stats","Remilia£®¿Ÿ√◊¿Ú—«£©","Replay The Spire","Spicy Shops","StSLib","The Gatherer","The Jungle","The Senshi","The Servant 0.9.4","Waifu the Spire","vexMod"],"gold_per_floor":[116,116,76,76,89,124,124,135,135,135,150,150,38,50,50,151,151,137,137,155,155,171,171,171,190,215,215,215,215],"floor_reached":28,"language":"ZHS","playtime":822,"items_purged":["Defend_B"],"score":218,"play_id":"ecbc91de-145a-4fd0-ba41-5c8090e6c85a","local_time":"20210119063127","is_ascension_mode":false,"campfire_choices":[{"floor":7,"key":"REST"},{"floor":10,"key":"REST"},{"floor":15,"key":"REST"},{"floor":24,"key":"REST"}],"circlet_count":0,"master_deck":["Strike_B","Defend_B","Defend_B","Defend_B","Zap","Dualcast","ReplayTheSpireMod:Calculation Training","White Noise+1","Self Repair","Time Bomb","ReplayRNGCard","aspiration:Polymerization","Static Discharge+1","Tempest+1"],"relics":["Cracked Core","PaintedHorse:ReiMu","CultistMask","ScarletDevilRocket","Mercury Hourglass","Replay:Bronze Core","Boot"],"acts_visited":["Exordium","TheCity"],"potions_floor_usage":[],"damage_taken":[{"damage":1,"enemies":"Jaw Worm","floor":1,"turns":3},{"damage":3,"enemies":"Small Slimes","floor":5,"turns":3},{"damage":44,"enemies":"Gremlin Nob","floor":6,"turns":5},{"damage":10,"enemies":"2 Louse","floor":8,"turns":3},{"damage":3,"enemies":"Lots of Slimes","floor":11,"turns":2},{"damage":6,"enemies":"Blue Slaver","floor":14,"turns":4},{"damage":56,"enemies":"Hexaghost","floor":16,"turns":8},{"damage":30,"enemies":"2 Thieves","floor":18,"turns":5},{"damage":25,"enemies":"3 Byrds","floor":20,"turns":4},{"damage":26,"enemies":"Sentry and Sphere","floor":22,"turns":4},{"damage":27,"enemies":"Snake Plant","floor":25,"turns":4},{"damage":15,"enemies":"Centurion and Healer","floor":28,"turns":1}],"seed_played":"530681164826885271","potions_obtained":[{"floor":5,"key":"Explosive Potion"},{"floor":8,"key":"BlessingOfTheForge"},{"floor":20,"key":"Elixir"}],"is_trial":false,"path_per_floor":["M","?","?","?","M","E","R","M","T","R","M","?","$","M","R","B",null,"M","?","M","?","M","?","R","M","T","?","M"],"character_chosen":"DEFECT","items_purchased":["Self Repair"],"campfire_rested":4,"item_purchase_floors":[13],"current_hp_per_floor":[81,74,74,74,71,27,51,41,41,65,62,62,62,63,82,33,82,59,59,41,41,22,6,30,10,10,10,0,0],"gold":215,"neow_bonus":"TEN_PERCENT_HP_BONUS","is_daily":false,"chose_seed":false,"campfire_upgraded":0,"win_rate":0.0,"timestamp":1611009087,"path_taken":["M","?","?","?","M","E","R","M","T","R","?","?","?","M","R","BOSS","M","?","M","?","?","?","R","M","T","?","M"],"items_purchased_type":["Card"],"build_version":"2020-12-22","purchased_purges":1,"victory":false,"max_hp_per_floor":[82,82,82,82,82,82,82,82,82,82,82,82,82,82,82,82,82,82,82,82,82,82,82,82,82,82,82,82,82],"relic_stats":{"counters":[12,45],"Boot":[0],"obtain_stats":[{"ScarletDevilRocket":6,"PaintedHorse:ReiMu":3,"Replay:Bronze Core":17,"CultistMask":4,"Cracked Core":0,"Boot":26,"Mercury Hourglass":9},{"ScarletDevilRocket":3,"PaintedHorse:ReiMu":1,"Replay:Bronze Core":7,"CultistMask":1,"Cracked Core":0,"Boot":11,"Mercury Hourglass":4},{"ScarletDevilRocket":11,"PaintedHorse:ReiMu":3,"Replay:Bronze Core":27,"CultistMask":3,"Cracked Core":0,"Boot":44,"Mercury Hourglass":14}],"Mercury Hourglass":[161]},"card_choices":[{"not_picked":["Cold Snap","Beam Cell","Redo"],"picked":"SKIP","floor":1},{"not_picked":["Coolheaded","Leap"],"picked":"ReplayTheSpireMod:Calculation Training","floor":5},{"not_picked":["Force Field","Sunder"],"picked":"White Noise","floor":6},{"not_picked":["Compile Driver","Rebound","Barrage"],"picked":"SKIP","floor":8},{"not_picked":["Gash","ReplayGash","Stack"],"picked":"SKIP","floor":11},{"not_picked":["Streamline","Compile Driver"],"picked":"Time Bomb","floor":14},{"not_picked":["Multi-Cast","Mirror Shield"],"picked":"ReplayRNGCard","floor":16},{"not_picked":["Conserve Battery","Barrage"],"picked":"aspiration:Polymerization","floor":18},{"not_picked":["Coolheaded","BasicCrystalCard"],"picked":"Static Discharge+1","floor":20},{"not_picked":["Go for the Eyes","Hello World","ReplaySolidLightProjector"],"picked":"SKIP","floor":22},{"not_picked":["Time Bomb","Loop"],"picked":"Tempest+1","floor":25}],"player_experience":109115,"relics_obtained":[{"floor":6,"key":"ScarletDevilRocket"},{"floor":9,"key":"Mercury Hourglass"},{"floor":26,"key":"Boot"}],"event_choices":[{"cards_removed":["Strike_B"],"damage_healed":0,"gold_gain":0,"player_choice":"Card Removal","damage_taken":7,"max_hp_gain":0,"max_hp_loss":0,"event_name":"Golden Wing","floor":2,"gold_loss":0},{"damage_healed":0,"gold_gain":0,"player_choice":"»˚«Æ","damage_taken":0,"relics_obtained":["PaintedHorse:ReiMu"],"max_hp_gain":0,"max_hp_loss":0,"event_name":"yidonshenshe","floor":3,"gold_loss":40},{"damage_healed":0,"gold_gain":0,"player_choice":"Trade","damage_taken":0,"relics_obtained":["CultistMask"],"max_hp_gain":0,"max_hp_loss":0,"event_name":"FaceTrader","floor":4,"gold_loss":0},{"cards_removed":["Strike_B"],"damage_healed":0,"gold_gain":0,"player_choice":"Offered Basic","damage_taken":0,"max_hp_gain":0,"max_hp_loss":0,"event_name":"Bonfire Elementals","floor":12,"gold_loss":0},{"damage_healed":0,"gold_gain":0,"player_choice":"Ignored","damage_taken":0,"max_hp_gain":0,"max_hp_loss":0,"event_name":"Vampires","floor":19,"gold_loss":0},{"damage_healed":0,"gold_gain":0,"player_choice":"Upgraded","damage_taken":0,"max_hp_gain":0,"max_hp_loss":0,"event_name":"Upgrade Shrine","floor":21,"gold_loss":0,"cards_upgraded":["White Noise"]},{"damage_healed":0,"gold_gain":0,"player_choice":"Obtained Book","damage_taken":16,"max_hp_gain":0,"max_hp_loss":0,"event_name":"Cursed Tome","floor":23,"gold_loss":0},{"cards_removed":["Strike_B"],"damage_healed":0,"gold_gain":0,"player_choice":"Elegance","damage_taken":0,"max_hp_gain":0,"max_hp_loss":0,"event_name":"Back to Basics","floor":27,"gold_loss":0}],"is_beta":false,"boss_relics":[{"not_picked":["vexMod:EndlessSickness","Fusion Hammer"],"picked":"Replay:Bronze Core"}],"items_purged_floors":[13],"is_endless":false,"potions_floor_spawned":[5,8,20,25],"killed_by":"Centurion and Healer","ascension_level":0}}