{"host":"3a1ypf1irl30q4k8","time":1611005518,"event":{"mods":["AchievementEnabler","BaseMod","Bestiary","Colored Map","Minty Spire (QoL Compilation)","Relic Stats"],"gold_per_floor":[116,130,130,140,65,94,94,120,120,120,20,20,34,44,44,142,142,162,162,178,178,178,178,178,178],"floor_reached":24,"language":"ENG","playtime":1101,"items_purged":["Strike_P","Strike_P"],"score":260,"play_id":"d77dd9fa-e687-448b-9333-8b11cd92ed54","local_time":"20210118213158","is_ascension_mode":true,"campfire_choices":[{"floor":7,"key":"REST"},{"data":"BowlingBash","floor":10,"key":"SMITH"},{"floor":12,"key":"REST"},{"data":"WheelKick","floor":15,"key":"SMITH"},{"data":"CutThroughFate","floor":23,"key":"SMITH"}],"circlet_count":0,"master_deck":["Defend_P","Defend_P","Defend_P","Defend_P","Eruption","Vigilance","Evaluate","FlyingSleeves","PathToVictory+1","BowlingBash+1","MasterReality","CutThroughFate+1","WheelKick+1","Scrawl","Study","Ghostly","Ghostly","Ghostly","Ghostly","Ghostly","Nirvana"],"relics":["PureWater","Mango","Question Card","HornCleat","Empty Cage","Nilry\u0027s Codex"],"acts_visited":["Exordium","TheCity"],"potions_floor_usage":[6,6,6,13,24],"damage_taken":[{"damage":0,"enemies":"Cultist","floor":1,"turns":3},{"damage":24,"enemies":"Small Slimes","floor":2,"turns":3},{"damage":1,"enemies":"2 Louse","floor":4,"turns":2},{"damage":30,"enemies":"Lagavulin","floor":6,"turns":3},{"damage":34,"enemies":"3 Sentries","floor":8,"turns":10},{"damage":19,"enemies":"Large Slime","floor":13,"turns":6},{"damage":3,"enemies":"Looter","floor":14,"turns":3},{"damage":11,"enemies":"Hexaghost","floor":16,"turns":9},{"damage":16,"enemies":"3 Byrds","floor":18,"turns":5},{"damage":2,"enemies":"Spheric Guardian","floor":20,"turns":7},{"damage":30,"enemies":"Book of Stabbing","floor":24,"turns":7}],"seed_played":"-8808684407604206258","potions_obtained":[{"floor":1,"key":"BottledMiracle"},{"floor":4,"key":"EntropicBrew"},{"floor":8,"key":"Block Potion"},{"floor":14,"key":"Ambrosia"},{"floor":16,"key":"Weak Potion"},{"floor":20,"key":"Energy Potion"}],"is_trial":false,"path_per_floor":["M","M","?","M","$","E","R","E","T","R","$","R","M","M","R","B",null,"M","?","M","?","?","R","E"],"character_chosen":"WATCHER","items_purchased":[],"campfire_rested":2,"item_purchase_floors":[],"current_hp_per_floor":[72,48,48,47,47,31,56,22,22,22,22,47,28,25,25,14,86,70,43,41,41,25,25,0,0],"gold":178,"neow_bonus":"THREE_CARDS","is_daily":false,"chose_seed":false,"campfire_upgraded":3,"win_rate":0.0,"timestamp":1611005518,"path_taken":["M","M","?","?","?","E","R","E","T","R","$","R","M","M","R","BOSS","M","?","M","?","?","R","E"],"items_purchased_type":[],"build_version":"2020-12-22","purchased_purges":2,"victory":false,"max_hp_per_floor":[72,72,72,72,72,86,86,86,86,86,86,86,86,86,86,86,86,86,43,43,43,43,43,43,43],"relic_stats":{"counters":[11,58],"Question Card":5,"obtain_stats":[{"HornCleat":9,"Nilry\u0027s Codex":22,"Mango":6,"PureWater":0,"Question Card":8,"Empty Cage":17},{"HornCleat":5,"Nilry\u0027s Codex":10,"Mango":4,"PureWater":0,"Question Card":5,"Empty Cage":8},{"HornCleat":21,"Nilry\u0027s Codex":51,"Mango":11,"PureWater":0,"Question Card":21,"Empty Cage":39}]},"card_choices":[{"not_picked":["ClearTheMind","Nirvana"],"picked":"Evaluate","floor":0},{"not_picked":["Nirvana","Crescendo"],"picked":"FlyingSleeves","floor":1},{"not_picked":["Consecrate","FearNoEvil"],"picked":"PathToVictory","floor":2},{"not_picked":["JustLucky","Halt"],"picked":"BowlingBash","floor":4},{"not_picked":["Swivel","Perseverance","Study"],"picked":"SKIP","floor":6},{"not_picked":["BattleHymn","FlyingSleeves"],"picked":"MasterReality","floor":8},{"not_picked":["FlyingSleeves","EmptyBody","SignatureMove"],"picked":"CutThroughFate","floor":13},{"not_picked":["SashWhip","Establishment","Perseverance"],"picked":"WheelKick","floor":14},{"not_picked":["SpiritShield","Judgement","Wish"],"picked":"Scrawl","floor":16},{"not_picked":["CrushJoints+1","EmptyBody","Prostrate"],"picked":"Study","floor":18},{"not_picked":["EmptyBody+1","ReachHeaven+1","Indignation+1"],"picked":"Nirvana","floor":20}],"player_experience":1115232,"relics_obtained":[{"floor":6,"key":"Mango"},{"floor":8,"key":"Question Card"},{"floor":9,"key":"HornCleat"},{"floor":22,"key":"Nilry\u0027s Codex"}],"event_choices":[{"damage_healed":0,"gold_gain":0,"player_choice":"Upgraded","damage_taken":0,"max_hp_gain":0,"max_hp_loss":0,"event_name":"Upgrade Shrine","floor":3,"gold_loss":0,"cards_upgraded":["PathToVictory"]},{"damage_healed":0,"gold_gain":0,"player_choice":"Became a Ghost","damage_taken":0,"max_hp_gain":0,"max_hp_loss":43,"event_name":"Ghosts","floor":19,"gold_loss":0,"cards_obtained":["Ghostly","Ghostly","Ghostly","Ghostly","Ghostly"]},{"damage_healed":0,"gold_gain":0,"player_choice":"Ignored","damage_taken":0,"max_hp_gain":0,"max_hp_loss":0,"event_name":"Vampires","floor":21,"gold_loss":0},{"damage_healed":0,"gold_gain":0,"player_choice":"Obtained Book","damage_taken":16,"max_hp_gain":0,"max_hp_loss":0,"event_name":"Cursed Tome","floor":22,"gold_loss":0}],"is_beta":false,"boss_relics":[{"not_picked":["Coffee Dripper","Sozu"],"picked":"Empty Cage"}],"items_purged_floors":[5,11],"is_endless":false,"potions_floor_spawned":[1,4,8,14,16,20],"killed_by":"Book of Stabbing","ascension_level":3}}