{"host":"gkg6a0io4zd37ymq","time":1611010771,"event":{"mods":["A Magickal Journey","AchievementEnabler","Aspiration","Astrologer","Bard","BaseMod","Beaked The Cultist","Better Third Choice","Colored Powertips","DeckTracker","Energized Spire","Friendly Minions","Halation","Hermit","Hubris","Infinite Spire","Koishi","Luminous","Mad Scientist","Marisa????????","Minty Spire (QoL Compilation)","Potionbrewer","Replay The Spire","Shade Mod","Shop Mod","Somnambulant","StSLib","The Administrix","The Blackbeard","The Bug Knight","The Clintock","The Construct","The Cursed","The Disciple","The Elementalist","The Forsaken","The Gatherer","The Hierophant","The Judge","The Juggle","The Jungle","The Marked","The Mystic","The Necromancer","The Poker Player","The Runesmith","The Servant 0.9.4","The Spell Scribe","The Valiant","The Wild Card","The Witch","TheBandit","TheFirefly","TheSwordswoman","Trackpad"],"gold_per_floor":[118,43,43,19,34,68,79,79,79,79,79,79,89,123,123,223,223,194,205,105,105,105,105,125,141,164,176,176,204,204,5,5,101,101,121,121,121,121,137,137,153,165,190,190,190,200,200,217,217,217],"floor_reached":51,"language":"ENG","playtime":4724,"items_purged":["theForsaken:TheForsaken_Strike","ReplayTheSpireMod:Splinters","theForsaken:TheForsaken_Strike"],"score":650,"play_id":"f9e0a95e-9b25-4345-9ae7-edebbe86e0ea","local_time":"20210118235931","is_ascension_mode":false,"campfire_choices":[{"data":"theForsaken:Riposte","floor":8,"key":"SMITH"},{"data":"theForsaken:Smite","floor":10,"key":"SMITH"},{"data":"theForsaken:AncientWords","floor":15,"key":"SMITH"},{"data":"theForsaken:InspiringBlow","floor":23,"key":"SMITH"},{"data":"theForsaken:DesperatePlea","floor":28,"key":"SMITH"},{"data":"Insight","floor":30,"key":"SMITH"},{"data":"theForsaken:StoreUp","floor":32,"key":"SMITH"},{"data":"theForsaken:Confusion","floor":40,"key":"SMITH"},{"data":"theForsaken:BlightOfFamine","floor":45,"key":"SMITH"},{"data":"theForsaken:Penitence","floor":47,"key":"SMITH"},{"data":"theForsaken:RainingSunlight","floor":49,"key":"SMITH"}],"circlet_count":0,"master_deck":["theForsaken:TheForsaken_Strike","theForsaken:TheForsaken_Strike","theForsaken:TheForsaken_Defend+1","theForsaken:TheForsaken_Defend+1","theForsaken:TheForsaken_Defend+1","theForsaken:TheForsaken_Defend+1","theForsaken:Smite+1","theForsaken:Penitence+1","theForsaken:BlightOfFamine+1","theForsaken:StoreUp+1","theForsaken:Riposte+1","theForsaken:AncientWords+1","theForsaken:FatRoll","theForsaken:DesperatePlea+1","theForsaken:InspiringBlow+1","Insight+1","theForsaken:Tranquility+1","theForsaken:RainingSunlight+1","theForsaken:AncientWords","theForsaken:Purification","theForsaken:Bolster","theForsaken:Confusion+1","theScribe:Dark+1","theScribe:Insight+1","theScribe:ScrollOfPoison+1","Parasite"],"relics":["theForsaken:JudgementScales","NeowsBlessing","trackpad:PetRock","hubris:ToyBattleship","Eternal Feather","Replay:Bottled Eggs","Sundial","Coffee Dripper","Bronze Scales","hubris:BundleOfHerbs","aspiration:ScribeSkillbook","Toy Ornithopter","Replay:Ringing Soul","Bottled Flame","trackpad:Mousetrap","theForsaken:Kindling"],"acts_visited":["Exordium","TheCity","TheBeyond"],"potions_floor_usage":[14,24,29,42,50,50,50],"damage_taken":[{"damage":0,"enemies":"Jaw Worm","floor":1,"turns":1},{"damage":0,"enemies":"Small Slimes","floor":5,"turns":1},{"damage":0,"enemies":"Lagavulin","floor":6,"turns":1},{"damage":1,"enemies":"2 Louse","floor":7,"turns":2},{"damage":1,"enemies":"Blue Slaver","floor":13,"turns":4},{"damage":12,"enemies":"HollowMod:MossKnight","floor":14,"turns":12},{"damage":22,"enemies":"Hexaghost","floor":16,"turns":10},{"damage":30,"enemies":"2 Thieves","floor":18,"turns":5},{"damage":0,"enemies":"Chosen","floor":19,"turns":4},{"damage":0,"enemies":"Snake Plant","floor":24,"turns":4},{"damage":5,"enemies":"Snecko","floor":25,"turns":5},{"damage":33,"enemies":"3 Cultists","floor":27,"turns":6},{"damage":10,"enemies":"Gremlin Leader","floor":29,"turns":8},{"damage":1,"enemies":"Champ","floor":33,"turns":10},{"damage":17,"enemies":"Orb Walker","floor":35,"turns":4},{"damage":18,"enemies":"3 Darklings","floor":39,"turns":5},{"damage":21,"enemies":"Sphere and 2 Shapes","floor":41,"turns":4},{"damage":22,"enemies":"Spire Growth","floor":42,"turns":5},{"damage":6,"enemies":"Jaw Worm Horde","floor":46,"turns":4},{"damage":3,"enemies":"Writhing Mass","floor":48,"turns":5},{"damage":36,"enemies":"Awakened One","floor":50,"turns":12}],"seed_played":"3503665915502301341","potions_obtained":[{"floor":5,"key":"LifebloodPotion"},{"floor":6,"key":"potionbrewer:FreezingPotion"},{"floor":7,"key":"PowerPotion"},{"floor":16,"key":"potionbrewer:BoundlessPotion"},{"floor":18,"key":"Reflective Coating"},{"floor":27,"key":"potionbrewer:BarricadePotion"},{"floor":33,"key":"FearPotion"},{"floor":46,"key":"SkillPotion"}],"is_trial":false,"path_per_floor":["M","$","?","$","M","E","M","R","T","R","?","?","M","E","R","B",null,"M","M","$","?","?","R","M","M","T","M","R","E","R","$","R","B",null,"M","T","T","T","M","R","M","M","T","T","R","M","R","M","R","B",null],"character_chosen":"THE_FORSAKEN","items_purchased":["theForsaken:StoreUp","theForsaken:Bolster"],"campfire_rested":0,"item_purchase_floors":[4,31],"current_hp_per_floor":[65,65,65,65,65,65,64,64,64,65,65,65,64,65,65,65,65,44,47,47,47,47,56,61,60,60,30,42,41,53,53,65,65,65,53,53,53,53,44,56,41,33,33,33,45,48,63,69,74,69],"gold":217,"neow_bonus":"THREE_ENEMY_KILL","is_daily":false,"chose_seed":false,"campfire_upgraded":11,"win_rate":0.0,"timestamp":1611010771,"path_taken":["M","$","?","$","M","E","M","R","T","R","?","?","M","E","R","BOSS","M","M","$","?","?","R","M","M","T","M","R","E","R","?","R","BOSS","M","?","?","?","M","R","M","?","T","?","R","?","R","M","R","BOSS"],"items_purchased_type":["Card","Card"],"build_version":"2020-12-22","purchased_purges":3,"victory":true,"max_hp_per_floor":[65,65,65,65,65,65,65,65,65,65,65,65,65,65,65,65,65,65,65,65,65,65,65,65,65,65,65,65,65,65,65,65,65,65,65,65,65,65,65,65,65,68,68,68,68,71,71,74,74,74],"card_choices":[{"not_picked":["theForsaken:PanicDive","theForsaken:QuickAttack"],"picked":"theForsaken:BlightOfFamine","floor":1},{"not_picked":["theForsaken:QuickAttack","theForsaken:Parry"],"picked":"theForsaken:Riposte","floor":5},{"not_picked":["theForsaken:Preservation","theForsaken:FuryStrikes","theForsaken:ScorchingSunlight"],"picked":"SKIP","floor":6},{"not_picked":["theForsaken:FatRoll","theForsaken:Mantra"],"picked":"theForsaken:AncientWords","floor":7},{"not_picked":["theForsaken:Terrorize","theForsaken:PanicDive","theForsaken:ShieldCharge"],"picked":"SKIP","floor":13},{"not_picked":["theForsaken:Devotion","theForsaken:ShieldBash"],"picked":"theForsaken:FatRoll","floor":14},{"not_picked":["theForsaken:Prudence","theForsaken:Retribution"],"picked":"theForsaken:DesperatePlea","floor":16},{"not_picked":["theForsaken:SpinAttack","theForsaken:Thunderbolt"],"picked":"theForsaken:InspiringBlow","floor":18},{"not_picked":["theForsaken:Thunderbolt+1","theForsaken:Preservation","theForsaken:HorrifyingStrike"],"picked":"SKIP","floor":19},{"not_picked":["theForsaken:ShieldCharge","theForsaken:DarkBargain"],"picked":"theForsaken:Tranquility+1","floor":24},{"not_picked":["theForsaken:SiphonStrike","theForsaken:WordsOfPestilence"],"picked":"theForsaken:RainingSunlight","floor":25},{"not_picked":["theForsaken:SolarFlare+1","theForsaken:ScorchingSunlight"],"picked":"theForsaken:AncientWords","floor":27},{"not_picked":["theForsaken:PowerUp","theForsaken:Thunderbolt"],"picked":"theForsaken:Purification","floor":29},{"not_picked":["theForsaken:Horror","theForsaken:CorruptedForm"],"picked":"theForsaken:Confusion","floor":33},{"not_picked":["theForsaken:BountifulSunlight","theForsaken:CowardsBrand+1","theScribe:ToxicSpellstone"],"picked":"theScribe:Dark+1","floor":35},{"not_picked":["theScribe:CripplingCharge+1","theForsaken:Backlash","theScribe:InvigoratingStrike+1","theForsaken:Thunderbolt"],"picked":"SKIP","floor":39},{"not_picked":["theScribe:GlaciesSpellstone","theScribe:ToxicSpellstone+1","theForsaken:Tranquility","theScribe:Overcharge"],"picked":"SKIP","floor":41},{"not_picked":["theForsaken:DarkBarrier","theScribe:CapacitanceScroll+1","theScribe:Overcharge+1"],"picked":"theScribe:Insight+1","floor":42},{"not_picked":["theScribe:TelumSpellstone+1","theForsaken:BlindFaith","theScribe:EnchantedStrike+1"],"picked":"theScribe:ScrollOfPoison+1","floor":46},{"not_picked":["theScribe:Meditate+1","theForsaken:Backlash","theForsaken:Preservation","theForsaken:RainingSunlight+1"],"picked":"SKIP","floor":48}],"player_experience":463617,"relics_obtained":[{"floor":3,"key":"trackpad:PetRock"},{"floor":6,"key":"hubris:ToyBattleship"},{"floor":9,"key":"Eternal Feather"},{"floor":11,"key":"Replay:Bottled Eggs"},{"floor":14,"key":"Sundial"},{"floor":26,"key":"Bronze Scales"},{"floor":29,"key":"hubris:BundleOfHerbs"},{"floor":36,"key":"Toy Ornithopter"},{"floor":37,"key":"Replay:Ringing Soul"},{"floor":38,"key":"Bottled Flame"},{"floor":43,"key":"trackpad:Mousetrap"},{"floor":44,"key":"theForsaken:Kindling"}],"event_choices":[{"damage_healed":0,"gold_gain":0,"player_choice":"Insight","damage_taken":0,"max_hp_gain":0,"max_hp_loss":0,"event_name":"betterThird:BetterWriting","floor":22,"gold_loss":0,"cards_obtained":["Insight"]}],"is_beta":false,"boss_relics":[{"not_picked":["Fusion Hammer","energizedSpire:StickyHand"],"picked":"Coffee Dripper"},{"not_picked":["Painkiller Herb","halation:Prosthetics"],"picked":"aspiration:ScribeSkillbook"}],"items_purged_floors":[2,20,31],"is_endless":false,"potions_floor_spawned":[5,6,7,16,18,27,33,46],"ascension_level":0}}