{"host":"om7owl42mqyth0gn","time":1611002818,"event":{"mods":["2.2 Compatiblity","AchievementEnabler","BaseMod","Best Route Mod","Better Note","Better Sensory Stone","Better Third Choice","Block Reminder","Colored Map","Colored Powertips","Dark Map","DeckTracker","Displayed Cursed Tome","Highlight Path","Minty Spire (QoL Compilation)","Quick Restart","Rare Cards Sparkle","Spicy Shops","Spire Birthday Party","StSLib","UnlockEverythingMod"],"gold_per_floor":[112,126,126,126,126,126,137,137,137,157,187,187,218,235,235,332,332,346,346,360,16,16,16,45,57,57,57,68,96,0,0,0,95,95,107,157,157,172,190,190,190,201,251,124,124,124],"floor_reached":45,"language":"ENG","playtime":6221,"items_purged":[],"score":484,"play_id":"e18e84cb-465d-4c36-99f6-ff71596b7e4c","local_time":"20210118204658","is_ascension_mode":false,"campfire_choices":[{"data":"Eruption","floor":6,"key":"SMITH"},{"floor":12,"key":"REST"},{"floor":15,"key":"REST"},{"floor":23,"key":"REST"},{"floor":27,"key":"REST"},{"floor":32,"key":"REST"},{"floor":40,"key":"REST"}],"circlet_count":0,"master_deck":["Strike_P","Strike_P+1","Strike_P","Strike_P+1","Defend_P","Defend_P","Defend_P","Defend_P","Eruption+1","Vigilance","FollowUp","Tantrum+1","Protect","Indignation","Evaluate","Consecrate","Alpha+1","TalkToTheHand","Crescendo+1","Pray","FlyingSleeves+1","InnerPeace","Swivel","Meditate","EmptyBody","DevaForm","EmptyBody+1","Consecrate+1","ClearTheMind+1","EmptyBody+1","Worship+1","Parasite"],"relics":["PureWater","Smiling Mask","Akabeko","Mummified Hand","Odd Mushroom","Matryoshka","Whetstone","Sozu","Orrery","Bag of Preparation","Strawberry","TeardropLocket","Bottled Flame","Lantern","Fusion Hammer","CaptainsWheel","White Beast Statue","Shuriken"],"acts_visited":["Exordium","TheCity","TheBeyond"],"potions_floor_usage":[13,16,16],"damage_taken":[{"damage":2,"enemies":"2 Louse","floor":1,"turns":4},{"damage":0,"enemies":"Small Slimes","floor":2,"turns":3},{"damage":1,"enemies":"Jaw Worm","floor":7,"turns":2},{"damage":13,"enemies":"The Mushroom Lair","floor":10,"turns":2},{"damage":24,"enemies":"Gremlin Nob","floor":11,"turns":3},{"damage":6,"enemies":"3 Sentries","floor":13,"turns":3},{"damage":0,"enemies":"3 Louse","floor":14,"turns":3},{"damage":54,"enemies":"Hexaghost","floor":16,"turns":10},{"damage":13,"enemies":"2 Thieves","floor":18,"turns":3},{"damage":15,"enemies":"Spheric Guardian","floor":20,"turns":3},{"damage":8,"enemies":"Book of Stabbing","floor":24,"turns":3},{"damage":3,"enemies":"Snecko","floor":25,"turns":3},{"damage":5,"enemies":"Cultist and Chosen","floor":28,"turns":3},{"damage":17,"enemies":"Slavers","floor":29,"turns":4},{"damage":52,"enemies":"Automaton","floor":33,"turns":10},{"damage":24,"enemies":"3 Darklings","floor":35,"turns":6},{"damage":1,"enemies":"Mind Bloom Boss Battle","floor":36,"turns":7},{"damage":8,"enemies":"Orb Walker","floor":38,"turns":5},{"damage":35,"enemies":"Maw","floor":39,"turns":8},{"damage":21,"enemies":"Sphere and 2 Shapes","floor":42,"turns":6},{"damage":24,"enemies":"Writhing Mass","floor":45,"turns":6}],"seed_played":"5653507703378912723","potions_obtained":[{"floor":2,"key":"AttackPotion"},{"floor":10,"key":"ColorlessPotion"},{"floor":13,"key":"SkillPotion"}],"is_trial":false,"path_per_floor":["M","M","?","?","T","R","M","?","T","?","E","R","E","M","R","B",null,"M","?","M","$","?","R","E","M","T","R","M","E","?","?","R","B",null,"M","?","?","M","M","R","?","M","T","$","M"],"character_chosen":"WATCHER","items_purchased":["Orrery","Bag of Preparation","Meditate","Shuriken"],"campfire_rested":6,"item_purchase_floors":[21,21,21,44],"current_hp_per_floor":[70,70,75,75,75,75,74,74,74,61,37,60,54,54,77,23,77,64,64,49,49,49,72,71,68,68,84,79,62,62,62,84,32,84,60,59,59,51,16,40,40,19,19,19,0,0],"gold":124,"neow_bonus":"RANDOM_COMMON_RELIC","is_daily":false,"chose_seed":false,"campfire_upgraded":1,"win_rate":0.0,"timestamp":1611002818,"path_taken":["M","M","?","?","?","R","M","?","T","?","E","R","E","?","R","BOSS","M","?","M","$","?","R","E","?","T","R","M","E","?","?","R","BOSS","M","?","?","M","?","R","?","M","T","$","M"],"items_purchased_type":["Relic","Relic","Card","Relic"],"build_version":"2020-12-22","purchased_purges":0,"victory":false,"max_hp_per_floor":[72,72,77,77,77,77,77,77,77,77,77,77,77,77,77,77,77,77,77,77,77,77,77,84,84,84,84,84,84,84,84,84,84,84,84,84,80,80,80,80,80,80,80,80,80,80],"card_choices":[{"not_picked":["ThirdEye","Fasting2"],"picked":"FollowUp","floor":1},{"not_picked":["EmptyFist","FlyingSleeves"],"picked":"Tantrum","floor":2},{"not_picked":["SashWhip","Halt","Vengeance"],"picked":"SKIP","floor":7},{"not_picked":["Tantrum","Wireheading"],"picked":"Protect","floor":10},{"not_picked":["FollowUp","ForeignInfluence"],"picked":"Indignation","floor":11},{"not_picked":["FollowUp","ConjureBlade"],"picked":"Evaluate","floor":13},{"not_picked":["Evaluate","CrushJoints"],"picked":"Consecrate","floor":14},{"not_picked":["Omniscience","Judgement"],"picked":"Alpha","floor":16},{"not_picked":["JustLucky","WheelKick"],"picked":"TalkToTheHand","floor":18},{"not_picked":["WreathOfFlame+1","Evaluate"],"picked":"Crescendo+1","floor":20},{"not_picked":["CutThroughFate","CrushJoints+1"],"picked":"Pray","floor":21},{"not_picked":["CutThroughFate","Vengeance"],"picked":"FlyingSleeves+1","floor":21},{"not_picked":["FlyingSleeves","Protect+1"],"picked":"InnerPeace","floor":21},{"not_picked":["SashWhip+1","Wireheading"],"picked":"Swivel","floor":21},{"not_picked":["Devotion","Protect+1"],"picked":"EmptyBody","floor":24},{"not_picked":["Conclude+1","WheelKick+1","FollowUp"],"picked":"SKIP","floor":25},{"not_picked":["Crescendo","SashWhip+1","Fasting2"],"picked":"SKIP","floor":28},{"not_picked":["WaveOfTheHand+1","Adaptation+1","Indignation"],"picked":"SKIP","floor":29},{"not_picked":["Establishment","MasterReality"],"picked":"DevaForm","floor":33},{"not_picked":["WheelKick+1","InnerPeace+1"],"picked":"EmptyBody+1","floor":35},{"not_picked":["PathToVictory+1","Study"],"picked":"Consecrate+1","floor":36},{"not_picked":["DeceiveReality+1","SandsOfTime+1"],"picked":"ClearTheMind+1","floor":38},{"not_picked":["Halt","Meditate+1"],"picked":"EmptyBody+1","floor":39},{"not_picked":["SashWhip+1","Pray+1"],"picked":"Worship+1","floor":42}],"player_experience":8193,"relics_obtained":[{"floor":5,"key":"Akabeko"},{"floor":9,"key":"Mummified Hand"},{"floor":10,"key":"Odd Mushroom"},{"floor":11,"key":"Matryoshka"},{"floor":13,"key":"Whetstone"},{"floor":24,"key":"Strawberry"},{"floor":26,"key":"TeardropLocket"},{"floor":26,"key":"Bottled Flame"},{"floor":29,"key":"Lantern"},{"floor":36,"key":"CaptainsWheel"},{"floor":43,"key":"White Beast Statue"}],"event_choices":[{"damage_healed":0,"gold_gain":0,"player_choice":"Donut","damage_taken":0,"max_hp_gain":5,"max_hp_loss":0,"event_name":"Big Fish","floor":3,"gold_loss":0},{"damage_healed":0,"gold_gain":0,"player_choice":"Ignored","damage_taken":0,"max_hp_gain":0,"max_hp_loss":0,"event_name":"Golden Wing","floor":4,"gold_loss":0},{"damage_healed":0,"gold_gain":0,"player_choice":"Grow","damage_taken":0,"max_hp_gain":0,"max_hp_loss":0,"event_name":"Living Wall","floor":8,"gold_loss":0,"cards_upgraded":["Tantrum"]},{"damage_healed":0,"gold_gain":0,"player_choice":"Fought Mushrooms","damage_taken":0,"max_hp_gain":0,"max_hp_loss":0,"event_name":"Mushrooms","floor":10,"gold_loss":0},{"cards_removed":["Alpha"],"damage_healed":0,"gold_gain":0,"player_choice":"Give","damage_taken":0,"max_hp_gain":0,"max_hp_loss":0,"event_name":"betterNote:BetterNote","floor":19,"gold_loss":0,"cards_obtained":["None"]},{"damage_healed":0,"gold_gain":0,"player_choice":"Forge","damage_taken":0,"max_hp_gain":0,"max_hp_loss":0,"event_name":"Accursed Blacksmith","floor":22,"gold_loss":0,"cards_upgraded":["Alpha"]},{"damage_healed":0,"gold_gain":0,"player_choice":"Paid Fearfully","damage_taken":0,"max_hp_gain":0,"max_hp_loss":0,"event_name":"Masked Bandits","floor":30,"gold_loss":96},{"damage_healed":0,"gold_gain":0,"player_choice":"Ignored","damage_taken":0,"max_hp_gain":0,"max_hp_loss":0,"event_name":"Ghosts","floor":31,"gold_loss":0},{"damage_healed":0,"gold_gain":0,"player_choice":"Fight","damage_taken":0,"max_hp_gain":0,"max_hp_loss":0,"event_name":"MindBloom","floor":36,"gold_loss":0},{"damage_healed":0,"gold_gain":0,"player_choice":"Max HP","damage_taken":0,"max_hp_gain":0,"max_hp_loss":4,"event_name":"Winding Halls","floor":37,"gold_loss":0},{"damage_healed":0,"gold_gain":0,"player_choice":"Ignored","damage_taken":0,"max_hp_gain":0,"max_hp_loss":0,"event_name":"Tomb of Lord Red Mask","floor":41,"gold_loss":0}],"is_beta":false,"boss_relics":[{"not_picked":["Black Star","Ectoplasm"],"picked":"Sozu"},{"not_picked":["Runic Dome","Snecko Eye"],"picked":"Fusion Hammer"}],"items_purged_floors":[],"is_endless":false,"potions_floor_spawned":[2,10,13,24,28,33,36,38],"killed_by":"Writhing Mass","ascension_level":0}}