{"host":"tpbmol9dayg75a5s","time":1611011974,"event":{"mods":["BaseMod","Bestiary","Block Reminder","Colored Powertips","Dark Map","Downfall","Minty Spire (QoL Compilation)","Relic Stats","StSLib"],"gold_per_floor":[99,118,128,145,158,58,58,58,74,101,101,111,9,9,26,102,102,102,121,1,21,35,60,84,84,109,109,144,144,144,144,156,228,228,228,239,18,34,49,66,66,92,92,92,92,92,92,111,129,129],"floor_reached":51,"language":"ENG","playtime":11119,"items_purged":["Strike_G","Night Terror"],"score":1391,"play_id":"5bb39b61-09d5-419f-955a-4b82f3ec29f0","local_time":"20210118201934","is_ascension_mode":true,"campfire_choices":[{"floor":1,"key":"RECALL"},{"floor":6,"key":"REST"},{"data":"Neutralize","floor":8,"key":"SMITH"},{"data":"Footwork","floor":18,"key":"SMITH"},{"floor":25,"key":"REST"},{"data":"Bullet Time","floor":27,"key":"SMITH"},{"floor":29,"key":"REST"},{"data":"After Image","floor":35,"key":"SMITH"},{"floor":43,"key":"REST"},{"data":"Noxious Fumes","floor":45,"key":"SMITH"},{"data":"Footwork","floor":47,"key":"SMITH"}],"circlet_count":0,"master_deck":["AscendersBane","Strike_G","Strike_G","Strike_G","Defend_G","Defend_G","Defend_G","Defend_G","Defend_G","Survivor","Neutralize+1","Backflip","Underhanded Strike","Eviscerate","Unload","Dodge and Roll","Dash","PiercingWail","Footwork+1","Noxious Fumes+1","Bullet Time+1","Crippling Poison","Predator","Dagger Throw","Acrobatics","Dodge and Roll","Footwork+1","Dagger Throw","Backflip","After Image+1","Leg Sweep","Reflex+1","Well Laid Plans"],"relics":["Ring of the Snake","downfall:HeartBlessingRed","Gambling Chip","StoneCalendar","sneckomod:SneckoTalon","The Courier","hexamod:BolsterEngine","TungstenRod","Bronze Scales","White Beast Statue","Spirit Poop","expansioncontent:StudyCardRelic","ClockworkSouvenir","Pantograph","Lantern"],"acts_visited":["Exordium","TheCity","TheBeyond"],"potions_floor_usage":[16,16,23,28,33,40,50,50],"damage_taken":[{"damage":13,"enemies":"Cultist","floor":2,"turns":5},{"damage":4,"enemies":"Small Slimes","floor":3,"turns":4},{"damage":0,"enemies":"2 Louse","floor":4,"turns":2},{"damage":19,"enemies":"Large Slime","floor":5,"turns":12},{"damage":0,"enemies":"2 Fungi Beasts","floor":9,"turns":2},{"damage":29,"enemies":"3 Sentries","floor":10,"turns":8},{"damage":4,"enemies":"Gremlin Gang","floor":12,"turns":4},{"damage":0,"enemies":"downfall:FleeingMerchant","floor":13,"turns":4},{"damage":4,"enemies":"Exordium Thugs","floor":15,"turns":3},{"damage":18,"enemies":"SI_SHIV_ARCHETYPE","floor":16,"turns":9},{"damage":0,"enemies":"Spheric Guardian","floor":19,"turns":4},{"damage":0,"enemies":"downfall:FleeingMerchant","floor":20,"turns":4},{"damage":8,"enemies":"Shell Parasite","floor":21,"turns":5},{"damage":5,"enemies":"Centurion and Healer","floor":22,"turns":7},{"damage":29,"enemies":"Slavers","floor":23,"turns":6},{"damage":0,"enemies":"Gremlin Leader","floor":26,"turns":6},{"damage":31,"enemies":"Slavers","floor":28,"turns":7},{"damage":8,"enemies":"3 Cultists","floor":32,"turns":6},{"damage":9,"enemies":"IC_MUSHROOM_ARCHETYPE","floor":33,"turns":9},{"damage":8,"enemies":"3 Darklings","floor":36,"turns":3},{"damage":1,"enemies":"downfall:FleeingMerchant","floor":37,"turns":4},{"damage":10,"enemies":"3 Shapes","floor":38,"turns":3},{"damage":6,"enemies":"Sphere and 2 Shapes","floor":39,"turns":5},{"damage":0,"enemies":"Jaw Worm Horde","floor":40,"turns":4},{"damage":13,"enemies":"Nemesis","floor":42,"turns":7},{"damage":15,"enemies":"3 Darklings","floor":48,"turns":6},{"damage":0,"enemies":"4 Shapes","floor":49,"turns":6},{"damage":2,"enemies":"WA_ARCHETYPE_DIVINITY","floor":50,"turns":14}],"seed_played":"-4073074096656849498","potions_obtained":[{"floor":5,"key":"PowerPotion"},{"floor":12,"key":"Ancient Potion"},{"floor":15,"key":"SkillPotion"},{"floor":16,"key":"LiquidBronze"},{"floor":21,"key":"Weak Potion"},{"floor":32,"key":"Weak Potion"},{"floor":33,"key":"champ:CounterPotion"},{"floor":36,"key":"LiquidMemories"},{"floor":40,"key":"bronze:BurnAndBuffPotion"}],"is_trial":false,"path_per_floor":["R","M","M","M","M","R","T","R","M","E","?","M","$","?","M","B",null,"R","M","$","M","M","E","T","R","E","R","E","R","?","?","M","B",null,"R","M","$","M","M","M","T","E","R","?","R","?","R","M","M","B",null],"character_chosen":"THE_SILENT","items_purchased":["Footwork","Dagger Throw","ClockworkSouvenir"],"campfire_rested":4,"item_purchase_floors":[13,20,37],"current_hp_per_floor":[65,52,48,48,29,50,50,50,50,21,21,17,17,41,37,19,59,59,59,59,51,46,17,17,38,38,38,7,28,28,28,20,11,57,57,49,48,38,32,32,32,19,40,40,40,37,37,22,22,45],"gold":129,"neow_bonus":"TEN_PERCENT_HP_BONUS","is_daily":false,"chose_seed":false,"campfire_upgraded":6,"win_rate":0.0,"timestamp":1611011974,"path_taken":["R","M","M","M","M","R","T","R","?","E","?","M","$","?","M","BOSS","R","M","$","M","M","E","T","R","E","R","E","R","?","?","M","BOSS","R","M","$","M","?","M","T","E","R","?","R","?","R","M","M","BOSS"],"items_purchased_type":["Card","Card","Relic"],"build_version":"2020-12-22","purchased_purges":2,"victory":true,"max_hp_per_floor":[72,72,72,72,72,72,72,72,72,72,72,72,72,72,72,72,72,72,72,72,72,72,72,72,72,72,72,72,72,72,72,72,72,72,72,72,72,72,72,72,72,72,72,72,72,72,72,72,72,72],"relic_stats":{"counters":[28,159],"Gambling Chip":[52],"Bronze Scales":[195],"Pantograph":25,"StoneCalendar":[214],"obtain_stats":[{"Lantern":42,"downfall:HeartBlessingRed":6,"Spirit Poop":31,"StoneCalendar":10,"The Courier":23,"expansioncontent:StudyCardRelic":34,"sneckomod:SneckoTalon":17,"White Beast Statue":30,"ClockworkSouvenir":37,"Gambling Chip":7,"Bronze Scales":28,"Pantograph":41,"hexamod:BolsterEngine":24,"TungstenRod":26,"Ring of the Snake":0},{"Lantern":25,"downfall:HeartBlessingRed":4,"Spirit Poop":17,"StoneCalendar":6,"The Courier":15,"expansioncontent:StudyCardRelic":19,"sneckomod:SneckoTalon":10,"White Beast Statue":17,"ClockworkSouvenir":21,"Gambling Chip":4,"Bronze Scales":17,"Pantograph":24,"hexamod:BolsterEngine":15,"TungstenRod":16,"Ring of the Snake":0},{"Lantern":133,"downfall:HeartBlessingRed":23,"Spirit Poop":92,"StoneCalendar":33,"The Courier":79,"expansioncontent:StudyCardRelic":107,"sneckomod:SneckoTalon":53,"White Beast Statue":92,"ClockworkSouvenir":114,"Gambling Chip":23,"Bronze Scales":92,"Pantograph":126,"hexamod:BolsterEngine":79,"TungstenRod":85,"Ring of the Snake":0}],"TungstenRod":25,"Ring of the Snake":[56]},"card_choices":[{"not_picked":["Deflect","Outmaneuver"],"picked":"Backflip","floor":2},{"not_picked":["Deflect","Cloak And Dagger"],"picked":"Underhanded Strike","floor":3},{"not_picked":["Prepared","Underhanded Strike"],"picked":"Eviscerate","floor":4},{"not_picked":["Masterful Stab","Acrobatics"],"picked":"Unload","floor":5},{"not_picked":["Deadly Poison","Blade Dance"],"picked":"Dodge and Roll","floor":9},{"not_picked":["Dagger Spray","A Thousand Cuts","Setup"],"picked":"SKIP","floor":10},{"not_picked":["Noxious Fumes","Cloak And Dagger"],"picked":"Dash","floor":12},{"not_picked":["Infinite Blades","Bouncing Flask"],"picked":"PiercingWail","floor":13},{"not_picked":["Dash","Predator"],"picked":"Noxious Fumes","floor":15},{"not_picked":["A Thousand Cuts","Glass Knife"],"picked":"Bullet Time","floor":16},{"not_picked":["Caltrops+1","Concentrate"],"picked":"Crippling Poison","floor":19},{"not_picked":["Finisher","Riddle With Holes"],"picked":"Predator","floor":20},{"not_picked":["Poisoned Stab","Dodge and Roll+1"],"picked":"Acrobatics","floor":21},{"not_picked":["Setup","Quick Slash"],"picked":"Dodge and Roll","floor":22},{"not_picked":["Poisoned Stab","Caltrops"],"picked":"Footwork","floor":23},{"not_picked":["Setup","Flechettes"],"picked":"Dagger Throw","floor":26},{"not_picked":["Dagger Spray","Underhanded Strike"],"picked":"Night Terror","floor":28},{"not_picked":["Bane","Crippling Poison+1"],"picked":"Backflip","floor":32},{"not_picked":["Burst","Bullet Time"],"picked":"After Image","floor":33},{"not_picked":["Underhanded Strike","Blade Dance"],"picked":"Leg Sweep","floor":36},{"not_picked":["Concentrate","Caltrops+1","Masterful Stab"],"picked":"SKIP","floor":37},{"not_picked":["Backflip","Underhanded Strike","Bane"],"picked":"SKIP","floor":38},{"not_picked":["Slice+1","Infinite Blades+1"],"picked":"Reflex+1","floor":39},{"not_picked":["Envenom","Acrobatics","Sucker Punch"],"picked":"SKIP","floor":40},{"not_picked":["Quick Slash","PiercingWail+1","Sucker Punch"],"picked":"SKIP","floor":42},{"not_picked":["Bane","Eviscerate"],"picked":"Well Laid Plans","floor":48},{"not_picked":["Backflip","Storm of Steel","PiercingWail"],"picked":"SKIP","floor":49}],"player_experience":1044841,"relics_obtained":[{"floor":7,"key":"Gambling Chip"},{"floor":10,"key":"StoneCalendar"},{"floor":23,"key":"The Courier"},{"floor":24,"key":"hexamod:BolsterEngine"},{"floor":26,"key":"TungstenRod"},{"floor":28,"key":"Bronze Scales"},{"floor":41,"key":"Pantograph"},{"floor":42,"key":"Lantern"}],"event_choices":[{"damage_healed":24,"gold_gain":0,"player_choice":"Banana","damage_taken":0,"max_hp_gain":0,"max_hp_loss":0,"event_name":"Big Fish","floor":14,"gold_loss":0},{"cards_removed":["Writhe"],"damage_healed":0,"gold_gain":0,"player_choice":"Offered Curse","damage_taken":0,"relics_obtained":["Spirit Poop"],"max_hp_gain":0,"max_hp_loss":0,"event_name":"Bonfire Elementals","floor":31,"gold_loss":0},{"damage_healed":0,"gold_gain":0,"player_choice":"Ignored","damage_taken":0,"max_hp_gain":0,"max_hp_loss":0,"event_name":"Mysterious Sphere","floor":44,"gold_loss":0}],"is_beta":false,"boss_relics":[{"not_picked":["Cursed Key","Philosopher\u0027s Stone"],"picked":"sneckomod:SneckoTalon"},{"not_picked":["Velvet Choker","bronze:MakeshiftBattery"],"picked":"expansioncontent:StudyCardRelic"}],"items_purged_floors":[20,37],"is_endless":false,"potions_floor_spawned":[5,12,15,16,21,22,32,33,36,37,38,39,40,42,48,49],"ascension_level":19}}