{"host":"xc18ixkpjvqrt8st","time":1611004748,"event":{"mods":["Act Like it!","BaseMod","Better Match","Better Third Choice","Conspire","Hallownest","Hermit","Hubris","Infinite Spire","Minty Spire (QoL Compilation)","Replay The Spire","Robot Space Explorer","Shop Mod","Spicy Shops","StSLib","The Animator","The Jungle","The Marked"],"gold_per_floor":[125,125,18,44,60,73,73,73,100,100,139,139,139,158,158,268,268,288,288,288,306,306,306,320,320,320,320,336,370,370,387,387,387,387],"floor_reached":33,"language":"ENG","playtime":1785,"items_purged":[],"score":265,"play_id":"b065762e-8534-484c-bfd9-931bd2285d13","local_time":"20210118151908","is_ascension_mode":false,"campfire_choices":[{"floor":8,"key":"RECALL"},{"floor":12,"key":"REST"},{"data":"infinitespire:FutureSight","floor":23,"key":"SMITH"},{"floor":25,"key":"REST"},{"floor":30,"key":"REST"},{"floor":32,"key":"REST"}],"circlet_count":0,"master_deck":["animator:Strike_Konosuba","animator:Defend_Konosuba","animator:Strike","animator:Strike","animator:Strike","animator:Defend","animator:Defend","animator:Defend","animator:Kazuma","animator:Aqua","animator:Millim","animator:Shuna","animator:Lancer","animator:Darkness","animator:Vesta+1","animator:Mitsurugi","animator:Souei","animator:Benimaru","animator:Hans","CurseOfTheBell","animator:Biyorigo","animator:KyokoSakura","infinitespire:FutureSight+1","animator:Verdia","hubris:DuctTapeCard","animator:Saitama","animator:UneriGinkaku","animator:Archer","animator:Rider"],"relics":["animator:LivingPicture","animator:TheMissingPiece","NeowsBlessing","animator:WornHelmet","ReplayTheSpireMod:Lightbulb","Calling Bell","Lantern","hubris:PeanutButter","conspire:GiftBox","hubris:DuctTape","hubris:Towel","Ancient Tea Set"],"acts_visited":["Exordium","TheCity"],"potions_floor_usage":[11,29,33,33],"damage_taken":[{"damage":0,"enemies":"2 Louse","floor":1,"turns":2},{"damage":0,"enemies":"Cultist","floor":4,"turns":1},{"damage":0,"enemies":"Small Slimes","floor":5,"turns":1},{"damage":4,"enemies":"3 Louse","floor":6,"turns":4},{"damage":28,"enemies":"3 Sentries","floor":11,"turns":12},{"damage":5,"enemies":"Red Slaver","floor":14,"turns":3},{"damage":39,"enemies":"Slime Boss","floor":16,"turns":13},{"damage":15,"enemies":"Spheric Guardian","floor":18,"turns":5},{"damage":0,"enemies":"Chosen","floor":21,"turns":5},{"damage":2,"enemies":"Snecko","floor":24,"turns":6},{"damage":14,"enemies":"Centurion and Healer","floor":28,"turns":7},{"damage":47,"enemies":"conspire:SneckoGhost","floor":29,"turns":8},{"damage":5,"enemies":"Snake Plant","floor":31,"turns":4},{"damage":58,"enemies":"Automaton","floor":33,"turns":8}],"seed_played":"5328810072488939724","potions_obtained":[{"floor":1,"key":"Toxic Potion"},{"floor":2,"key":"Doom Potion"},{"floor":2,"key":"LiquidBronze"},{"floor":11,"key":"Weak Potion"},{"floor":14,"key":"CultistPotion"},{"floor":29,"key":"SpeedPotion"}],"is_trial":false,"path_per_floor":["M","?","$","M","M","M","?","R","T","?","E","R","?","M","R","B",null,"M","?","?","M","AVR","R","M","R","T","?","M","E","R","M","R","B"],"character_chosen":"THE_ANIMATOR","items_purchased":["animator:Shuna","animator:Lancer"],"campfire_rested":4,"item_purchase_floors":[3,3],"current_hp_per_floor":[66,66,66,66,67,66,66,66,66,59,33,53,53,51,69,32,69,56,56,56,59,59,59,59,70,70,70,56,11,32,29,50,0,0],"gold":387,"neow_bonus":"THREE_ENEMY_KILL","is_daily":false,"chose_seed":false,"campfire_upgraded":1,"win_rate":0.0,"timestamp":1611004748,"path_taken":["M","?","$","?","M","M","?","R","T","?","E","R","?","M","R","BOSS","M","?","?","M","AVR","R","M","R","T","?","M","E","R","M","R","BOSS"],"items_purchased_type":["Card","Card"],"build_version":"2020-12-22","purchased_purges":0,"victory":false,"max_hp_per_floor":[66,66,66,66,67,68,68,68,68,68,68,68,68,69,69,69,69,69,69,69,70,70,70,70,70,70,70,70,70,70,70,70,70,70],"card_choices":[{"not_picked":["animator:ShinjiMatou","animator:OrikoMikuni"],"picked":"animator:Millim","floor":1},{"not_picked":["animator:Kuribayashi","animator:Hitei"],"picked":"animator:Darkness","floor":4},{"not_picked":["animator:Melzalgald","animator:MamiTomoe"],"picked":"animator:Vesta","floor":5},{"not_picked":["animator:Vanir","animator:Kazuma"],"picked":"animator:Mitsurugi","floor":6},{"not_picked":["animator:Illya","animator:Geryuganshoop"],"picked":"animator:Souei","floor":11},{"not_picked":["animator:Konayuki","animator:YuiTsuruno"],"picked":"animator:Benimaru","floor":14},{"not_picked":["animator:Wiz","animator:ItamiYouji"],"picked":"animator:Hans","floor":16},{"not_picked":["animator:Shizu","animator:MadokaKaname"],"picked":"animator:Biyorigo","floor":17},{"not_picked":["animator:Mitsurugi","animator:ShinjiMatou"],"picked":"animator:KyokoSakura","floor":18},{"not_picked":["infinitespire:UltimateForm","infinitespire:SealOfDarkness+"],"picked":"infinitespire:FutureSight","floor":19},{"not_picked":["animator:Kazuma","animator:Wiz"],"picked":"animator:Verdia","floor":21},{"not_picked":["animator:Nanami","animator:Togame"],"picked":"animator:Saitama","floor":24},{"not_picked":["animator:Illya","animator:Mitsurugi"],"picked":"animator:UneriGinkaku","floor":28},{"not_picked":["animator:Vanir","animator:MetalKnight"],"picked":"animator:Archer","floor":29},{"not_picked":["animator:Kuribayashi","animator:ZankiKiguchi"],"picked":"animator:Rider","floor":31}],"player_experience":545202,"relics_obtained":[{"floor":9,"key":"animator:WornHelmet"},{"floor":11,"key":"ReplayTheSpireMod:Lightbulb"},{"floor":17,"key":"Lantern"},{"floor":17,"key":"hubris:PeanutButter"},{"floor":17,"key":"conspire:GiftBox"},{"floor":29,"key":"Ancient Tea Set"}],"event_choices":[{"damage_healed":0,"gold_gain":0,"player_choice":"Got Potions","damage_taken":0,"max_hp_gain":0,"max_hp_loss":0,"event_name":"Lab","floor":2,"gold_loss":0},{"cards_removed":["Shame"],"damage_healed":0,"gold_gain":0,"player_choice":"Card Removal","damage_taken":7,"max_hp_gain":0,"max_hp_loss":0,"event_name":"Golden Wing","floor":10,"gold_loss":0},{"damage_healed":0,"gold_gain":0,"player_choice":"Bought 0 Potions","damage_taken":0,"max_hp_gain":0,"max_hp_loss":0,"event_name":"The Woman in Blue","floor":13,"gold_loss":0}],"is_beta":false,"boss_relics":[{"not_picked":["hubris:TerracottaHorce","conspire:SpecialSausage"],"picked":"Calling Bell"}],"items_purged_floors":[],"is_endless":false,"potions_floor_spawned":[1,4,11,14,21,28,29,31],"killed_by":"Automaton","ascension_level":0}}