{"host":"os7ajuuouznx3pj7","time":1611004314,"event":{"mods":["AchievementEnabler","BaseMod","Bestiary","Block Reminder","Colored Map","Colored Powertips","Keyboard Shortcuts","Minty Spire (QoL Compilation)","Quick Restart","Relic Sorter","Relic Stats","SuperFastMode"],"gold_per_floor":[214,228,228,241,241,257,257,283,336,56,86,86,36,56,56,130,130],"floor_reached":16,"language":"ENG","playtime":1239,"items_purged":[],"score":264,"play_id":"b6260b64-0bab-4dfc-983c-7560d1e7c21a","local_time":"20210118191154","is_ascension_mode":true,"campfire_choices":[{"data":"Masterful Stab","floor":7.0,"key":"SMITH"},{"floor":12,"key":"REST"},{"data":"Grand Finale","floor":15,"key":"SMITH"}],"circlet_count":0,"master_deck":["AscendersBane","Strike_G","Strike_G","Strike_G","Defend_G","Defend_G","Defend_G","Defend_G","Defend_G","Survivor","Neutralize","Sucker Punch","Masterful Stab","Footwork","Masterful Stab+1","Expertise","Tools of the Trade","Leg Sweep","Footwork","Grand Finale+1"],"relics":["Ring of the Snake","InkBottle","Bag of Marbles","Regal Pillow"],"acts_visited":["Exordium"],"potions_floor_usage":[8,11,16],"damage_taken":[{"damage":3.0,"enemies":"Jaw Worm","floor":1.0,"turns":6.0},{"damage":0.0,"enemies":"Cultist","floor":2.0,"turns":4.0},{"damage":0.0,"enemies":"2 Louse","floor":4.0,"turns":3.0},{"damage":0.0,"enemies":"Exordium Thugs","floor":6.0,"turns":4.0},{"damage":19,"enemies":"Lagavulin","floor":8,"turns":8},{"damage":26,"enemies":"Gremlin Nob","floor":11,"turns":5},{"damage":0,"enemies":"2 Fungi Beasts","floor":14,"turns":3},{"damage":49,"enemies":"Slime Boss","floor":16,"turns":12}],"seed_played":"-9039069623053505782","potions_obtained":[{"floor":2.0,"key":"Explosive Potion"},{"floor":6.0,"key":"EssenceOfSteel"},{"floor":8,"key":"CultistPotion"},{"floor":11,"key":"GhostInAJar"},{"floor":16,"key":"Strength Potion"}],"is_trial":false,"path_per_floor":["M","M","?","M","$","M","R","E","T","$","E","R","?","M","R","B"],"character_chosen":"THE_SILENT","items_purchased":["Leg Sweep","Footwork","Grand Finale"],"campfire_rested":1,"item_purchase_floors":[10,10,10],"current_hp_per_floor":[60,60,60,60,60,60,60,41,41,41,15,51,51,51,51,2,2],"gold":130,"neow_bonus":"HUNDRED_GOLD","is_daily":false,"chose_seed":false,"campfire_upgraded":2,"win_rate":0.0,"timestamp":1611004314,"path_taken":["M","M","?","M","?","M","R","E","T","$","E","R","?","?","R","BOSS"],"items_purchased_type":["Card","Card","Card"],"build_version":"2020-12-22","purchased_purges":0,"victory":false,"max_hp_per_floor":[70,70,70,70,70,70,70,70,70,70,70,70,70,70,70,70,70],"relic_stats":{"Regal Pillow":15,"counters":[8,45],"obtain_stats":[{"Regal Pillow":11,"Bag of Marbles":9,"InkBottle":8,"Ring of the Snake":0},{"Regal Pillow":6,"Bag of Marbles":5,"InkBottle":5,"Ring of the Snake":0},{"Regal Pillow":30,"Bag of Marbles":25,"InkBottle":25,"Ring of the Snake":0}],"InkBottle":[5],"Ring of the Snake":[16]},"card_choices":[{"not_picked":["Acrobatics","Caltrops"],"picked":"Sucker Punch","floor":1.0},{"not_picked":["All Out Attack","Dagger Throw"],"picked":"Masterful Stab","floor":2.0},{"not_picked":["Eviscerate","Dagger Spray"],"picked":"Masterful Stab","floor":4.0},{"not_picked":["Choke","Eviscerate"],"picked":"Expertise","floor":6.0},{"not_picked":["Night Terror","Setup"],"picked":"Tools of the Trade","floor":8},{"not_picked":["Infinite Blades","Envenom","Dagger Spray"],"picked":"SKIP","floor":11},{"not_picked":["Dagger Throw","Dodge and Roll","Underhanded Strike"],"picked":"SKIP","floor":14}],"player_experience":967828,"relics_obtained":[{"floor":8,"key":"InkBottle"},{"floor":9,"key":"Bag of Marbles"},{"floor":11,"key":"Regal Pillow"}],"event_choices":[{"damage_healed":0.0,"max_hp_gain":0.0,"max_hp_loss":0.0,"gold_gain":0.0,"cards_transformed":["Strike_G"],"event_name":"Transmorgrifier","player_choice":"Transformed","floor":3.0,"gold_loss":0.0,"damage_taken":0.0,"cards_obtained":["Footwork"]},{"cards_removed":["Strike_G"],"damage_healed":0,"gold_gain":0,"player_choice":"Card Removal","damage_taken":0,"max_hp_gain":0,"max_hp_loss":0,"event_name":"The Cleric","floor":13,"gold_loss":50}],"is_beta":false,"boss_relics":[],"items_purged_floors":[],"is_endless":false,"potions_floor_spawned":[2,6,8,11,16],"killed_by":"Slime Boss","ascension_level":13}}