{"host":"tkinv8gv6hgcc58b","time":1611000502,"event":{"mods":["AchievementEnabler","BaseMod","BetterRewards","Colored Map","Downfall","Googly Eyes","Hermit","Minty Spire (QoL Compilation)","READ ME - Guardian Mod","Rare Cards Sparkle","Relic Filter","Shop Mod","StSLib","The Cursed","The Disciple"],"gold_per_floor":[110,38,38,213,225,254,254,282,282,247,247,322,340,353,353,452,452,468,468,468,180,197,197,232,246,271,288,288,298,326,77,77,174,174,188,0,0,14,29,29,57,57,82,94,94,94,119,166,166,166],"floor_reached":51,"language":"ENG","playtime":4873,"items_purged":[],"score":1091,"play_id":"5467caa8-7b49-4e94-a58f-7a0668241d91","local_time":"20210118150822","is_ascension_mode":true,"campfire_choices":[{"data":"Feed","floor":7.0,"key":"SMITH"},{"floor":11.0,"key":"REST"},{"data":"Metallicize","floor":15.0,"key":"SMITH"},{"floor":23.0,"key":"REST"},{"floor":28.0,"key":"REST"},{"floor":32.0,"key":"REST"},{"floor":40,"key":"REST"},{"floor":42,"key":"REST"},{"floor":45,"key":"REST"},{"floor":49,"key":"REST"}],"circlet_count":0,"master_deck":["Strike_R+1","Strike_R+1","Strike_R+1","Strike_R+1","Strike_R+1","Defend_R+1","Defend_R+1","Defend_R+1","Defend_R+1","Bash","CurseOfTheBell","Thunderclap","Clash","Metallicize+1","Doubt","Perfected Strike","Feed+1","Rampage","Disarm","Iron Wave","Disarm","Armaments","Carnage","Flex","Reaper","Seeing Red+1","Warcry","Iron Wave+1","Heavy Blade+1","Warcry","Battle Trance","Body Slam+1","Rage+1","Offering","Demon Form","Inflame","Clash+1","Warcry+1","Metallicize","Offering","Madness","Madness","Heavy Blade+1","Warcry"],"relics":["Calling Bell","Dream Catcher","Blue Candle","Prayer Wheel","Eternal Feather","Shuriken","Pen Nib","Fusion Hammer","Du-Vu Doll","Centennial Puzzle","Happy Flower","Ancient Tea Set","Guardian:PocketSentry","Black Star","Red Mask","Toy Ornithopter","Paper Frog","Meat on the Bone","CaptainsWheel"],"acts_visited":["Exordium","TheCity","TheBeyond"],"potions_floor_usage":[50,50],"damage_taken":[{"damage":4.0,"enemies":"Small Slimes","floor":1.0,"turns":5.0},{"damage":1.0,"enemies":"2 Louse","floor":5.0,"turns":3.0},{"damage":19.0,"enemies":"Gremlin Nob","floor":6.0,"turns":4.0},{"damage":30.0,"enemies":"Lagavulin","floor":8.0,"turns":8.0},{"damage":7.0,"enemies":"Jaw Worm","floor":13.0,"turns":3.0},{"damage":6.0,"enemies":"Blue Slaver","floor":14.0,"turns":8.0},{"damage":15.0,"enemies":"The Guardian","floor":16.0,"turns":10.0},{"damage":17.0,"enemies":"2 Thieves","floor":18.0,"turns":5.0},{"damage":0.0,"enemies":"Chosen","floor":22.0,"turns":3.0},{"damage":20.0,"enemies":"Gremlin Leader","floor":24.0,"turns":6.0},{"damage":17.0,"enemies":"Snake Plant","floor":25.0,"turns":4.0},{"damage":9.0,"enemies":"Shelled Parasite and Fungi","floor":27.0,"turns":3.0},{"damage":3.0,"enemies":"Centurion and Healer","floor":29.0,"turns":5.0},{"damage":19.0,"enemies":"Book of Stabbing","floor":30.0,"turns":5.0},{"damage":58.0,"enemies":"Automaton","floor":33.0,"turns":7.0},{"damage":6,"enemies":"3 Shapes","floor":35,"turns":3},{"damage":1,"enemies":"Orb Walker","floor":38,"turns":3},{"damage":22,"enemies":"Transient","floor":39,"turns":5},{"damage":20,"enemies":"Giant Head","floor":41,"turns":6},{"damage":28,"enemies":"Jaw Worm Horde","floor":44,"turns":4},{"damage":27,"enemies":"Nemesis","floor":47,"turns":5},{"damage":30,"enemies":"2 Orb Walkers","floor":48,"turns":5},{"damage":38,"enemies":"Donu and Deca","floor":50,"turns":7}],"seed_played":"-118749374642985292","potions_obtained":[{"floor":8.0,"key":"Explosive Potion"},{"floor":14.0,"key":"EntropicBrew"},{"floor":16.0,"key":"PowerPotion"},{"floor":18.0,"key":"CultistPotion"},{"floor":25.0,"key":"PowerPotion"},{"floor":30.0,"key":"LiquidBronze"},{"floor":33.0,"key":"HeartOfIron"}],"is_trial":false,"path_per_floor":["M","$","?","?","M","E","R","E","T","?","R","?","M","M","R","B",null,"M","?","?","$","M","R","E","M","T","M","R","M","E","$","R","B",null,"M","?","?","M","M","R","E","R","T","M","R","?","E","?","R","B",null],"character_chosen":"IRONCLAD","items_purchased":["Metallicize","Du-Vu Doll","FairyPotion","Guardian:PocketSentry"],"campfire_rested":8,"item_purchase_floors":[2,21,31,31],"current_hp_per_floor":[68,68,68,68,67,48,57,27,27,47,80,69,62,60,72,61,81,71,71,71,71,71,92,82,69,69,72,100,97,84,84,100,42,86,80,80,80,88,77,100,86,100,100,76,104,91,77,54,104,66],"gold":166,"neow_bonus":"BOSS_RELIC","is_daily":false,"chose_seed":false,"campfire_upgraded":2,"win_rate":0.0,"timestamp":1611000502,"path_taken":["M","$","?","?","M","E","R","E","T","?","R","?","M","M","R","BOSS","M","?","?","?","?","R","E","M","T","M","R","M","E","$","R","BOSS","M","?","?","?","M","R","E","R","T","M","R","?","E","?","R","BOSS"],"items_purchased_type":["Card","Relic","Potion","Relic"],"build_version":"2020-12-22","purchased_purges":0,"victory":true,"max_hp_per_floor":[80,80,80,80,80,80,80,80,80,80,80,80,80,84,84,88,88,92,92,92,92,92,92,92,96,96,100,100,100,100,100,100,100,100,100,100,100,100,100,100,100,100,100,104,104,104,104,104,104,104],"card_choices":[{"not_picked":["Dark Embrace","Warcry"],"picked":"Thunderclap","floor":1.0},{"not_picked":["Iron Wave","Bloodletting"],"picked":"Clash","floor":1.0},{"not_picked":["Burning Pact","Havoc"],"picked":"Perfected Strike","floor":5.0},{"not_picked":["Sever Soul","Twin Strike"],"picked":"Feed","floor":5.0},{"not_picked":["Anger","Armaments"],"picked":"Rampage","floor":6.0},{"not_picked":["Second Wind","Pommel Strike"],"picked":"Disarm","floor":8.0},{"not_picked":["Twin Strike","Flex"],"picked":"Iron Wave","floor":11.0},{"not_picked":["Sword Boomerang","Second Wind"],"picked":"Disarm","floor":13.0},{"not_picked":["Power Through","Clothesline"],"picked":"Armaments","floor":13.0},{"not_picked":["Iron Wave","Pommel Strike"],"picked":"Carnage","floor":14.0},{"not_picked":["Twin Strike","Pommel Strike"],"picked":"Flex","floor":14.0},{"not_picked":["Bludgeon","Impervious"],"picked":"Reaper","floor":16.0},{"not_picked":["Bloodletting+1","Clothesline"],"picked":"Seeing Red+1","floor":18.0},{"not_picked":["Wild Strike+1","Uppercut","Armaments"],"picked":"SKIP","floor":18.0},{"not_picked":["Cleave","Carnage+1"],"picked":"Warcry","floor":22.0},{"not_picked":["Flex","True Grit+1"],"picked":"Iron Wave+1","floor":22.0},{"not_picked":["Burning Pact","Carnage+1"],"picked":"Heavy Blade+1","floor":24.0},{"not_picked":["Fiend Fire","Shrug It Off"],"picked":"Warcry","floor":25.0},{"not_picked":["Cleave","Anger","Wild Strike"],"picked":"SKIP","floor":25.0},{"not_picked":["Pommel Strike+1","Thunderclap"],"picked":"Battle Trance","floor":27.0},{"not_picked":["Barricade","Blood for Blood","True Grit"],"picked":"SKIP","floor":27.0},{"not_picked":["Headbutt","Sentinel"],"picked":"Body Slam+1","floor":28.0},{"not_picked":["Clothesline","Iron Wave","Pommel Strike+1"],"picked":"SKIP","floor":29.0},{"not_picked":["Dark Embrace+1","Shrug It Off","Feel No Pain"],"picked":"SKIP","floor":29.0},{"not_picked":["Anger","Entrench"],"picked":"Rage+1","floor":30.0},{"not_picked":["Sword Boomerang+1","True Grit"],"picked":"Offering","floor":32.0},{"not_picked":["Corruption","Immolate"],"picked":"Demon Form","floor":33.0},{"not_picked":["Clash+1","Armaments+1"],"picked":"Inflame","floor":35},{"not_picked":["Body Slam+1","Entrench"],"picked":"Clash+1","floor":35},{"not_picked":["Body Slam","Ghostly Armor"],"picked":"Warcry+1","floor":38},{"not_picked":["Evolve+1","Havoc","Armaments+1"],"picked":"SKIP","floor":38},{"not_picked":["Sever Soul+1","Anger"],"picked":"Metallicize","floor":39},{"not_picked":["Evolve","Clothesline","True Grit+1"],"picked":"SKIP","floor":39},{"not_picked":["Havoc","Sword Boomerang"],"picked":"Offering","floor":40},{"not_picked":["True Grit+1","Headbutt","Body Slam"],"picked":"SKIP","floor":41},{"not_picked":["Sword Boomerang","Ghostly Armor","Heavy Blade"],"picked":"SKIP","floor":44},{"not_picked":["Corruption","True Grit","Intimidate+1"],"picked":"SKIP","floor":44},{"not_picked":["Iron Wave","Brutality","Searing Blow+1"],"picked":"SKIP","floor":47},{"not_picked":["Thunderclap+1","Rage"],"picked":"Heavy Blade+1","floor":48},{"not_picked":["Pommel Strike+1","Fire Breathing"],"picked":"Warcry","floor":49}],"player_experience":1044080,"relics_obtained":[{"floor":0.0,"key":"Dream Catcher"},{"floor":0.0,"key":"Blue Candle"},{"floor":0.0,"key":"Prayer Wheel"},{"floor":6.0,"key":"Eternal Feather"},{"floor":8.0,"key":"Shuriken"},{"floor":9.0,"key":"Pen Nib"},{"floor":24.0,"key":"Centennial Puzzle"},{"floor":26.0,"key":"Happy Flower"},{"floor":30.0,"key":"Ancient Tea Set"},{"floor":41,"key":"Toy Ornithopter"},{"floor":41,"key":"Paper Frog"},{"floor":47,"key":"Meat on the Bone"},{"floor":48,"key":"CaptainsWheel"}],"event_choices":[{"damage_healed":0.0,"max_hp_gain":0.0,"max_hp_loss":0.0,"gold_gain":175.0,"event_name":"Liars Game","player_choice":"AGREE","floor":4.0,"gold_loss":0.0,"damage_taken":0.0,"cards_obtained":["Doubt"]},{"damage_healed":20.0,"max_hp_gain":0.0,"max_hp_loss":0.0,"gold_gain":0.0,"event_name":"The Cleric","player_choice":"Healed","floor":10.0,"gold_loss":35.0,"damage_taken":0.0},{"damage_healed":0.0,"max_hp_gain":0.0,"max_hp_loss":0.0,"gold_gain":75.0,"event_name":"World of Goop","player_choice":"Gather Gold","floor":12.0,"gold_loss":0.0,"damage_taken":11.0},{"damage_healed":0.0,"max_hp_gain":0.0,"max_hp_loss":0.0,"gold_gain":0.0,"event_name":"Back to Basics","player_choice":"Simplicity","floor":20.0,"gold_loss":0.0,"damage_taken":0.0,"cards_upgraded":["Strike_R","Strike_R","Strike_R","Strike_R","Strike_R","Defend_R","Defend_R","Defend_R","Defend_R"]},{"damage_healed":0,"gold_gain":0,"player_choice":"Paid","damage_taken":0,"relics_obtained":["Red Mask"],"max_hp_gain":0,"max_hp_loss":0,"event_name":"Tomb of Lord Red Mask","floor":36,"gold_loss":188},{"damage_healed":0,"gold_gain":0,"player_choice":"Ignored","damage_taken":0,"max_hp_gain":0,"max_hp_loss":0,"event_name":"SecretPortal","floor":37,"gold_loss":0},{"damage_healed":0,"gold_gain":0,"player_choice":"Embrace Madness","damage_taken":13,"max_hp_gain":0,"max_hp_loss":0,"event_name":"Winding Halls","floor":46,"gold_loss":0,"cards_obtained":["Madness","Madness"]},{"damage_healed":0,"gold_gain":0,"player_choice":"Fight","damage_taken":0,"max_hp_gain":0,"max_hp_loss":0,"event_name":"Mysterious Sphere","floor":48,"gold_loss":0}],"is_beta":false,"boss_relics":[{"not_picked":["Runic Pyramid","Sozu"],"picked":"Fusion Hammer"},{"not_picked":["Pandora\u0027s Box","Empty Cage"],"picked":"Black Star"}],"items_purged_floors":[],"is_endless":false,"potions_floor_spawned":[8,14,16,18,25,30,33,35,38],"ascension_level":8}}