{"host":"jcg2u0j7gsi1hjjn","time":1611002228,"event":{"mods":["AchievementEnabler","BaseMod","Colored Map","Minty Spire (QoL Compilation)","StSLib"],"gold_per_floor":[219,229,245,256,325,325,358,372,398,418,418,435,435,462,462,567,617,634,634,634,594,445,474,493,493,493,509,527,544,544,544,544,544,544],"floor_reached":33,"language":"ENG","playtime":2198,"items_purged":[],"score":307,"play_id":"14c70a05-f94d-45bc-aa0d-d38269665848","local_time":"20210118213708","is_ascension_mode":true,"campfire_choices":[{"data":"Anger","floor":6.0,"key":"SMITH"},{"floor":11.0,"key":"REST"},{"data":"Carnage","floor":13.0,"key":"SMITH"},{"data":"Inflame","floor":15.0,"key":"SMITH"},{"floor":25.0,"key":"REST"},{"floor":32,"key":"REST"}],"circlet_count":0,"master_deck":["Strike_R","Strike_R","Strike_R","Strike_R","Strike_R","Defend_R+1","Defend_R","Defend_R","Defend_R","Bash","Iron Wave","Heavy Blade","Cleave","Anger+1","Pommel Strike","Shrug It Off","Pommel Strike","Carnage+1","Inflame+1","Juggernaut+1","Uppercut","Perfected Strike","Twin Strike+1","Demon Form","Berserk","Thunderclap","Shrug It Off","Infernal Blade+1","Iron Wave"],"relics":["Burning Blood","Pen Nib","Toy Ornithopter","PreservedInsect","Tiny House","Enchiridion","Orrery","Anchor","Bag of Marbles","MutagenicStrength"],"acts_visited":["Exordium","TheCity"],"potions_floor_usage":[27,28,33,33],"damage_taken":[{"damage":8.0,"enemies":"Small Slimes","floor":1.0,"turns":4.0},{"damage":1.0,"enemies":"2 Louse","floor":2.0,"turns":3.0},{"damage":1.0,"enemies":"Cultist","floor":3.0,"turns":3.0},{"damage":1.0,"enemies":"2 Fungi Beasts","floor":4.0,"turns":3.0},{"damage":26.0,"enemies":"Lagavulin","floor":7.0,"turns":6.0},{"damage":11.0,"enemies":"Looter","floor":8.0,"turns":2.0},{"damage":17.0,"enemies":"Large Slime","floor":10.0,"turns":5.0},{"damage":0.0,"enemies":"3 Louse","floor":12.0,"turns":1.0},{"damage":16.0,"enemies":"Gremlin Nob","floor":14.0,"turns":3.0},{"damage":15.0,"enemies":"Slime Boss","floor":16.0,"turns":7.0},{"damage":26.0,"enemies":"Shell Parasite","floor":18.0,"turns":4.0},{"damage":47.0,"enemies":"Slavers","floor":23.0,"turns":4.0},{"damage":10.0,"enemies":"2 Thieves","floor":24.0,"turns":4.0},{"damage":6,"enemies":"Cultist and Chosen","floor":27,"turns":4},{"damage":13,"enemies":"3 Cultists","floor":28,"turns":4},{"damage":35,"enemies":"Chosen and Byrds","floor":29,"turns":6},{"damage":99,"enemies":"Collector","floor":33,"turns":7}],"seed_played":"-8397110830476790703","potions_obtained":[{"floor":3.0,"key":"Strength Potion"},{"floor":4.0,"key":"SpeedPotion"},{"floor":8.0,"key":"Dexterity Potion"},{"floor":12.0,"key":"SpeedPotion"},{"floor":16.0,"key":"LiquidBronze"},{"floor":17.0,"key":"PowerPotion"},{"floor":23.0,"key":"Explosive Potion"},{"floor":29,"key":"BloodPotion"}],"is_trial":false,"path_per_floor":["M","M","M","M","?","R","E","M","T","M","R","M","R","E","R","B",null,"M","?","?","?","$","E","M","R","T","M","M","M","?","?","R","B"],"character_chosen":"IRONCLAD","items_purchased":["Orrery"],"campfire_rested":3,"item_purchase_floors":[22],"current_hp_per_floor":[78,80,80,80,80,80,60,55,55,44,68,74,74,64,64,55,85,69,53,81,81,81,40,36,61,61,66,64,35,35,35,60,0,0],"gold":544,"neow_bonus":"HUNDRED_GOLD","is_daily":false,"chose_seed":false,"campfire_upgraded":3,"win_rate":0.0,"timestamp":1611002228,"path_taken":["M","M","M","M","?","R","E","M","T","M","R","M","R","E","R","BOSS","M","?","?","?","$","E","M","R","T","M","M","?","?","?","R","BOSS"],"items_purchased_type":["Relic"],"build_version":"2020-12-22","purchased_purges":0,"victory":false,"max_hp_per_floor":[80,80,80,80,80,80,80,80,80,80,80,80,80,80,80,80,85,85,85,85,85,85,85,85,85,85,85,85,85,85,85,85,85,85],"card_choices":[{"not_picked":["Sever Soul","Body Slam"],"picked":"Iron Wave","floor":1.0},{"not_picked":["Wild Strike","Entrench"],"picked":"Heavy Blade","floor":2.0},{"not_picked":["Havoc","Heavy Blade"],"picked":"Cleave","floor":3.0},{"not_picked":["Spot Weakness","Twin Strike"],"picked":"Anger","floor":4.0},{"not_picked":["Cleave","Corruption"],"picked":"Pommel Strike","floor":7.0},{"not_picked":["Blood for Blood","Power Through"],"picked":"Shrug It Off","floor":8.0},{"not_picked":["Battle Trance","Dark Embrace"],"picked":"Pommel Strike","floor":10.0},{"not_picked":["Ghostly Armor","Sentinel"],"picked":"Carnage","floor":12.0},{"not_picked":["Shockwave","Dark Embrace"],"picked":"Inflame","floor":14.0},{"not_picked":["Offering","Exhume"],"picked":"Juggernaut","floor":16.0},{"not_picked":["Rupture","Wild Strike"],"picked":"Uppercut","floor":17.0},{"not_picked":["True Grit","Power Through"],"picked":"Perfected Strike","floor":18.0},{"not_picked":["Clash","Second Wind"],"picked":"Twin Strike+1","floor":22.0},{"not_picked":["Iron Wave+1","Searing Blow+1"],"picked":"Demon Form","floor":22.0},{"not_picked":["Headbutt+1","Shockwave"],"picked":"Berserk","floor":22.0},{"not_picked":["Offering","Armaments+1"],"picked":"Thunderclap","floor":22.0},{"not_picked":["Entrench","Pommel Strike"],"picked":"Shrug It Off","floor":23.0},{"not_picked":["Dual Wield","Combust"],"picked":"Infernal Blade+1","floor":24.0},{"not_picked":["Reckless Charge","Cleave","Sentinel"],"picked":"SKIP","floor":27},{"not_picked":["Warcry","Impervious","Armaments"],"picked":"SKIP","floor":28},{"not_picked":["Sentinel","Fire Breathing"],"picked":"Iron Wave","floor":29}],"player_experience":364937,"relics_obtained":[{"floor":7.0,"key":"Pen Nib"},{"floor":9.0,"key":"Toy Ornithopter"},{"floor":14.0,"key":"PreservedInsect"},{"floor":19.0,"key":"Enchiridion"},{"floor":23.0,"key":"Anchor"},{"floor":26.0,"key":"Bag of Marbles"}],"event_choices":[{"damage_healed":0.0,"max_hp_gain":0.0,"max_hp_loss":0.0,"gold_gain":69.0,"event_name":"Golden Wing","player_choice":"Gained Gold","floor":5.0,"gold_loss":0.0,"damage_taken":0.0},{"damage_healed":0.0,"max_hp_gain":0.0,"max_hp_loss":0.0,"gold_gain":0.0,"event_name":"Cursed Tome","player_choice":"Obtained Book","floor":19.0,"gold_loss":0.0,"damage_taken":16.0},{"damage_healed":28.0,"max_hp_gain":0.0,"max_hp_loss":0.0,"gold_gain":0.0,"event_name":"The Library","player_choice":"Heal","floor":20.0,"gold_loss":0.0,"damage_taken":0.0},{"damage_healed":0.0,"max_hp_gain":0.0,"max_hp_loss":0.0,"gold_gain":0.0,"event_name":"Designer","player_choice":"Upgrade","floor":21.0,"gold_loss":40.0,"damage_taken":0.0,"cards_upgraded":["Juggernaut"]},{"damage_healed":0,"gold_gain":0,"player_choice":"Ignored","damage_taken":0,"max_hp_gain":0,"max_hp_loss":0,"event_name":"Ghosts","floor":30,"gold_loss":0},{"damage_healed":0,"gold_gain":0,"player_choice":"Inject Mutagens","damage_taken":0,"relics_obtained":["MutagenicStrength"],"max_hp_gain":0,"max_hp_loss":0,"event_name":"Drug Dealer","floor":31,"gold_loss":0}],"is_beta":false,"boss_relics":[{"not_picked":["Empty Cage","SacredBark"],"picked":"Tiny House"}],"items_purged_floors":[],"is_endless":false,"potions_floor_spawned":[3,4,8,12,16,23,29],"killed_by":"Collector","ascension_level":2}}