{"host":"ibckqdmmf9y74ymf","time":1611010082,"event":{"mods":["2.2 Compatiblity","BaseMod","Colored Map","Curses Come First","Highlight Path","Minty Spire (QoL Compilation)","Quick Restart","Rare Cards Sparkle","Relic Stats","StSLib"],"gold_per_floor":[116,151,169,169,18,48,62,80,80,96,153,69,69,102,102,174,174,185,200,200,215,215,215,273,313,313,338,338,338,263,275,275,349,349,384,435,470,511,10,10,10],"floor_reached":40,"language":"ENG","playtime":2536,"items_purged":["Pain"],"score":926,"play_id":"be24f9fa-7a3c-48d1-9368-977bf9e28a8e","local_time":"20210118234802","is_ascension_mode":true,"campfire_choices":[{"floor":13.0,"key":"REST"},{"data":"ThirdEye","floor":15.0,"key":"SMITH"},{"floor":23.0,"key":"REST"},{"floor":28.0,"key":"REST"},{"floor":32.0,"key":"REST"}],"circlet_count":0,"master_deck":["AscendersBane","Eruption","Vigilance+1","Wish","WindmillStrike","Pray","Sanctity","Tantrum","TalkToTheHand","Vault+1","MentalFortress","FearNoEvil","Adaptation","WheelKick","Evaluate","Meditate","EmptyBody","TalkToTheHand","ThirdEye+1","Ragnarok","EmptyBody","FlurryOfBlows+1","RitualDagger","EmptyFist+1","ThirdEye+1","DevaForm","Protect+1","DeceiveReality+1","CutThroughFate+1","Study+1"],"relics":["Pandora\u0027s Box","WarpedTongs","War Paint","Sundial","Potion Belt","Cursed Key","Molten Egg 2","PreservedInsect","Philosopher\u0027s Stone","Prayer Wheel","Bronze Scales","Happy Flower","Orrery"],"acts_visited":["Exordium","TheCity","TheBeyond"],"potions_floor_usage":[],"damage_taken":[{"damage":0.0,"enemies":"Cultist","floor":1.0,"turns":3.0},{"damage":12.0,"enemies":"Small Slimes","floor":2.0,"turns":6.0},{"damage":6.0,"enemies":"Jaw Worm","floor":3.0,"turns":5.0},{"damage":12.0,"enemies":"3 Sentries","floor":6.0,"turns":6.0},{"damage":2.0,"enemies":"Looter","floor":7.0,"turns":4.0},{"damage":5.0,"enemies":"Blue Slaver","floor":8.0,"turns":4.0},{"damage":10.0,"enemies":"3 Louse","floor":10.0,"turns":5.0},{"damage":0.0,"enemies":"Lagavulin","floor":14.0,"turns":5.0},{"damage":18.0,"enemies":"The Guardian","floor":16.0,"turns":10.0},{"damage":1.0,"enemies":"Chosen","floor":18.0,"turns":4.0},{"damage":6.0,"enemies":"2 Thieves","floor":19.0,"turns":3.0},{"damage":9.0,"enemies":"Snake Plant","floor":21.0,"turns":5.0},{"damage":19.0,"enemies":"Slavers","floor":24.0,"turns":4.0},{"damage":11.0,"enemies":"Centurion and Healer","floor":25.0,"turns":7.0},{"damage":7.0,"enemies":"Book of Stabbing","floor":27.0,"turns":6.0},{"damage":0.0,"enemies":"Snecko","floor":31.0,"turns":2.0},{"damage":10.0,"enemies":"Collector","floor":33.0,"turns":7.0},{"damage":12.0,"enemies":"3 Darklings","floor":35.0,"turns":5.0},{"damage":4.0,"enemies":"2 Orb Walkers","floor":36.0,"turns":4.0},{"damage":10.0,"enemies":"3 Shapes","floor":37.0,"turns":7.0},{"damage":0.0,"enemies":"Transient","floor":38.0,"turns":7.0},{"damage":0,"enemies":"Reptomancer","floor":40,"turns":2}],"seed_played":"2721959640708959750","potions_obtained":[{"floor":2.0,"key":"Energy Potion"},{"floor":6.0,"key":"GamblersBrew"},{"floor":8.0,"key":"Fire Potion"},{"floor":10.0,"key":"BottledMiracle"},{"floor":19.0,"key":"SpeedPotion"},{"floor":24.0,"key":"AttackPotion"},{"floor":27.0,"key":"FearPotion"},{"floor":33.0,"key":"DistilledChaos"},{"floor":36.0,"key":"DistilledChaos"}],"is_trial":false,"path_per_floor":["M","M","M","?","$","E","M","M","T","M","?","$","R","E","R","B",null,"M","M","?","M","?","R","E","M","T","E","R","?","?","M","R","B",null,"M","?","M","M","$","E"],"character_chosen":"WATCHER","items_purchased":["WheelKick","TalkToTheHand","Bronze Scales","Happy Flower","Orrery"],"campfire_rested":4,"item_purchase_floors":[5,12,39,39,39],"current_hp_per_floor":[61,49,43,43,43,31,29,24,24,14,14,14,34,34,34,16,55,54,48,48,39,33,53,34,23,23,16,36,17,17,17,38,28,62,50,46,36,36,36,36,36],"gold":10,"neow_bonus":"BOSS_RELIC","is_daily":false,"chose_seed":false,"campfire_upgraded":1,"win_rate":0.0,"timestamp":1611010082,"path_taken":["M","M","M","?","$","E","?","M","T","M","?","?","R","E","R","BOSS","M","M","?","M","?","R","E","M","T","E","R","?","?","M","R","BOSS","M","?","M","M","$","E"],"items_purchased_type":["Card","Card","Relic","Relic","Relic"],"build_version":"2020-12-22","purchased_purges":1,"victory":false,"max_hp_per_floor":[68,68,68,68,68,68,68,68,68,68,68,68,68,68,68,68,68,68,68,68,68,68,68,68,68,68,68,68,73,73,73,73,73,73,73,73,73,73,73,73,73],"relic_stats":{"Happy Flower":[0],"counters":[22,111],"Sundial":[14],"Bronze Scales":[3],"Pandora\u0027s Box":["Wish","WindmillStrike","Pray","Sanctity","Study","Tantrum","TalkToTheHand","Vault"],"Prayer Wheel":2,"PreservedInsect":77,"War Paint":["Vault","Vigilance"],"Cursed Key":0,"obtain_stats":[{"Potion Belt":14,"Happy Flower":39,"PreservedInsect":27,"War Paint":6,"Cursed Key":17,"WarpedTongs":4,"Sundial":9,"Bronze Scales":39,"Orrery":39,"Pandora\u0027s Box":0,"Molten Egg 2":24,"Philosopher\u0027s Stone":34,"Prayer Wheel":36,"PureWater":0},{"Potion Belt":8,"Happy Flower":21,"PreservedInsect":15,"War Paint":4,"Cursed Key":9,"WarpedTongs":3,"Sundial":6,"Bronze Scales":21,"Orrery":21,"Pandora\u0027s Box":0,"Molten Egg 2":13,"Philosopher\u0027s Stone":17,"Prayer Wheel":19,"PureWater":0},{"Potion Belt":38,"Happy Flower":109,"PreservedInsect":77,"War Paint":20,"Cursed Key":48,"WarpedTongs":14,"Sundial":28,"Bronze Scales":109,"Orrery":109,"Pandora\u0027s Box":0,"Molten Egg 2":64,"Philosopher\u0027s Stone":86,"Prayer Wheel":95,"PureWater":0}],"WarpedTongs":[97]},"card_choices":[{"not_picked":["FlyingSleeves","Evaluate"],"picked":"MentalFortress","floor":1.0},{"not_picked":["EmptyFist","JustLucky"],"picked":"FearNoEvil","floor":2.0},{"not_picked":["BowlingBash","SignatureMove"],"picked":"Adaptation","floor":3.0},{"not_picked":["Crescendo","Alpha"],"picked":"Evaluate","floor":6.0},{"not_picked":["Study","Swivel"],"picked":"Meditate","floor":7.0},{"not_picked":["Prostrate","Wireheading","CrushJoints"],"picked":"SKIP","floor":8.0},{"not_picked":["FearNoEvil","Meditate"],"picked":"EmptyBody","floor":10.0},{"not_picked":["BowlingBash","Nirvana"],"picked":"ThirdEye","floor":14.0},{"not_picked":["Brilliance","Scrawl"],"picked":"Ragnarok","floor":16.0},{"not_picked":["SandsOfTime","Indignation"],"picked":"EmptyBody","floor":18.0},{"not_picked":["ThirdEye","BowlingBash","EmptyMind"],"picked":"SKIP","floor":19.0},{"not_picked":["FlyingSleeves","BowlingBash"],"picked":"FlurryOfBlows+1","floor":21.0},{"not_picked":["Vengeance","Swivel"],"picked":"EmptyFist+1","floor":24.0},{"not_picked":["EmptyBody","CarveReality+1"],"picked":"ThirdEye+1","floor":25.0},{"not_picked":["FollowUp+1","Pray","EmptyBody"],"picked":"SKIP","floor":27.0},{"not_picked":["Meditate","PathToVictory","CrushJoints+1"],"picked":"SKIP","floor":31.0},{"not_picked":["ConjureBlade","MasterReality"],"picked":"DevaForm","floor":33.0},{"not_picked":["BattleHymn","FlurryOfBlows+1"],"picked":"Protect+1","floor":35.0},{"not_picked":["JustLucky+1","PathToVictory","Halt"],"picked":"SKIP","floor":37.0},{"not_picked":["EmptyBody","LikeWater","CrushJoints+1"],"picked":"SKIP","floor":37.0},{"not_picked":["FlyingSleeves+1","EmptyBody","Study"],"picked":"SKIP","floor":38.0},{"not_picked":["Prostrate","PathToVictory","Sanctity"],"picked":"SKIP","floor":38.0},{"not_picked":["Swivel","Vengeance"],"picked":"DeceiveReality+1","floor":39.0},{"not_picked":["EmptyMind","FollowUp+1"],"picked":"CutThroughFate+1","floor":39.0},{"not_picked":["EmptyFist+1","Judgement"],"picked":"Study+1","floor":39.0}],"player_experience":927316,"relics_obtained":[{"floor":6.0,"key":"War Paint"},{"floor":9.0,"key":"Sundial"},{"floor":14.0,"key":"Potion Belt"},{"floor":24.0,"key":"Molten Egg 2"},{"floor":27.0,"key":"PreservedInsect"},{"floor":36.0,"key":"Prayer Wheel"}],"event_choices":[{"damage_healed":0.0,"max_hp_gain":0.0,"max_hp_loss":0.0,"gold_gain":0.0,"event_name":"Accursed Blacksmith","player_choice":"Rummage","floor":4.0,"gold_loss":0.0,"damage_taken":0.0,"relics_obtained":["WarpedTongs"],"cards_obtained":["Pain"]},{"damage_healed":0.0,"max_hp_gain":0.0,"max_hp_loss":0.0,"gold_gain":57.0,"event_name":"Golden Wing","player_choice":"Gained Gold","floor":11.0,"gold_loss":0.0,"damage_taken":0.0},{"damage_healed":0.0,"max_hp_gain":0.0,"max_hp_loss":0.0,"gold_gain":0.0,"event_name":"The Mausoleum","player_choice":"Ignored","floor":20.0,"gold_loss":0.0,"damage_taken":0.0},{"damage_healed":0.0,"max_hp_gain":0.0,"max_hp_loss":0.0,"gold_gain":0.0,"event_name":"Nest","player_choice":"Joined the Cult","floor":22.0,"gold_loss":0.0,"damage_taken":6.0,"cards_obtained":["RitualDagger"]},{"damage_healed":0.0,"max_hp_gain":5.0,"max_hp_loss":0.0,"gold_gain":0.0,"event_name":"Forgotten Altar","player_choice":"Shed Blood","floor":29.0,"gold_loss":0.0,"damage_taken":24.0},{"cards_removed":["Study"],"damage_healed":0.0,"max_hp_gain":0.0,"max_hp_loss":0.0,"gold_gain":0.0,"event_name":"Beggar","player_choice":"Gave Gold","floor":30.0,"gold_loss":75.0,"damage_taken":0.0},{"damage_healed":0.0,"max_hp_gain":0.0,"max_hp_loss":0.0,"gold_gain":0.0,"event_name":"Mysterious Sphere","player_choice":"Fight","floor":36.0,"gold_loss":0.0,"damage_taken":0.0}],"is_beta":false,"boss_relics":[{"not_picked":["SlaversCollar","Runic Pyramid"],"picked":"Cursed Key"},{"not_picked":["Empty Cage","Runic Dome"],"picked":"Philosopher\u0027s Stone"}],"items_purged_floors":[5],"is_endless":false,"potions_floor_spawned":[2,6,8,10,19,24,27,33,36],"killed_by":"Reptomancer","ascension_level":20}}