{"host":"6749gst1gzuv21qf","time":1611008608,"event":{"mods":["BaseMod","Better Altar","Better Match","Better Note","Better Sensory Stone","Better Skull","Better Third Choice","BetterRewards","Colored Map","Colored Powertips","Downfall","Hermit","Highlight Path","Minty Spire (QoL Compilation)","Permanent Neow","Shop Mod","Spicy Shops","StSLib","The Cursed"],"gold_per_floor":[99,116,132,132,152,164,235,235,255,273,288,323,343,361,377,478,478,478,493,493,493,509,519,519,504,536,236,236,249,249,261,271,271,271],"floor_reached":33,"language":"ENG","playtime":2937,"items_purged":[],"score":377,"play_id":"079adc55-af4b-43f5-af5e-50bfffab23cc","local_time":"20210118172328","is_ascension_mode":false,"campfire_choices":[{"data":"bronze:HardenedForm","floor":1.0,"key":"SMITH"},{"data":"Apotheosis","floor":8.0,"key":"SMITH"},{"floor":18.0,"key":"RECALL"},{"floor":27,"key":"REST"},{"floor":30,"key":"REST"}],"circlet_count":0,"master_deck":["bronze:Strike","bronze:Strike","bronze:Strike","bronze:Strike","bronze:Defend","bronze:Defend","bronze:Defend","bronze:Defend","bronze:Replicate","bronze:Goto","Injury","bronze:HardenedForm+1","bronze:Terminator","bronze:Deprecate","Apotheosis+1","bronze:Invalidate","bronze:Safeguard","bronze:Constructor","bronze:CutThrough","bronze:ForLoop","bronze:WhirlingStrike","bronze:Boost","bronze:Flail","bronze:Mutator","bronze:AlphaBuild","bronze:DelayedGuard+1","bronze:Return+1","bronze:BuggyMess","bronze:FineTuning+1","bronze:Repair","bronze:OilSpill"],"relics":["bronze:BronzeCore","Letter Opener","Centennial Puzzle","SlaversCollar","Ornamental Fan","Unceasing Top","downfall:HeartBlessingGreen","downfall:HeartBlessingRed","downfall:HeartBlessingBlue"],"acts_visited":["Exordium","TheCity"],"potions_floor_usage":[],"damage_taken":[{"damage":6.0,"enemies":"Cultist","floor":2.0,"turns":4.0},{"damage":0.0,"enemies":"2 Louse","floor":3.0,"turns":3.0},{"damage":3.0,"enemies":"Jaw Worm","floor":5.0,"turns":4.0},{"damage":19.0,"enemies":"Exordium Thugs","floor":6.0,"turns":5.0},{"damage":0.0,"enemies":"Large Slime","floor":9.0,"turns":3.0},{"damage":3.0,"enemies":"Gremlin Gang","floor":10.0,"turns":4.0},{"damage":3.0,"enemies":"Lots of Slimes","floor":11.0,"turns":4.0},{"damage":5.0,"enemies":"Lagavulin","floor":12.0,"turns":6.0},{"damage":0.0,"enemies":"2 Fungi Beasts","floor":13.0,"turns":4.0},{"damage":8.0,"enemies":"Exordium Thugs","floor":14.0,"turns":3.0},{"damage":0.0,"enemies":"Blue Slaver","floor":15.0,"turns":3.0},{"damage":19.0,"enemies":"DF_ARCHETYPE_STREAMLINE","floor":16.0,"turns":12.0},{"damage":5.0,"enemies":"3 Byrds","floor":19.0,"turns":4.0},{"damage":10.0,"enemies":"Chosen","floor":22.0,"turns":6.0},{"damage":18.0,"enemies":"3 Cultists","floor":23.0,"turns":3.0},{"damage":2.0,"enemies":"downfall:FleeingMerchant","floor":25.0,"turns":4.0},{"damage":47,"enemies":"Gremlin Leader","floor":26,"turns":7},{"damage":5,"enemies":"Shelled Parasite and Fungi","floor":29,"turns":5},{"damage":5,"enemies":"Snake Plant","floor":31,"turns":4},{"damage":26,"enemies":"Snecko","floor":32,"turns":8},{"damage":41,"enemies":"SI_MIRROR_ARCHETYPE","floor":33,"turns":4}],"seed_played":"4310490772838217359","potions_obtained":[{"floor":3.0,"key":"champ:CounterPotion"},{"floor":5.0,"key":"FairyPotion"},{"floor":10.0,"key":"champ:CounterPotion"},{"floor":11.0,"key":"bronze:BurnAndBuffPotion"},{"floor":19.0,"key":"sneckomod:MuddlingPotion"},{"floor":20.0,"key":"downfall:CursedFountainPotion"},{"floor":26,"key":"Guardian:BlockOnCardUsePotion"}],"is_trial":false,"path_per_floor":["R","M","M","?","M","M","T","R","M","M","M","E","M","M","M","B",null,"R","M","?","T","M","M","T","$","E","R","?","M","R","M","M","B"],"character_chosen":"THE_AUTOMATON","items_purchased":[],"campfire_rested":2,"item_purchase_floors":[],"current_hp_per_floor":[70,64,64,64,61,42,42,42,42,39,36,31,31,23,23,4,70,70,65,65,65,55,37,37,35,9,43,43,38,62,57,41,0,0],"gold":271,"neow_bonus":"THREE_RARE_CARDS","is_daily":false,"chose_seed":false,"campfire_upgraded":2,"win_rate":0.0,"timestamp":1611008608,"path_taken":["R","M","M","?","M","?","T","R","M","M","M","E","M","M","M","BOSS","R","M","?","?","?","M","T","$","E","R","?","M","R","?","M","BOSS"],"items_purchased_type":[],"build_version":"2020-12-22","purchased_purges":0,"victory":false,"max_hp_per_floor":[70,70,70,70,70,70,70,70,70,70,70,70,70,70,70,70,70,70,70,70,70,70,70,70,70,70,80,80,80,80,80,80,80,80],"card_choices":[{"not_picked":["bronze:InfiniteLoop","bronze:Virus"],"picked":"bronze:HardenedForm","floor":0.0},{"not_picked":["bronze:Turbo","bronze:Shield"],"picked":"bronze:Terminator","floor":2.0},{"not_picked":["bronze:Branch","bronze:BronzeOrb"],"picked":"bronze:Deprecate","floor":3.0},{"not_picked":["The Bomb","Swift Strike"],"picked":"Apotheosis","floor":4.0},{"not_picked":["bronze:Optimize","bronze:DelayedSlice"],"picked":"bronze:Invalidate","floor":5.0},{"not_picked":["bronze:OilSpill","bronze:FollowUp"],"picked":"bronze:Safeguard","floor":6.0},{"not_picked":["bronze:OilSpill","bronze:WhirlingStrike"],"picked":"bronze:Constructor","floor":9.0},{"not_picked":["bronze:FineTuning","bronze:Deprecate"],"picked":"bronze:CutThrough","floor":10.0},{"not_picked":["bronze:Invalidate","bronze:Deprecate"],"picked":"bronze:ForLoop","floor":11.0},{"not_picked":["bronze:Frontload","bronze:WildBeam"],"picked":"bronze:WhirlingStrike","floor":12.0},{"not_picked":["bronze:Separator","bronze:Shield"],"picked":"bronze:Boost","floor":13.0},{"not_picked":["bronze:ChosenStrike","bronze:Separator"],"picked":"bronze:Flail","floor":14.0},{"not_picked":["bronze:Repulsor","bronze:Separator"],"picked":"bronze:Mutator","floor":15.0},{"not_picked":["bronze:ThunderWave","bronze:HyperBeam"],"picked":"bronze:AlphaBuild","floor":16.0},{"not_picked":["bronze:WildBeam+1","bronze:Allocate"],"picked":"bronze:DelayedGuard+1","floor":19.0},{"not_picked":["bronze:Frontload","bronze:WhirlingStrike"],"picked":"bronze:Return+1","floor":22.0},{"not_picked":["bronze:Deprecate","bronze:WildBeam+1"],"picked":"bronze:BuggyMess","floor":23.0},{"not_picked":["bronze:ForceShield+1","bronze:Boost","bronze:Mutator"],"picked":"SKIP","floor":25},{"not_picked":["bronze:Deprecate","bronze:Constructor"],"picked":"bronze:FineTuning+1","floor":26},{"not_picked":["bronze:GetLatest","bronze:NullPointer","bronze:Deprecate"],"picked":"SKIP","floor":29},{"not_picked":["bronze:Invalidate","bronze:Iterate"],"picked":"bronze:Repair","floor":31},{"not_picked":["bronze:Repulsor+1","bronze:CutThrough+1"],"picked":"bronze:OilSpill","floor":32}],"player_experience":716436,"relics_obtained":[{"floor":7.0,"key":"Letter Opener"},{"floor":12.0,"key":"Centennial Puzzle"},{"floor":21.0,"key":"Ornamental Fan"},{"floor":26,"key":"Unceasing Top"}],"event_choices":[{"damage_healed":0.0,"max_hp_gain":0.0,"max_hp_loss":0.0,"gold_gain":1.0,"event_name":"betterStone:BetterStone","player_choice":"1","floor":4.0,"gold_loss":0.0,"damage_taken":0.0}],"is_beta":false,"boss_relics":[{"not_picked":["Empty Cage","Runic Dome"],"picked":"SlaversCollar"}],"items_purged_floors":[],"is_endless":false,"potions_floor_spawned":[3,5,10,11,19,26,32],"killed_by":"SI_MIRROR_ARCHETYPE","ascension_level":0}}