{"host":"s3s7xsmblwiz356v","time":1611013496,"event":{"mods":["AchievementEnabler","BaseMod","Block Reminder","Colored Map","Colored Powertips","Minty Spire (QoL Compilation)"],"gold_per_floor":[213,229,229,243,16,16,91,125,179,190,190,200,229,245,245,317,317,331,331,331,347,362,362,389,108,133,144,178,103,103,113,113,187,187,207,207,220,239,290,332,344,356,443,455,455],"floor_reached":44,"language":"ENG","playtime":3483,"items_purged":["Defend_R"],"score":805,"play_id":"92bfefd0-fc4c-4dd5-8ccb-4b092e41f6bc","local_time":"20210118184456","is_ascension_mode":true,"campfire_choices":[{"data":"Blood for Blood","floor":6.0,"key":"SMITH"},{"data":"Blood for Blood","floor":11.0,"key":"SMITH"},{"data":"Flame Barrier","floor":15.0,"key":"SMITH"},{"data":"Immolate","floor":23.0,"key":"SMITH"},{"data":"Havoc","floor":32.0,"key":"SMITH"},{"data":"J.A.X.","floor":42.0,"key":"SMITH"}],"circlet_count":0,"master_deck":["AscendersBane","Bash","Blood for Blood+1","Blood for Blood+1","Shrug It Off","Impervious","Demon Form","Flame Barrier+1","Shrug It Off","Havoc+1","Immolate+1","Bite+1","Bite+1","Bite","Hemokinesis","Demon Form","Shrug It Off","Armaments","True Grit+1","J.A.X.+1","Shockwave","Rampage+1","Sword Boomerang+1","Good Instincts+1","Warcry+1","Immolate+1","Heavy Blade","Intimidate","Havoc+1"],"relics":["Burning Blood","Red Skull","Strawberry","Oddly Smooth Stone","Potion Belt","Velvet Choker","Bottled Lightning","Strange Spoon","Whetstone","Astrolabe","MawBank","Dead Branch","Question Card"],"acts_visited":["Exordium","TheCity","TheBeyond"],"potions_floor_usage":[],"damage_taken":[{"damage":3.0,"enemies":"2 Louse","floor":1.0,"turns":4.0},{"damage":11.0,"enemies":"Small Slimes","floor":2.0,"turns":5.0},{"damage":11.0,"enemies":"Cultist","floor":4.0,"turns":4.0},{"damage":22.0,"enemies":"3 Sentries","floor":8.0,"turns":8.0},{"damage":6.0,"enemies":"Exordium Thugs","floor":10.0,"turns":6.0},{"damage":6.0,"enemies":"2 Fungi Beasts","floor":12.0,"turns":4.0},{"damage":16.0,"enemies":"Gremlin Nob","floor":13.0,"turns":3.0},{"damage":3.0,"enemies":"Large Slime","floor":14.0,"turns":5.0},{"damage":21.0,"enemies":"The Guardian","floor":16.0,"turns":11.0},{"damage":6.0,"enemies":"Chosen","floor":18.0,"turns":4.0},{"damage":7.0,"enemies":"Shell Parasite","floor":21.0,"turns":8.0},{"damage":3.0,"enemies":"Cultist and Chosen","floor":22.0,"turns":7.0},{"damage":24.0,"enemies":"Gremlin Leader","floor":24.0,"turns":5.0},{"damage":19.0,"enemies":"Centurion and Healer","floor":27.0,"turns":6.0},{"damage":37.0,"enemies":"Slavers","floor":28.0,"turns":7.0},{"damage":9.0,"enemies":"Snecko","floor":31.0,"turns":5.0},{"damage":38.0,"enemies":"Automaton","floor":33.0,"turns":10.0},{"damage":25.0,"enemies":"3 Darklings","floor":35.0,"turns":4.0},{"damage":3.0,"enemies":"Orb Walker","floor":37.0,"turns":5.0},{"damage":12.0,"enemies":"4 Shapes","floor":38.0,"turns":1.0},{"damage":35.0,"enemies":"Giant Head","floor":40.0,"turns":8.0},{"damage":33,"enemies":"Reptomancer","floor":44,"turns":3}],"seed_played":"2473171559510752","potions_obtained":[{"floor":1.0,"key":"Ancient Potion"},{"floor":2.0,"key":"FearPotion"},{"floor":10.0,"key":"Ancient Potion"},{"floor":13.0,"key":"Fruit Juice"},{"floor":16.0,"key":"Block Potion"},{"floor":21.0,"key":"Explosive Potion"},{"floor":22.0,"key":"Weak Potion"},{"floor":24.0,"key":"FearPotion"},{"floor":37.0,"key":"BlessingOfTheForge"}],"is_trial":false,"path_per_floor":["M","M","?","M","$","R","?","E","T","M","R","M","E","M","R","B",null,"M","?","?","M","M","R","E","$","T","M","E","?","?","M","R","B",null,"M","?","M","M","T","E","?","R","T","E"],"character_chosen":"IRONCLAD","items_purchased":["Impervious","Red Skull","Strange Spoon","Shrug It Off"],"campfire_rested":0,"item_purchase_floors":[5,5,25,25],"current_hp_per_floor":[75,70,70,65,65,65,54,45,45,45,45,45,35,38,38,23,71,71,60,60,60,60,60,44,44,44,41,24,24,24,30,30,21,54,40,40,46,43,43,29,29,29,29,0,0],"gold":455,"neow_bonus":"HUNDRED_GOLD","is_daily":false,"chose_seed":false,"campfire_upgraded":6,"win_rate":0.0,"timestamp":1611013496,"path_taken":["M","M","?","M","$","R","?","E","T","M","R","M","E","M","R","BOSS","M","?","?","?","M","R","E","?","T","M","E","?","?","M","R","BOSS","M","?","M","?","?","E","?","R","T","E"],"items_purchased_type":["Card","Relic","Relic","Card"],"build_version":"2020-12-22","purchased_purges":1,"victory":false,"max_hp_per_floor":[80,80,80,80,80,80,80,87,87,87,87,87,87,87,87,87,87,87,60,60,60,60,60,60,60,60,60,60,60,60,60,60,65,65,65,65,65,65,65,65,65,65,65,65,65],"card_choices":[{"not_picked":["Uppercut","Iron Wave"],"picked":"Blood for Blood","floor":1.0},{"not_picked":["Thunderclap","Twin Strike"],"picked":"Blood for Blood","floor":2.0},{"not_picked":["Headbutt","Heavy Blade"],"picked":"Shrug It Off","floor":4.0},{"not_picked":["Carnage","Perfected Strike"],"picked":"Demon Form","floor":8.0},{"not_picked":["Fire Breathing","Inflame"],"picked":"Flame Barrier","floor":10.0},{"not_picked":["Sword Boomerang","Clothesline"],"picked":"Shrug It Off","floor":12.0},{"not_picked":["Inflame","True Grit"],"picked":"Havoc","floor":13.0},{"not_picked":["Clothesline","Clash","Anger"],"picked":"SKIP","floor":14.0},{"not_picked":["Exhume","Berserk"],"picked":"Immolate","floor":16.0},{"not_picked":["Reckless Charge","Flex","Twin Strike"],"picked":"SKIP","floor":18.0},{"not_picked":["Dark Embrace","Armaments"],"picked":"Hemokinesis","floor":21.0},{"not_picked":["Clothesline","Warcry","Perfected Strike"],"picked":"SKIP","floor":22.0},{"not_picked":["True Grit","Disarm"],"picked":"Demon Form","floor":24.0},{"not_picked":["Clothesline","Havoc"],"picked":"Armaments","floor":27.0},{"not_picked":["Havoc","Clothesline"],"picked":"True Grit+1","floor":28.0},{"not_picked":["Warcry","Havoc"],"picked":"Shockwave","floor":31.0},{"not_picked":["Anger","Flex"],"picked":"Warcry+1","floor":35.0},{"not_picked":["Headbutt","Shrug It Off+1"],"picked":"Heavy Blade","floor":37.0},{"not_picked":["Perfected Strike","Flex"],"picked":"Intimidate","floor":38.0},{"not_picked":["Body Slam","Perfected Strike"],"picked":"Havoc+1","floor":40.0}],"player_experience":450674,"relics_obtained":[{"floor":8.0,"key":"Strawberry"},{"floor":9.0,"key":"Oddly Smooth Stone"},{"floor":13.0,"key":"Potion Belt"},{"floor":24.0,"key":"Bottled Lightning"},{"floor":28.0,"key":"Whetstone"},{"floor":39.0,"key":"MawBank"},{"floor":40.0,"key":"Dead Branch"},{"floor":43.0,"key":"Question Card"}],"event_choices":[{"damage_healed":0.0,"max_hp_gain":0.0,"max_hp_loss":0.0,"gold_gain":0.0,"event_name":"The Cleric","player_choice":"Leave","floor":3.0,"gold_loss":0.0,"damage_taken":0.0},{"damage_healed":0.0,"max_hp_gain":0.0,"max_hp_loss":0.0,"gold_gain":75.0,"event_name":"World of Goop","player_choice":"Gather Gold","floor":7.0,"gold_loss":0.0,"damage_taken":11.0},{"damage_healed":0.0,"max_hp_gain":0.0,"max_hp_loss":27.0,"gold_gain":0.0,"event_name":"Vampires","player_choice":"Became a vampire","floor":19.0,"gold_loss":0.0,"damage_taken":0.0,"cards_obtained":["Bite","Bite","Bite","Bite","Bite"]},{"cards_removed":["Bite"],"damage_healed":0.0,"max_hp_gain":0.0,"max_hp_loss":0.0,"gold_gain":0.0,"event_name":"Purifier","player_choice":"Purged","floor":20.0,"gold_loss":0.0,"damage_taken":0.0},{"cards_removed":["Defend_R"],"damage_healed":0.0,"max_hp_gain":0.0,"max_hp_loss":0.0,"gold_gain":0.0,"event_name":"Beggar","player_choice":"Gave Gold","floor":29.0,"gold_loss":75.0,"damage_taken":0.0},{"damage_healed":0.0,"max_hp_gain":0.0,"max_hp_loss":0.0,"gold_gain":0.0,"event_name":"Drug Dealer","player_choice":"Obtain J.A.X.","floor":30.0,"gold_loss":0.0,"damage_taken":0.0,"cards_obtained":["J.A.X."]},{"damage_healed":0.0,"max_hp_gain":0.0,"max_hp_loss":0.0,"gold_gain":0.0,"event_name":"Duplicator","player_choice":"Copied","floor":36.0,"gold_loss":0.0,"damage_taken":0.0,"cards_obtained":["Immolate"]},{"damage_healed":0.0,"max_hp_gain":0.0,"max_hp_loss":0.0,"gold_gain":0.0,"event_name":"SecretPortal","player_choice":"Ignored","floor":41.0,"gold_loss":0.0,"damage_taken":0.0}],"is_beta":false,"boss_relics":[{"not_picked":["Fusion Hammer","SlaversCollar"],"picked":"Velvet Choker"},{"not_picked":["Tiny House","Black Star"],"picked":"Astrolabe"}],"items_purged_floors":[25],"is_endless":false,"potions_floor_spawned":[1,2,10,13,16,21,22,24,37],"killed_by":"Reptomancer","ascension_level":13}}