{"host":"wjw2tk2y2rycscg9","time":1611004103,"event":{"mods":["2.2 Compatiblity","Act Like it!","Aspiration","BaseMod","Colored Map","Dota2Spire","Downfall","Hallownest","Hubris","Infinite Spire","Minty Spire (QoL Compilation)","Relic Stats","StSLib","The Alterego","Unceasing Turn Reminder"],"gold_per_floor":[115,115,115,115,126,152,176,210,210,210,227,246,263,277,277,277,277],"floor_reached":16,"language":"ENG","playtime":623,"items_purged":[],"score":112,"play_id":"7834279a-4204-4e67-a074-ee42cc5ae134","local_time":"20210118140823","is_ascension_mode":false,"campfire_choices":[{"floor":10,"key":"REST"},{"floor":15,"key":"REST"}],"circlet_count":0,"master_deck":["alterego_mod:Strike","alterego_mod:Strike","alterego_mod:Strike","alterego_mod:Strike","alterego_mod:Defend","alterego_mod:Defend","alterego_mod:Defend","alterego_mod:Impale","alterego_mod:BigMeatyClaws","alterego_mod:BrynhildrsRune","alterego_mod:Rip","Injury","alterego_mod:IndependentAction","alterego_mod:Collar","alterego_mod:DiscoLights+1","alterego_mod:AlterEgo+1","alterego_mod:Undulate","alterego_mod:Smother+1"],"relics":["alterego_mod:MasochisticConstitution","Lizard Tail","Frozen Egg 2","Dota2Spire:EchoSabre","aspiration:Lifesprig","Dead Branch","StoneCalendar"],"acts_visited":["Exordium"],"potions_floor_usage":[13,16,16],"damage_taken":[{"damage":6,"enemies":"Jaw Worm","floor":1,"turns":9},{"damage":14,"enemies":"Small Slimes","floor":5,"turns":5},{"damage":40,"enemies":"Gremlin Nob","floor":6,"turns":5},{"damage":24,"enemies":"Lagavulin","floor":8,"turns":4},{"damage":5,"enemies":"2 Louse","floor":11,"turns":3},{"damage":12,"enemies":"Red Slaver","floor":12,"turns":4},{"damage":11,"enemies":"Exordium Wildlife","floor":13,"turns":4},{"damage":7,"enemies":"3 Louse","floor":14,"turns":4},{"damage":81,"enemies":"The Guardian","floor":16,"turns":8}],"seed_played":"-6923363073494248305","potions_obtained":[{"floor":8,"key":"champ:CounterPotion"},{"floor":11,"key":"AttackPotion"},{"floor":13,"key":"Energy Potion"},{"floor":14,"key":"Dota2Spire:Clarity"}],"is_trial":true,"path_per_floor":["M","?","?","?","M","E","T","E","T","R","M","M","M","M","R","B"],"character_chosen":"The_Alterego","items_purchased":[],"campfire_rested":2,"item_purchase_floors":[],"current_hp_per_floor":[71,64,57,57,51,12,12,31,31,53,56,52,56,53,76,0,0],"gold":277,"neow_bonus":"","is_daily":false,"chose_seed":false,"campfire_upgraded":0,"win_rate":0.0,"timestamp":1611004103,"path_taken":["M","?","?","?","M","E","?","E","T","R","M","?","M","M","R","BOSS"],"items_purchased_type":[],"build_version":"2020-12-22","purchased_purges":0,"victory":false,"max_hp_per_floor":[71,71,71,71,72,73,73,74,74,74,75,76,77,78,78,78,78],"relic_stats":{"Lizard Tail":36,"counters":[9,46],"Dead Branch":[7],"StoneCalendar":[52],"obtain_stats":[{"Dota2Spire:EchoSabre":6,"alterego_mod:MasochisticConstitution":0,"Lizard Tail":3,"aspiration:Lifesprig":7,"Dead Branch":8,"StoneCalendar":9,"Frozen Egg 2":4},{"Dota2Spire:EchoSabre":3,"alterego_mod:MasochisticConstitution":0,"Lizard Tail":1,"aspiration:Lifesprig":3,"Dead Branch":4,"StoneCalendar":4,"Frozen Egg 2":1},{"Dota2Spire:EchoSabre":19,"alterego_mod:MasochisticConstitution":0,"Lizard Tail":9,"aspiration:Lifesprig":19,"Dead Branch":23,"StoneCalendar":23,"Frozen Egg 2":9}]},"card_choices":[{"not_picked":["alterego_mod:Cooking","alterego_mod:Exercise"],"picked":"alterego_mod:Rip","floor":1},{"not_picked":["alterego_mod:DiscoLights+1","alterego_mod:PurpleHair"],"picked":"alterego_mod:IndependentAction","floor":5},{"not_picked":["alterego_mod:Skirt","alterego_mod:Clones"],"picked":"alterego_mod:Collar","floor":6},{"not_picked":["alterego_mod:Bloomers","alterego_mod:PurpleHair"],"picked":"alterego_mod:DiscoLights+1","floor":8},{"not_picked":["alterego_mod:Maid","alterego_mod:Cycle","alterego_mod:Bunnysuit"],"picked":"SKIP","floor":11},{"not_picked":["alterego_mod:Bloomers","alterego_mod:DiscoLights+1"],"picked":"alterego_mod:AlterEgo+1","floor":12},{"not_picked":["alterego_mod:DestructionOfProperty","alterego_mod:DustData"],"picked":"alterego_mod:Undulate","floor":13},{"not_picked":["alterego_mod:Birthday","alterego_mod:1TonWallop"],"picked":"alterego_mod:Smother+1","floor":14}],"player_experience":1035333,"relics_obtained":[{"floor":6,"key":"Dota2Spire:EchoSabre"},{"floor":7,"key":"aspiration:Lifesprig"},{"floor":8,"key":"Dead Branch"},{"floor":9,"key":"StoneCalendar"}],"event_choices":[{"cards_removed":["alterego_mod:Defend"],"damage_healed":0,"gold_gain":0,"player_choice":"Card Removal","damage_taken":7,"max_hp_gain":0,"max_hp_loss":0,"event_name":"Golden Wing","floor":2,"gold_loss":0},{"damage_healed":0,"gold_gain":0,"player_choice":"Success","damage_taken":7,"relics_obtained":["Lizard Tail"],"max_hp_gain":0,"max_hp_loss":0,"event_name":"Scrap Ooze","floor":3,"gold_loss":0}],"is_beta":false,"boss_relics":[],"items_purged_floors":[],"is_endless":false,"potions_floor_spawned":[8,11,13,14],"killed_by":"The Guardian","ascension_level":0}}