{"host":"b995t17pt6d05w8c","time":1611002804,"event":{"mods":["AchievementEnabler","BaseMod","Colored Map","DeckTracker","Keyboard Shortcuts","Minty Spire (QoL Compilation)","Permanent Neow","SuperFastMode"],"gold_per_floor":[116,116,64,81,28,28,41,41,64,97,109,109,34,52,52,129,129,145,125,145,45,45,80,80,98,166,41,60,60,77,77,77,151,201,213,232,41,0,50,50,77,77,77,77,77,77,91,124,124,124,124],"floor_reached":52,"language":"KOR","playtime":1929,"items_purged":["Strike_G","Strike_G","Defend_G","Strike_G"],"score":1992,"play_id":"81d1e072-92af-465f-ac63-14427b7e2030","local_time":"20210119054644","is_ascension_mode":true,"campfire_choices":[{"data":"Deadly Poison","floor":6.0,"key":"SMITH"},{"data":"Neutralize","floor":8.0,"key":"SMITH"},{"floor":15.0,"key":"REST"},{"floor":24.0,"key":"REST"},{"floor":29.0,"key":"REST"},{"data":"Tactician","floor":32.0,"key":"SMITH"},{"data":"Acrobatics","floor":40.0,"key":"SMITH"},{"floor":42.0,"key":"DIG"},{"floor":49.0,"key":"DIG"}],"circlet_count":0,"master_deck":["AscendersBane","Defend_G","Defend_G","Survivor","Neutralize+1","Masterful Stab","Deadly Poison+1","Reflex+1","Acrobatics+1","Tactician+1","Cloak And Dagger+1","Grand Finale+1","Dagger Throw","Backflip","Calculated Gamble+1","Escape Plan","Acrobatics+1"],"relics":["Ring of the Snake","Ginger","Orichalcum","Toy Ornithopter","Juzu Bracelet","Nunchaku","Astrolabe","Tiny Chest","Molten Egg 2","Tiny House","Red Mask","Shovel","Akabeko","Smiling Mask","Bronze Scales","Kunai","Happy Flower"],"acts_visited":["Exordium","TheCity","TheBeyond"],"potions_floor_usage":[51],"damage_taken":[{"damage":13.0,"enemies":"Jaw Worm","floor":1.0,"turns":6.0},{"damage":1.0,"enemies":"Cultist","floor":4.0,"turns":4.0},{"damage":3.0,"enemies":"Small Slimes","floor":7.0,"turns":4.0},{"damage":0.0,"enemies":"Gremlin Nob","floor":10.0,"turns":3.0},{"damage":10.0,"enemies":"Exordium Thugs","floor":11.0,"turns":5.0},{"damage":3.0,"enemies":"Looter","floor":14.0,"turns":4.0},{"damage":24.0,"enemies":"The Guardian","floor":16.0,"turns":14.0},{"damage":19.0,"enemies":"2 Thieves","floor":18.0,"turns":5.0},{"damage":0.0,"enemies":"3 Byrds","floor":20.0,"turns":5.0},{"damage":28.0,"enemies":"Slavers","floor":23.0,"turns":8.0},{"damage":32.0,"enemies":"Shelled Parasite and Fungi","floor":25.0,"turns":6.0},{"damage":9.0,"enemies":"Snake Plant","floor":28.0,"turns":4.0},{"damage":1.0,"enemies":"Centurion and Healer","floor":30.0,"turns":7.0},{"damage":19.0,"enemies":"Champ","floor":33.0,"turns":8.0},{"damage":0.0,"enemies":"Orb Walker","floor":35.0,"turns":1.0},{"damage":0.0,"enemies":"3 Darklings","floor":36.0,"turns":2.0},{"damage":0.0,"enemies":"2 Orb Walkers","floor":39.0,"turns":2.0},{"damage":6.0,"enemies":"Jaw Worm Horde","floor":47.0,"turns":2.0},{"damage":0.0,"enemies":"Reptomancer","floor":48.0,"turns":2.0},{"damage":0.0,"enemies":"Awakened One","floor":50.0,"turns":3.0},{"damage":6,"enemies":"Time Eater","floor":51,"turns":7}],"seed_played":"-6917600233752486750","potions_obtained":[{"floor":7.0,"key":"FearPotion"},{"floor":10.0,"key":"SkillPotion"},{"floor":16.0,"key":"Fire Potion"},{"floor":18.0,"key":"FearPotion"},{"floor":19.0,"key":"SkillPotion"},{"floor":25.0,"key":"SpeedPotion"},{"floor":28.0,"key":"BlessingOfTheForge"},{"floor":34.0,"key":"BlessingOfTheForge"},{"floor":35.0,"key":"Fire Potion"},{"floor":48.0,"key":"DuplicationPotion"}],"is_trial":false,"path_per_floor":["M","?","?","M","$","R","M","R","T","E","M","?","$","M","R","B",null,"M","?","M","$","?","E","R","M","T","$","M","R","M","?","R","B",null,"M","M","$","?","?","R","T","R","T","?","?","?","M","E","R","B","B",null],"character_chosen":"THE_SILENT","items_purchased":["Deadly Poison","Escape Plan"],"campfire_rested":3,"item_purchase_floors":[5,37],"current_hp_per_floor":[31,31,31,30,30,30,27,27,27,32,27,22,22,19,38,14,53,39,39,39,39,39,16,35,3,3,3,4,23,22,22,22,8,57,57,57,57,57,57,57,57,57,57,57,57,57,51,51,51,51,50],"gold":124,"neow_bonus":"ONE_RARE_RELIC","is_daily":false,"chose_seed":false,"campfire_upgraded":4,"win_rate":0.0,"timestamp":1611002804,"path_taken":["M","?","?","M","$","R","?","R","T","E","M","?","$","M","R","BOSS","M","?","M","$","?","E","R","M","T","$","M","R","M","?","R","BOSS","M","M","$","?","?","R","?","R","T","?","?","?","M","E","R","BOSS","BOSS"],"items_purchased_type":["Card","Card"],"build_version":"2020-12-22","purchased_purges":4,"victory":true,"max_hp_per_floor":[66,66,66,66,66,66,66,66,66,66,66,66,66,66,66,66,66,66,66,66,66,66,66,66,66,66,66,66,66,66,66,66,66,71,71,71,71,71,71,71,71,71,71,71,67,67,67,67,67,67,67],"card_choices":[{"not_picked":["Backflip","Sucker Punch"],"picked":"Masterful Stab","floor":1.0},{"not_picked":["Eviscerate","Distraction","Blade Dance"],"picked":"SKIP","floor":4.0},{"not_picked":["Endless Agony","Underhanded Strike"],"picked":"Reflex","floor":7.0},{"not_picked":["Predator","Prepared"],"picked":"Acrobatics","floor":10.0},{"not_picked":["Dodge and Roll","Finisher","Outmaneuver"],"picked":"SKIP","floor":11.0},{"not_picked":["Dodge and Roll","Accuracy"],"picked":"Tactician","floor":14.0},{"not_picked":["All Out Attack","Poisoned Stab"],"picked":"Dagger Throw","floor":18.0},{"not_picked":["Quick Slash","Dodge and Roll"],"picked":"Backflip","floor":20.0},{"not_picked":["Deflect","Quick Slash","Blade Dance"],"picked":"SKIP","floor":23.0},{"not_picked":["Underhanded Strike","Endless Agony","Grand Finale"],"picked":"SKIP","floor":25.0},{"not_picked":["Dagger Spray+1","Blade Dance","Prepared"],"picked":"SKIP","floor":28.0},{"not_picked":["Dagger Spray+1","Prepared+1"],"picked":"Calculated Gamble+1","floor":30.0},{"not_picked":["Outmaneuver","Prepared","Dagger Spray+1"],"picked":"SKIP","floor":35.0},{"not_picked":["Outmaneuver","Prepared","Dagger Spray+1"],"picked":"SKIP","floor":35.0},{"not_picked":["Calculated Gamble","Choke+1","Finisher+1"],"picked":"SKIP","floor":36.0},{"not_picked":["Calculated Gamble+1","Cloak And Dagger","Sucker Punch+1"],"picked":"SKIP","floor":47.0},{"not_picked":["Underhanded Strike+1","Prepared","Bane+1"],"picked":"SKIP","floor":48.0}],"player_experience":157533,"relics_obtained":[{"floor":9.0,"key":"Toy Ornithopter"},{"floor":10.0,"key":"Juzu Bracelet"},{"floor":23.0,"key":"Tiny Chest"},{"floor":26.0,"key":"Molten Egg 2"},{"floor":39.0,"key":"Shovel"},{"floor":41.0,"key":"Akabeko"},{"floor":42.0,"key":"Smiling Mask"},{"floor":43.0,"key":"Bronze Scales"},{"floor":48.0,"key":"Kunai"},{"floor":49.0,"key":"Happy Flower"}],"event_choices":[{"damage_healed":0.0,"max_hp_gain":0.0,"max_hp_loss":0.0,"gold_gain":0.0,"event_name":"Liars Game","player_choice":"Ignored","floor":2.0,"gold_loss":0.0,"damage_taken":0.0},{"damage_healed":0.0,"max_hp_gain":0.0,"max_hp_loss":0.0,"gold_gain":0.0,"event_name":"WeMeetAgain","player_choice":"Paid Gold","floor":3.0,"gold_loss":52.0,"damage_taken":0.0,"relics_obtained":["Orichalcum"]},{"damage_healed":0.0,"max_hp_gain":0.0,"max_hp_loss":0.0,"gold_gain":0.0,"event_name":"Scrap Ooze","player_choice":"Success","floor":12.0,"gold_loss":0.0,"damage_taken":5.0,"relics_obtained":["Nunchaku"]},{"damage_healed":0.0,"max_hp_gain":0.0,"max_hp_loss":0.0,"gold_gain":0.0,"event_name":"The Woman in Blue","player_choice":"Bought 1 Potion","floor":19.0,"gold_loss":0.0,"damage_taken":0.0},{"damage_healed":0.0,"max_hp_gain":0.0,"max_hp_loss":0.0,"gold_gain":0.0,"event_name":"Cursed Tome","player_choice":"Ignored","floor":22.0,"gold_loss":0.0,"damage_taken":0.0},{"cards_removed":["Defend_G"],"damage_healed":0.0,"max_hp_gain":0.0,"max_hp_loss":0.0,"gold_gain":0.0,"event_name":"Back to Basics","player_choice":"Elegance","floor":31.0,"gold_loss":0.0,"damage_taken":0.0},{"damage_healed":0.0,"max_hp_gain":0.0,"max_hp_loss":0.0,"gold_gain":0.0,"event_name":"Tomb of Lord Red Mask","player_choice":"Paid","floor":38.0,"gold_loss":41.0,"damage_taken":0.0,"relics_obtained":["Red Mask"]},{"damage_healed":0.0,"max_hp_gain":0.0,"max_hp_loss":0.0,"gold_gain":0.0,"event_name":"Mysterious Sphere","player_choice":"Fight","floor":39.0,"gold_loss":0.0,"damage_taken":0.0},{"damage_healed":0.0,"max_hp_gain":0.0,"max_hp_loss":0.0,"gold_gain":0.0,"event_name":"Duplicator","player_choice":"Copied","floor":44.0,"gold_loss":0.0,"damage_taken":0.0,"cards_obtained":["Acrobatics"]},{"damage_healed":0.0,"max_hp_gain":0.0,"max_hp_loss":4.0,"gold_gain":0.0,"event_name":"Winding Halls","player_choice":"Max HP","floor":45.0,"gold_loss":0.0,"damage_taken":0.0},{"cards_removed":["Underhanded Strike"],"damage_healed":0.0,"max_hp_gain":0.0,"max_hp_loss":0.0,"gold_gain":0.0,"event_name":"Falling","player_choice":"Removed Attack","floor":46.0,"gold_loss":0.0,"damage_taken":0.0}],"is_beta":false,"boss_relics":[{"not_picked":["Coffee Dripper","Ectoplasm"],"picked":"Astrolabe"},{"not_picked":["Snecko Eye","Fusion Hammer"],"picked":"Tiny House"}],"items_purged_floors":[13,21,27,37],"is_endless":false,"potions_floor_spawned":[7,10,16,18,20,25,28,35,48],"ascension_level":20}}