{"host":"8hs89fht2m8d49km","time":1611009259,"event":{"mods":["2.2 Compatiblity","Act Like it!","BaseMod","BetterRewards","Chen","Friendly Minions","Gensokyo","KinomotoSakuraMod(????)","Kiyohime????","Koishi","LagranYue(???·?)","Marisa????????","Minty Spire (QoL Compilation)","Prisma Mod","Reimu??????","Replay The Spire","StSLib","The Administrix","The Animator","The Cursed","The Exalted","The Mystic","The Senshi","The Servant 0.9.4","The Vixen","The Wild Card","Yuyuko"],"gold_per_floor":[118,131,24,24,105,105,139,139,139,168,168,186,111,123,123,219,219,234,44,54,6,20,52,52,52,125,144,180,193,193,193],"floor_reached":30,"language":"ENG","playtime":4585,"items_purged":["AdministrixMod:Strike_Administrix"],"score":283,"play_id":"4ddf394f-9150-4887-8f3a-c2d62ee1b2a0","local_time":"20210118223419","is_ascension_mode":false,"campfire_choices":[{"data":"AdministrixMod:WickedPunishment","floor":6,"key":"SMITH"},{"data":"AdministrixMod:FeastOfDew","floor":8,"key":"SMITH"},{"floor":11,"key":"REST"},{"data":"AdministrixMod:ArmillarySphere","floor":15,"key":"SMITH"},{"floor":24,"key":"REST"}],"circlet_count":0,"master_deck":["AdministrixMod:Strike_Administrix","AdministrixMod:Strike_Administrix","AdministrixMod:Strike_Administrix","AdministrixMod:RedCloak+1","AdministrixMod:Defend_Administrix","AdministrixMod:Defend_Administrix+1","AdministrixMod:Defend_Administrix","AdministrixMod:Defend_Administrix","AdministrixMod:BlueCloak","AdministrixMod:ImmortalGrace","AdministrixMod:WickedPunishment+1","AdministrixMod:FeastOfDew+1","AdministrixMod:HarmonicReverence","AdministrixMod:Metempsychosis","Gensokyo:SummonYinYangFox","AdministrixMod:ArmillarySphere+1","AdministrixMod:DeathByGlamour","AdministrixMod:NoblePath+1","AdministrixMod:NoblePath+1","AdministrixMod:PassageOfAges+1","AdministrixMod:FuneraryRites","AdministrixMod:WifeLightning+1","Pot Of Greed","Pot Of Greed","AdministrixMod:LightOfYourLife"],"relics":["AdministrixMod:ConductorRitualBaton","LagranYue:RandomDrawCardRelic","NeowsBlessing","Regal Pillow","Replay:Bottled Steam","Molten Egg 2","Gensokyo:Companionship","Painkiller Herb","War Paint","Replay:Arrowhead","Golden Egg","Gremlin Food","Grinning Jar"],"acts_visited":["Exordium","Gensokyo:Gensokyo"],"potions_floor_usage":[20,23,23,23,29,30,30],"damage_taken":[{"damage":0,"enemies":"Gensokyo:2_Kodama","floor":1,"turns":1},{"damage":0,"enemies":"Gensokyo:Gryphon","floor":2,"turns":1},{"damage":0,"enemies":"Gensokyo:Aya","floor":7,"turns":1},{"damage":30,"enemies":"Gensokyo:Cirno","floor":10,"turns":7},{"damage":0,"enemies":"Gensokyo:Python","floor":12,"turns":2},{"damage":11,"enemies":"Gensokyo:Kitsune","floor":14,"turns":3},{"damage":13,"enemies":"Gensokyo:Reimu","floor":16,"turns":7},{"damage":9,"enemies":"Gensokyo:AngelMirror","floor":18,"turns":3},{"damage":0,"enemies":"Gensokyo:Chomper","floor":20,"turns":4},{"damage":2,"enemies":"Gensokyo:Slime_Group","floor":22,"turns":4},{"damage":40,"enemies":"Gensokyo:Tenshi","floor":23,"turns":4},{"damage":19,"enemies":"Gensokyo:Wraith","floor":27,"turns":5},{"damage":11,"enemies":"Gensokyo:Mirror_and_Dog","floor":29,"turns":4},{"damage":5,"enemies":"Gensokyo:Swordslinger","floor":30,"turns":1}],"seed_played":"3165127286680001978","potions_obtained":[{"floor":2,"key":"Flashbang"},{"floor":16,"key":"Milkshake"},{"floor":18,"key":"Reflective Coating"},{"floor":20,"key":"LifebloodPotion"},{"floor":27,"key":"SneckoOil"},{"floor":28,"key":"AttackPotion"},{"floor":29,"key":"Energy Potion"}],"is_trial":false,"path_per_floor":["M","M","COS","?","T","R","E","R","T","E","R","M","$","M","R","B",null,"?","T","?","COS","?","E","T","T","T","?","?","?","?"],"character_chosen":"TheAdministrix","items_purchased":["War Paint","AdministrixMod:NoblePath+1"],"campfire_rested":2,"item_purchase_floors":[19,19],"current_hp_per_floor":[65,65,65,65,65,65,65,65,65,35,65,65,65,54,54,41,65,56,56,56,56,54,14,48,48,48,29,13,2,0,0],"gold":193,"neow_bonus":"THREE_ENEMY_KILL","is_daily":false,"chose_seed":false,"campfire_upgraded":3,"win_rate":0.0,"timestamp":1611009259,"path_taken":["M","M","COS","?","?","R","E","R","T","E","R","?","$","M","R","BOSS","?","T","?","COS","?","E","T","T","T","?","?","?","?"],"items_purchased_type":["Relic","Card"],"build_version":"2020-12-22","purchased_purges":1,"victory":false,"max_hp_per_floor":[65,65,65,65,65,65,65,65,65,65,65,65,65,65,65,65,65,65,65,65,65,65,65,65,65,65,65,65,65,65,65],"card_choices":[{"not_picked":["AdministrixMod:RebukeDesires","AdministrixMod:ShadowPlay"],"picked":"AdministrixMod:ImmortalGrace","floor":1},{"not_picked":["AdministrixMod:PlateOfAntiquity","AdministrixMod:ShadowPlay"],"picked":"AdministrixMod:WickedPunishment","floor":2},{"not_picked":["AdministrixMod:Metempsychosis","AdministrixMod:TouchOfCinnabar"],"picked":"AdministrixMod:FeastOfDew","floor":7},{"not_picked":["AdministrixMod:CosmosControl","AdministrixMod:CastOffRegrets"],"picked":"AdministrixMod:HarmonicReverence","floor":10},{"not_picked":["AdministrixMod:DiversionaryTactic+1","AdministrixMod:ExtolVirtue+1"],"picked":"AdministrixMod:Metempsychosis","floor":12},{"not_picked":["AdministrixMod:RebukeDesires+1","AdministrixMod:FeastOfDew"],"picked":"AdministrixMod:ArmillarySphere","floor":14},{"not_picked":["AdministrixMod:BattleforgedBonds","AdministrixMod:NewbornDivinity+1"],"picked":"AdministrixMod:DeathByGlamour","floor":16},{"not_picked":["AdministrixMod:CrackingPangu+1","AdministrixMod:FiendishCrimson+1","AdministrixMod:UnstableVigor+1"],"picked":"SKIP","floor":18},{"not_picked":["AdministrixMod:ShadowPlay+1","AdministrixMod:CenturiesAscent"],"picked":"AdministrixMod:PassageOfAges+1","floor":20},{"not_picked":["AdministrixMod:NoblePath+1","AdministrixMod:WickedPunishment+1"],"picked":"AdministrixMod:FuneraryRites","floor":22},{"not_picked":["AdministrixMod:LightOfYourLife","AdministrixMod:FuneraryRites","AdministrixMod:ArmillarySphere"],"picked":"SKIP","floor":23},{"not_picked":["AdministrixMod:RebukeDesires+1","AdministrixMod:TrickOfTheLight+1"],"picked":"AdministrixMod:WifeLightning","floor":27},{"not_picked":["AdministrixMod:ReachToHeaven+1","AdministrixMod:RebukeDesires+1"],"picked":"AdministrixMod:LightOfYourLife","floor":28},{"not_picked":["AdministrixMod:FuneraryRites","AdministrixMod:LightOfYourLife","AdministrixMod:CrackingPangu+1"],"picked":"SKIP","floor":29}],"player_experience":162920,"relics_obtained":[{"floor":7,"key":"Regal Pillow"},{"floor":9,"key":"Replay:Bottled Steam"},{"floor":10,"key":"Molten Egg 2"},{"floor":23,"key":"Replay:Arrowhead"},{"floor":26,"key":"Golden Egg"},{"floor":28,"key":"Grinning Jar"}],"event_choices":[],"is_beta":false,"boss_relics":[{"not_picked":["ReplayTheSpireMod:DimensionalGlitch","Snecko Eye"],"picked":"Painkiller Herb"}],"items_purged_floors":[13],"is_endless":false,"potions_floor_spawned":[2,16,18,20,27,29],"killed_by":"Gensokyo:Swordslinger","ascension_level":0}}