{"host":"och2iitg9ibgz06n","time":1611005293,"event":{"mods":["Abigail Mod","AchievementEnabler","Aspiration","BaseMod","Colored Powertips","Dio Mod","FruityMod","Hubris","Hyrulean Relics","Infinite Spire","Minty Spire (QoL Compilation)","Replay The Spire","Small Relic Pack","StSLib","The Animator","The Bug Knight","The Hierophant","The Jungle","The Saiyan","TheHero","Wandering Minibosses","everything is the same but u backflip on backflip","slay the spire mod where everything is the same but ironclad has a cowboy hat","vexMod"],"gold_per_floor":[117,117,192,205,205,205,222,255,255,271,282,16,35,49,49,144,144,160,160,160,174,193,219,219,238,238,255,266,294,313,338,338,438,438,457,309,0,16,29,29,61,78,78,110,124,140,171,244,244,244,244,244,86,119,119],"floor_reached":56,"language":"ENG","playtime":2976,"items_purged":[],"score":1458,"play_id":"fe9f7c09-2753-420a-bcd5-18ffe6f74387","local_time":"20210118152813","is_ascension_mode":true,"campfire_choices":[{"floor":24,"key":"RECALL"},{"floor":32,"key":"REST"},{"data":"animeID:Mineta","floor":40,"key":"SMITH"},{"floor":49,"key":"REST"},{"data":"animeID:Muscular","floor":52,"key":"SMITH"}],"circlet_count":0,"master_deck":["animeID:Deku","animeID:Bakugo","animeID:Smash","animeID:Smash","animeID:Smash","animeID:Smash","animeID:DefendMH","animeID:DefendMH","animeID:DefendMH","animeID:DefendMH","animeID:Ojiro","Injury","animeID:Tsuyu","animeID:Muscular+1","animeID:Stain+1","animeID:Dabi","animeID:Kendo+1","animeID:HowitzerImpact+1","animeID:Stain+1","animeID:Mineta+1","animeID:USA_Smash+1","animeID:PresentMic+1","CurseOfTheBell","animeID:Tomura+1","animeID:HowitzerImpact+1","animeID:Tsuyu+1","animeID:Stain+1","animeID:Shigaraki","animeID:RecoveryGirl+1","animeID:Ojiro+1","animeID:Hatsume+1","animeID:Iida","animeID:TodorokiShoto","animeID:MirioTogata+1","animeID:Ojiro+1","animeID:Himiko+1","animeID:Hawks+1","animeID:Kendo+1","animeID:Ojiro+1","animeID:Mina+1","animeID:Tamaki+1","animeID:Twice+1","animeID:Rappa+1","Good Instincts","animeID:Mineta+1"],"relics":["animeID:HeroCostume","aspiration:ArtOfWarUpgrade","Molten Egg 2","CaptainsWheel","Mirror","Vajra","Calling Bell","FossilizedHelix","InkBottle","Blood Vial","infinitespire:Eraser","Frozen Egg 2","vexMod:BarristanHead","relicPack:DarknessArmor","Sozu","Lee\u0027s Waffle","Red Mask","infinitespire:Satchel","Pet Ghost","infinitespire:BottledMercury","Bag of Marbles"],"acts_visited":["Exordium","TheCity","TheBeyond","TheEnding"],"potions_floor_usage":[8,16,50],"damage_taken":[{"damage":2,"enemies":"2 Louse","floor":1,"turns":2},{"damage":4,"enemies":"Jaw Worm","floor":4,"turns":4},{"damage":0,"enemies":"Small Slimes","floor":7,"turns":1},{"damage":15,"enemies":"Gremlin Nob","floor":8,"turns":3},{"damage":43,"enemies":"Exordium Thugs","floor":10,"turns":6},{"damage":15,"enemies":"Large Slime","floor":11,"turns":7},{"damage":0,"enemies":"2 Fungi Beasts","floor":13,"turns":2},{"damage":11,"enemies":"Gremlin Gang","floor":14,"turns":3},{"damage":59,"enemies":"Hexaghost","floor":16,"turns":7},{"damage":21,"enemies":"Shell Parasite","floor":18,"turns":5},{"damage":25,"enemies":"2 Thieves","floor":21,"turns":3},{"damage":30,"enemies":"Centurion and Healer","floor":22,"turns":5},{"damage":16,"enemies":"Book of Stabbing","floor":23,"turns":4},{"damage":12,"enemies":"Snake Plant","floor":25,"turns":3},{"damage":11,"enemies":"Chosen and Byrds","floor":27,"turns":4},{"damage":0,"enemies":"Snecko","floor":28,"turns":2},{"damage":25,"enemies":"Slavers","floor":29,"turns":6},{"damage":26,"enemies":"Centurion and Healer","floor":30,"turns":5},{"damage":39,"enemies":"Book of Stabbing","floor":31,"turns":5},{"damage":79,"enemies":"Collector","floor":33,"turns":8},{"damage":0,"enemies":"Orb Walker","floor":35,"turns":2},{"damage":23,"enemies":"3 Darklings","floor":38,"turns":4},{"damage":27,"enemies":"Sphere and 2 Shapes","floor":39,"turns":5},{"damage":45,"enemies":"Giant Head","floor":41,"turns":8},{"damage":7,"enemies":"Jaw Worm Horde","floor":42,"turns":4},{"damage":13,"enemies":"Nemesis","floor":44,"turns":5},{"damage":8,"enemies":"Maw","floor":45,"turns":6},{"damage":0,"enemies":"Sphere and 2 Shapes","floor":46,"turns":3},{"damage":0,"enemies":"Giant Head","floor":47,"turns":8},{"damage":105,"enemies":"infinitespire:MassOfShapes","floor":50,"turns":11},{"damage":19,"enemies":"Shield and Spear","floor":54,"turns":6},{"damage":76,"enemies":"Kars","floor":55,"turns":11}],"seed_played":"-8229158731038078760","potions_obtained":[{"floor":1,"key":"AttackPotion"},{"floor":8,"key":"SkillPotion"},{"floor":13,"key":"Venom Potion"},{"floor":25,"key":"SpeedPotion"},{"floor":27,"key":"Dexterity Potion"},{"floor":33,"key":"DistilledChaos"}],"is_trial":false,"path_per_floor":["M","?","?","M","?","R","M","E","T","M","M","$","M","M","R","B",null,"M","?","?","M","M","E","R","M","T","M","M","E","M","E","R","B",null,"M","$","?","M","M","R","E","M","T","E","M","M","E","?","R","B",null,"R","$","E","B",null],"character_chosen":"THE_HERO","items_purchased":["animeID:HowitzerImpact+1","Vajra","animeID:Stain+1","Lee\u0027s Waffle","animeID:Rappa+1","Good Instincts"],"campfire_rested":2,"item_purchase_floors":[12,12,12,36,53,53],"current_hp_per_floor":[73,73,62,60,60,60,60,47,47,53,66,66,75,66,66,30,75,54,54,54,63,47,67,67,63,63,75,75,66,51,48,70,3,75,75,82,82,59,82,82,61,75,75,82,82,82,82,62,82,60,82,82,82,72,82],"gold":119,"neow_bonus":"RANDOM_COMMON_RELIC","is_daily":false,"chose_seed":false,"campfire_upgraded":2,"win_rate":0.0,"timestamp":1611005293,"path_taken":["M","?","?","M","?","R","M","E","T","M","M","$","?","M","R","BOSS","M","?","?","M","?","E","R","M","T","M","?","E","M","E","R","BOSS","M","?","?","M","M","R","E","M","T","E","M","?","E","?","R","BOSS","R","$","E","BOSS"],"items_purchased_type":["Card","Relic","Card","Relic","Card","Card"],"build_version":"2020-12-22","purchased_purges":0,"victory":true,"max_hp_per_floor":[75,75,75,75,75,75,75,75,75,75,75,75,75,75,75,75,75,75,75,75,75,75,75,75,75,75,75,75,75,75,75,75,75,75,75,82,82,82,82,82,82,82,82,82,82,82,82,82,82,82,82,82,82,82,82],"card_choices":[{"not_picked":["animeID:Kirishima","animeID:Aoyama"],"picked":"animeID:Ojiro","floor":1},{"not_picked":["animeID:Kaminari","animeID:MtLady+1"],"picked":"animeID:Tsuyu","floor":4},{"not_picked":["animeID:Tsuyu","animeID:TodorokiShoto"],"picked":"animeID:Muscular","floor":7},{"not_picked":["animeID:Muscular","animeID:Mina+1"],"picked":"animeID:Stain+1","floor":8},{"not_picked":["animeID:Kirishima+1","animeID:Tsuyu"],"picked":"animeID:Dabi","floor":10},{"not_picked":["animeID:Aoyama+1","animeID:Cementoss"],"picked":"animeID:Kendo+1","floor":11},{"not_picked":["animeID:Nomu+1","animeID:MtLady+1"],"picked":"animeID:Mineta","floor":13},{"not_picked":["animeID:Himiko","animeID:Mina+1"],"picked":"animeID:USA_Smash+1","floor":14},{"not_picked":["animeID:USA_Smash+1","animeID:MirioTogata"],"picked":"animeID:PresentMic","floor":16},{"not_picked":["animeID:MtLady+1","animeID:Thirteen"],"picked":"animeID:Tomura+1","floor":18},{"not_picked":["animeID:Rei","animeID:GentleCriminal"],"picked":"animeID:HowitzerImpact+1","floor":21},{"not_picked":["animeID:Dabi+1","animeID:Kirishima+1"],"picked":"animeID:Tsuyu+1","floor":22},{"not_picked":["animeID:DetroitSmash+1","animeID:Rei+1"],"picked":"animeID:Stain+1","floor":23},{"not_picked":["animeID:Stain+1","animeID:DetroitSmash+1"],"picked":"animeID:Shigaraki","floor":25},{"not_picked":["animeID:Crystallize+1","animeID:Kirishima+1"],"picked":"animeID:RecoveryGirl+1","floor":27},{"not_picked":["animeID:NightEye+1","animeID:MtLady+1"],"picked":"animeID:Ojiro+1","floor":28},{"not_picked":["animeID:Nomu+1","animeID:Tomura+1"],"picked":"animeID:Hatsume+1","floor":29},{"not_picked":["animeID:Bakugo+1","animeID:Mina+1"],"picked":"animeID:Iida","floor":30},{"not_picked":["animeID:Tengai","animeID:Iida"],"picked":"animeID:TodorokiShoto","floor":31},{"not_picked":["animeID:PresentMic","animeID:Chisaki+1"],"picked":"animeID:MirioTogata+1","floor":33},{"not_picked":["animeID:Bakugo+1","animeID:Mineta+1"],"picked":"animeID:Ojiro+1","floor":35},{"not_picked":["animeID:TodorokiShoto","animeID:Hatsume"],"picked":"animeID:Himiko+1","floor":38},{"not_picked":["animeID:EraserHead","animeID:Mina+1"],"picked":"animeID:Hawks+1","floor":39},{"not_picked":["animeID:Mineta","animeID:Hawks+1"],"picked":"animeID:Kendo+1","floor":41},{"not_picked":["animeID:Mina+1","animeID:GentleCriminal+1"],"picked":"animeID:Ojiro+1","floor":42},{"not_picked":["animeID:Kaminari+1","animeID:Tomura+1"],"picked":"animeID:Mina+1","floor":44},{"not_picked":["animeID:Kirishima+1","animeID:Bakugo+1","animeID:DelawareSmash+1"],"picked":"SKIP","floor":45},{"not_picked":["animeID:AllForOne","animeID:NightEye+1"],"picked":"animeID:Tamaki+1","floor":46},{"not_picked":["animeID:Tamaki","animeID:DetroitDelaware+1","animeID:Muscular"],"picked":"SKIP","floor":47},{"not_picked":["animeID:Tsuyu","animeID:Mezo+1"],"picked":"animeID:Twice+1","floor":48},{"not_picked":["animeID:Ojiro+1","animeID:Tomura+1"],"picked":"animeID:Mineta+1","floor":54}],"player_experience":403626,"relics_obtained":[{"floor":8,"key":"CaptainsWheel"},{"floor":9,"key":"Mirror"},{"floor":17,"key":"FossilizedHelix"},{"floor":17,"key":"InkBottle"},{"floor":17,"key":"Blood Vial"},{"floor":23,"key":"infinitespire:Eraser"},{"floor":26,"key":"Frozen Egg 2"},{"floor":29,"key":"vexMod:BarristanHead"},{"floor":31,"key":"relicPack:DarknessArmor"},{"floor":41,"key":"infinitespire:Satchel"},{"floor":44,"key":"Pet Ghost"},{"floor":47,"key":"infinitespire:BottledMercury"},{"floor":54,"key":"Bag of Marbles"}],"event_choices":[{"damage_healed":0,"gold_gain":75,"player_choice":"Gather Gold","damage_taken":11,"max_hp_gain":0,"max_hp_loss":0,"event_name":"World of Goop","floor":3,"gold_loss":0},{"damage_healed":0,"gold_gain":0,"player_choice":"Upgraded","damage_taken":0,"max_hp_gain":0,"max_hp_loss":0,"event_name":"Upgrade Shrine","floor":20,"gold_loss":0,"cards_upgraded":["animeID:PresentMic"]},{"damage_healed":0,"gold_gain":0,"player_choice":"Paid","damage_taken":0,"relics_obtained":["Red Mask"],"max_hp_gain":0,"max_hp_loss":0,"event_name":"Tomb of Lord Red Mask","floor":37,"gold_loss":309}],"is_beta":false,"boss_relics":[{"not_picked":["vexMod:DeviousBotling","vexMod:NewClearReactor"],"picked":"Calling Bell"},{"not_picked":["Replay:Bronze Core","Pandora\u0027s Box"],"picked":"Sozu"}],"items_purged_floors":[],"is_endless":false,"potions_floor_spawned":[1,8,13,25,27,28,31,33,35,42,44,45,54],"ascension_level":2}}