{"host":"clgpak7dimivr1r3","time":1611000423,"event":{"mods":["BaseMod","Curses Come First","Minty Spire (QoL Compilation)","Say the Spire","StSLib"],"gold_per_floor":[116,135,135,135,155,189,189,206,280,311,330,330,330,349,349,453,453,464,379,40,55,55,55,90,90,90,124,144,144,174,17,17,112,112,129,129,129,351,371,371,371,30,30,49,84,94,94,114,114,114,114],"floor_reached":50,"language":"ENG","playtime":1927,"items_purged":["Strike_R"],"score":787,"play_id":"0d7856db-5bcf-4fb3-81f2-703750327343","local_time":"20210118230703","is_ascension_mode":true,"campfire_choices":[{"data":"Bludgeon","floor":7,"key":"SMITH"},{"floor":13,"key":"REST"},{"data":"Flame Barrier","floor":15,"key":"SMITH"},{"data":"Violence","floor":23,"key":"SMITH"},{"data":"Pommel Strike","floor":25,"key":"SMITH"},{"data":"Bludgeon","floor":29,"key":"SMITH"},{"data":"Infernal Blade","floor":32,"key":"SMITH"},{"data":"Reckless Charge","floor":40,"key":"SMITH"},{"data":"Magnetism","floor":47,"key":"SMITH"},{"data":"Infernal Blade","floor":49,"key":"SMITH"}],"circlet_count":0,"master_deck":["Strike_R+1","Strike_R+1","Strike_R+1","Defend_R+1","Defend_R+1","Defend_R+1","Defend_R+1","Bash+1","Pommel Strike+1","Shrug It Off+1","Bludgeon+1","Flame Barrier+1","Reckless Charge+1","Armaments+1","Shrug It Off+1","Bludgeon+1","Armaments+1","Inflame+1","Violence+1","Pommel Strike+1","Clothesline+1","Uppercut+1","Infernal Blade+1","Demon Form+1","Writhe","Reckless Charge+1","Magnetism+1","Metallicize","Infernal Blade+1","Carnage+1"],"relics":["Velvet Choker","Charon\u0027s Ashes","Nunchaku","Mercury Hourglass","Regal Pillow","Coffee Dripper","Kunai","MutagenicStrength","Ancient Tea Set","Paper Frog","Lizard Tail","Red Mask","Red Skull","Black Star","Mark of the Bloom","Gremlin Horn","Bottled Tornado","Anchor","Bag of Preparation"],"acts_visited":["Exordium","TheCity","TheBeyond"],"potions_floor_usage":[16,16,16,27,33,33,44,45],"damage_taken":[{"damage":2,"enemies":"Small Slimes","floor":1,"turns":4},{"damage":4,"enemies":"2 Louse","floor":2,"turns":2},{"damage":1,"enemies":"Cultist","floor":5,"turns":3},{"damage":16,"enemies":"Gremlin Nob","floor":6,"turns":3},{"damage":7,"enemies":"3 Louse","floor":8,"turns":4},{"damage":14,"enemies":"Lagavulin","floor":10,"turns":4},{"damage":8,"enemies":"Exordium Thugs","floor":11,"turns":3},{"damage":0,"enemies":"2 Fungi Beasts","floor":14,"turns":2},{"damage":4,"enemies":"Hexaghost","floor":16,"turns":9},{"damage":7,"enemies":"3 Byrds","floor":18,"turns":3},{"damage":7,"enemies":"Chosen","floor":21,"turns":2},{"damage":6,"enemies":"Book of Stabbing","floor":24,"turns":3},{"damage":9,"enemies":"Slavers","floor":27,"turns":4},{"damage":9,"enemies":"Snake Plant","floor":28,"turns":3},{"damage":0,"enemies":"Masked Bandits","floor":30,"turns":2},{"damage":21,"enemies":"Automaton","floor":33,"turns":6},{"damage":0,"enemies":"3 Darklings","floor":35,"turns":2},{"damage":3,"enemies":"3 Shapes","floor":39,"turns":3},{"damage":27,"enemies":"Jaw Worm Horde","floor":44,"turns":2},{"damage":17,"enemies":"Reptomancer","floor":45,"turns":5},{"damage":0,"enemies":"Transient","floor":46,"turns":5},{"damage":0,"enemies":"4 Shapes","floor":48,"turns":3},{"damage":36,"enemies":"Awakened One","floor":50,"turns":3}],"seed_played":"-1844054714230734071","potions_obtained":[{"floor":6,"key":"Block Potion"},{"floor":8,"key":"SpeedPotion"},{"floor":10,"key":"EssenceOfSteel"},{"floor":11,"key":"AttackPotion"},{"floor":16,"key":"SneckoOil"},{"floor":24,"key":"Swift Potion"},{"floor":27,"key":"PowerPotion"},{"floor":35,"key":"EssenceOfSteel"},{"floor":44,"key":"Strength Potion"}],"is_trial":false,"path_per_floor":["M","M","?","?","M","E","R","M","T","E","M","?","R","M","R","B",null,"M","?","$","M","?","R","E","R","T","E","M","R","?","$","R","B",null,"M","?","?","?","M","R","?","$","T","M","E","M","R","M","R","B"],"character_chosen":"IRONCLAD","items_purchased":["Inflame","Violence","Red Skull","Gremlin Horn","Metallicize"],"campfire_rested":1,"item_purchase_floors":[20,20,31,42,42],"current_hp_per_floor":[70,66,66,66,65,49,49,42,42,28,20,13,52,52,52,48,72,65,65,65,58,58,58,52,52,52,43,34,34,34,34,34,13,63,63,80,80,80,77,77,77,77,77,50,33,33,33,33,33,0,0],"gold":114,"neow_bonus":"BOSS_RELIC","is_daily":false,"chose_seed":false,"campfire_upgraded":9,"win_rate":0.0,"timestamp":1611000423,"path_taken":["M","M","?","?","M","E","R","?","T","E","M","?","R","M","R","BOSS","M","?","$","M","?","R","E","R","T","E","M","R","?","?","R","BOSS","M","?","?","?","M","R","?","$","T","M","E","M","R","M","R","BOSS"],"items_purchased_type":["Card","Card","Relic","Relic","Card"],"build_version":"2020-12-22","purchased_purges":1,"victory":false,"max_hp_per_floor":[80,80,80,80,80,80,80,80,80,80,80,80,80,80,80,80,80,80,80,80,80,80,80,80,80,80,80,80,80,80,80,80,80,80,80,80,80,80,80,80,80,80,80,80,80,80,80,80,80,80,80],"card_choices":[{"not_picked":["Iron Wave","Second Wind"],"picked":"Pommel Strike","floor":1},{"not_picked":["Burning Pact","Dual Wield"],"picked":"Shrug It Off","floor":2},{"not_picked":["Metallicize","Body Slam"],"picked":"Bludgeon","floor":5},{"not_picked":["Combust","True Grit","Sword Boomerang"],"picked":"SKIP","floor":6},{"not_picked":["Shockwave","Sword Boomerang"],"picked":"Flame Barrier","floor":8},{"not_picked":["Blood for Blood","Body Slam"],"picked":"Reckless Charge","floor":10},{"not_picked":["Twin Strike","Flex"],"picked":"Armaments","floor":11},{"not_picked":["Wild Strike","Cleave"],"picked":"Shrug It Off","floor":14},{"not_picked":["Barricade","Offering"],"picked":"Bludgeon","floor":16},{"not_picked":["Heavy Blade","Clash+1"],"picked":"Armaments+1","floor":18},{"not_picked":["Warcry+1","Clash"],"picked":"Pommel Strike","floor":21},{"not_picked":["Spot Weakness","Rupture"],"picked":"Clothesline+1","floor":24},{"not_picked":["Shockwave","Bloodletting"],"picked":"Uppercut+1","floor":27},{"not_picked":["Rupture","Thunderclap","Anger+1"],"picked":"SKIP","floor":28},{"not_picked":["Heavy Blade","Cleave"],"picked":"Infernal Blade","floor":30},{"not_picked":["Exhume","Brutality"],"picked":"Demon Form","floor":33},{"not_picked":["Flex+1","Iron Wave+1","Intimidate+1"],"picked":"SKIP","floor":35},{"not_picked":["Clash+1","True Grit"],"picked":"Reckless Charge","floor":39},{"not_picked":["Enlightenment","Thinking Ahead"],"picked":"Magnetism","floor":41},{"not_picked":["Dark Embrace+1","Anger+1"],"picked":"Infernal Blade","floor":44},{"not_picked":["Clothesline","Perfected Strike"],"picked":"Carnage+1","floor":45},{"not_picked":["Wild Strike","Clothesline","True Grit"],"picked":"SKIP","floor":46},{"not_picked":["Clash","Combust","True Grit+1"],"picked":"SKIP","floor":48}],"player_experience":106057,"relics_obtained":[{"floor":6,"key":"Nunchaku"},{"floor":9,"key":"Mercury Hourglass"},{"floor":10,"key":"Regal Pillow"},{"floor":24,"key":"Ancient Tea Set"},{"floor":26,"key":"Paper Frog"},{"floor":27,"key":"Lizard Tail"},{"floor":30,"key":"Red Mask"},{"floor":43,"key":"Bottled Tornado"},{"floor":45,"key":"Anchor"},{"floor":45,"key":"Bag of Preparation"}],"event_choices":[{"damage_healed":0,"gold_gain":0,"player_choice":"Box","damage_taken":0,"relics_obtained":["Charon\u0027s Ashes"],"max_hp_gain":0,"max_hp_loss":0,"event_name":"Big Fish","floor":3,"gold_loss":0,"cards_obtained":["Regret"]},{"cards_removed":["Regret"],"damage_healed":0,"gold_gain":0,"player_choice":"Removed Curses","damage_taken":0,"max_hp_gain":0,"max_hp_loss":0,"event_name":"Fountain of Cleansing","floor":4,"gold_loss":0},{"cards_removed":["Strike_R"],"damage_healed":0,"gold_gain":0,"player_choice":"Card Removal","damage_taken":7,"max_hp_gain":0,"max_hp_loss":0,"event_name":"Golden Wing","floor":12,"gold_loss":0},{"damage_healed":0,"gold_gain":0,"player_choice":"Obtained Relic","damage_taken":0,"relics_obtained":["Kunai"],"max_hp_gain":0,"max_hp_loss":0,"event_name":"Addict","floor":19,"gold_loss":85},{"damage_healed":0,"gold_gain":0,"player_choice":"Inject Mutagens","damage_taken":0,"relics_obtained":["MutagenicStrength"],"max_hp_gain":0,"max_hp_loss":0,"event_name":"Drug Dealer","floor":22,"gold_loss":0},{"damage_healed":0,"gold_gain":0,"player_choice":"Fought Bandits","damage_taken":0,"max_hp_gain":0,"max_hp_loss":0,"event_name":"Masked Bandits","floor":30,"gold_loss":0},{"damage_healed":20,"gold_gain":0,"player_choice":"Writhe","damage_taken":0,"max_hp_gain":0,"max_hp_loss":0,"event_name":"Winding Halls","floor":36,"gold_loss":0,"cards_obtained":["Writhe"]},{"damage_healed":0,"gold_gain":0,"player_choice":"Upgrade","damage_taken":0,"relics_obtained":["Mark of the Bloom"],"max_hp_gain":0,"max_hp_loss":0,"event_name":"MindBloom","floor":37,"gold_loss":0,"cards_upgraded":["Strike_R","Strike_R","Strike_R","Defend_R","Defend_R","Defend_R","Defend_R","Bash","Pommel Strike","Shrug It Off","Reckless Charge","Armaments","Shrug It Off","Inflame","Demon Form"]},{"damage_healed":0,"gold_gain":222,"player_choice":"Wore Mask","damage_taken":0,"max_hp_gain":0,"max_hp_loss":0,"event_name":"Tomb of Lord Red Mask","floor":38,"gold_loss":0},{"damage_healed":0,"gold_gain":0,"player_choice":"Memory 1","damage_taken":0,"max_hp_gain":0,"max_hp_loss":0,"event_name":"SensoryStone","floor":41,"gold_loss":0}],"is_beta":false,"boss_relics":[{"not_picked":["Empty Cage","Astrolabe"],"picked":"Coffee Dripper"},{"not_picked":["Calling Bell","SacredBark"],"picked":"Black Star"}],"items_purged_floors":[20],"is_endless":false,"potions_floor_spawned":[6,8,10,11,16,24,27,35,44],"killed_by":"Awakened One","ascension_level":9}}