{"host":"vlqejv0notyktumz","time":1611004054,"event":{"mods":["AchievementEnabler","BaseMod","Colored Map","Colored Powertips","Downfall","Googly Eyes","Minty Spire (QoL Compilation)","StSLib"],"gold_per_floor":[115,132,152,169,244,244,244,244,292,292,68,102,102,120,120,244,244,268,268,74,24,48,48,92,111,136,136,136],"floor_reached":27,"language":"ENG","playtime":519,"items_purged":["Strike_B","Defend_B","Strike_B"],"score":323,"play_id":"6e4317f3-a5bd-47aa-938a-1ad49f073e7a","local_time":"20210118150734","is_ascension_mode":true,"campfire_choices":[{"data":"Leap","floor":6,"key":"SMITH"},{"data":"Cold Snap","floor":10,"key":"SMITH"},{"data":"Leap","floor":15,"key":"SMITH"},{"data":"Stack","floor":23,"key":"SMITH"}],"circlet_count":0,"master_deck":["Strike_B","Strike_B","Defend_B","Zap","Dualcast","Cold Snap+1","Stack+1","Ball Lightning","Leap+1","Leap+1","Core Surge","Lockon","Darkness","Static Discharge","Leap","Multi-Cast","Ball Lightning","Reinforced Body"],"relics":["Cracked Core","NeowsBlessing","Golden Idol","Strawberry","Orrery","Smiling Mask","Nuclear Battery","Dream Catcher","Art of War","Singing Bowl","Bronze Scales"],"acts_visited":["Exordium","TheCity"],"potions_floor_usage":[16,16,24,24,25,27],"damage_taken":[{"damage":0,"enemies":"Cultist","floor":1,"turns":1},{"damage":0,"enemies":"2 Louse","floor":2,"turns":1},{"damage":0,"enemies":"Small Slimes","floor":3,"turns":1},{"damage":8,"enemies":"2 Fungi Beasts","floor":4,"turns":3},{"damage":18,"enemies":"Lagavulin","floor":12,"turns":6},{"damage":4,"enemies":"Red Slaver","floor":14,"turns":4},{"damage":10,"enemies":"Hexaghost","floor":16,"turns":8},{"damage":18,"enemies":"3 Byrds","floor":18,"turns":5},{"damage":10,"enemies":"Chosen","floor":22,"turns":3},{"damage":17,"enemies":"Slavers","floor":24,"turns":6},{"damage":7,"enemies":"Shelled Parasite and Fungi","floor":25,"turns":7},{"damage":21,"enemies":"Centurion and Healer","floor":27,"turns":1}],"seed_played":"-3094696380291750551","potions_obtained":[{"floor":1,"key":"EssenceOfSteel"},{"floor":2,"key":"LiquidBronze"},{"floor":3,"key":"LiquidBronze"},{"floor":18,"key":"BlessingOfTheForge"},{"floor":24,"key":"BlessingOfTheForge"},{"floor":25,"key":"ColorlessPotion"}],"is_trial":false,"path_per_floor":["M","M","M","M","?","R","?","?","T","R","$","E","?","M","R","B",null,"M","?","$","$","M","R","E","M","T","M"],"character_chosen":"DEFECT","items_purchased":["Orrery","Art of War"],"campfire_rested":0,"item_purchase_floors":[11,20],"current_hp_per_floor":[68,68,68,60,49,49,42,42,49,49,49,31,31,27,27,17,61,43,43,43,43,33,33,18,13,13,0,0],"gold":136,"neow_bonus":"THREE_ENEMY_KILL","is_daily":false,"chose_seed":false,"campfire_upgraded":4,"win_rate":0.0,"timestamp":1611004054,"path_taken":["M","M","?","M","?","R","?","?","T","R","$","E","?","?","R","BOSS","M","?","?","$","M","R","E","?","T","M"],"items_purchased_type":["Relic","Relic"],"build_version":"2020-12-22","purchased_purges":3,"victory":false,"max_hp_per_floor":[75,75,75,75,75,75,75,69,76,76,76,76,76,76,76,76,76,76,76,76,76,76,76,78,80,80,80,80],"card_choices":[{"not_picked":["Aggregate","Heatsinks"],"picked":"Cold Snap","floor":1},{"not_picked":["Hello World","Turbo"],"picked":"Stack","floor":2},{"not_picked":["Cold Snap","Undo"],"picked":"Ball Lightning","floor":3},{"not_picked":["Sweeping Beam","Reinforced Body"],"picked":"Leap","floor":4},{"not_picked":["Undo","Buffer"],"picked":"Leap","floor":11},{"not_picked":["Sweeping Beam","Streamline"],"picked":"Core Surge","floor":11},{"not_picked":["Redo","Double Energy"],"picked":"Lockon","floor":11},{"not_picked":["Beam Cell","Chaos"],"picked":"Darkness","floor":11},{"not_picked":["Blizzard","Sweeping Beam"],"picked":"Static Discharge","floor":11},{"not_picked":["Coolheaded","Gash"],"picked":"Leap","floor":12},{"not_picked":["Gash","Sweeping Beam"],"picked":"Multi-Cast","floor":14},{"not_picked":["Redo","Capacitor"],"picked":"Ball Lightning","floor":18},{"not_picked":["Stack","Go for the Eyes"],"picked":"Reinforced Body","floor":22},{"not_picked":["Darkness","All For One","Steam"],"picked":"Singing Bowl","floor":24},{"not_picked":["Coolheaded","Storm","Barrage"],"picked":"Singing Bowl","floor":25}],"player_experience":359626,"relics_obtained":[{"floor":9,"key":"Strawberry"},{"floor":12,"key":"Smiling Mask"},{"floor":19,"key":"Dream Catcher"},{"floor":24,"key":"Singing Bowl"},{"floor":26,"key":"Bronze Scales"}],"event_choices":[{"damage_healed":0,"gold_gain":75,"player_choice":"Gather Gold","damage_taken":11,"max_hp_gain":0,"max_hp_loss":0,"event_name":"World of Goop","floor":5,"gold_loss":0},{"cards_removed":["Defend_B"],"damage_healed":0,"gold_gain":0,"player_choice":"Card Removal","damage_taken":7,"max_hp_gain":0,"max_hp_loss":0,"event_name":"Golden Wing","floor":7,"gold_loss":0},{"damage_healed":0,"gold_gain":0,"player_choice":"Lose Max HP","damage_taken":0,"relics_obtained":["Golden Idol"],"max_hp_gain":0,"max_hp_loss":6,"event_name":"Golden Idol","floor":8,"gold_loss":0},{"cards_removed":["Defend_B"],"damage_healed":0,"gold_gain":0,"player_choice":"Purged","damage_taken":0,"max_hp_gain":0,"max_hp_loss":0,"event_name":"Purifier","floor":13,"gold_loss":0},{"damage_healed":0,"gold_gain":0,"player_choice":"Relic","damage_taken":0,"max_hp_gain":0,"max_hp_loss":0,"event_name":"Wheel of Change","floor":19,"gold_loss":0}],"is_beta":false,"boss_relics":[{"not_picked":["Busted Crown","Snecko Eye"],"picked":"Nuclear Battery"}],"items_purged_floors":[11,20,21],"is_endless":false,"potions_floor_spawned":[1,2,3,18,24,25],"killed_by":"Centurion and Healer","ascension_level":8}}