{"host":"zig6x0mxqzam82fb","time":1611006468,"event":{"mods":["BaseMod","Block Reminder","Colored Map","Colored Powertips","Marisa????????","Minty Spire (QoL Compilation)","Relic Stats","StSLib","The Cursed","The Marked","Waifu the Spire"],"gold_per_floor":[117,127,145,110,110,110,142,152,176,186,186,213,213,231,231,333,333,350,350,19,19,19,19,44,44,69,0,0,0,0,17,17,112,112,124,124,9,9,9,9,40,52,52,52,52,64,15,34,34,34],"floor_reached":51,"language":"ENG","playtime":2789,"items_purged":["Pain"],"score":966,"play_id":"ce2be496-135e-4026-bb1f-da6b9add20c2","local_time":"20210118164748","is_ascension_mode":true,"campfire_choices":[{"data":"Deadly Poison","floor":6,"key":"SMITH"},{"floor":13,"key":"REST"},{"data":"Crippling Poison","floor":15,"key":"SMITH"},{"floor":23,"key":"REST"},{"data":"Strike_G","floor":29,"key":"PURGE"},{"floor":32,"key":"REST"},{"data":"Writhe","floor":40,"key":"PURGE"},{"floor":44,"key":"REST"},{"floor":49,"key":"REST"}],"circlet_count":0,"master_deck":["Strike_G","Strike_G","Strike_G","Defend_G","Defend_G","Defend_G","Defend_G","Survivor","Neutralize","Blade Dance","Dagger Spray","Deadly Poison+1","Slice","Infinite Blades","Blade Dance","Acrobatics","Crippling Poison+1","Phantasmal Killer","CurseOfTheBell","Heel Hook+1","Cloak And Dagger","Backflip","Backflip","Accuracy","Malaise","Blade Dance","Terror","Malaise","PiercingWail","Dodge and Roll+1","Distraction+1","Backflip+1"],"relics":["Ring of the Snake","Bag of Preparation","Ancient Tea Set","Bronze Scales","WarpedTongs","Art of War","Calling Bell","Juzu Bracelet","Letter Opener","Torii","Toolbox","Peace Pipe","Happy Flower","WristBlade","Pocketwatch","Ornamental Fan"],"acts_visited":["Exordium","TheCity","TheBeyond"],"potions_floor_usage":[16,16,33,46,50,50,50],"damage_taken":[{"damage":1,"enemies":"Small Slimes","floor":1,"turns":4},{"damage":2,"enemies":"2 Louse","floor":2,"turns":3},{"damage":0,"enemies":"Cultist","floor":3,"turns":3},{"damage":17,"enemies":"Gremlin Nob","floor":7,"turns":4},{"damage":3,"enemies":"Blue Slaver","floor":8,"turns":3},{"damage":0,"enemies":"Looter","floor":10,"turns":2},{"damage":16,"enemies":"3 Sentries","floor":12,"turns":5},{"damage":8,"enemies":"Exordium Wildlife","floor":14,"turns":2},{"damage":23,"enemies":"Hexaghost","floor":16,"turns":7},{"damage":2,"enemies":"Chosen","floor":18,"turns":4},{"damage":30,"enemies":"Book of Stabbing","floor":24,"turns":4},{"damage":4,"enemies":"3 Byrds","floor":31,"turns":2},{"damage":70,"enemies":"Champ","floor":33,"turns":9},{"damage":21,"enemies":"3 Darklings","floor":35,"turns":4},{"damage":40,"enemies":"Reptomancer","floor":41,"turns":5},{"damage":1,"enemies":"Orb Walker","floor":42,"turns":3},{"damage":3,"enemies":"Writhing Mass","floor":46,"turns":6},{"damage":37,"enemies":"Transient","floor":48,"turns":5},{"damage":26,"enemies":"Awakened One","floor":50,"turns":16}],"seed_played":"2016863533085921649","potions_obtained":[{"floor":1,"key":"BlessingOfTheForge"},{"floor":7,"key":"DuplicationPotion"},{"floor":8,"key":"Poison Potion"},{"floor":14,"key":"Weak Potion"},{"floor":16,"key":"Explosive Potion"},{"floor":18,"key":"FairyPotion"},{"floor":41,"key":"FearPotion"},{"floor":46,"key":"Ancient Potion"}],"is_trial":false,"path_per_floor":["M","M","M","?","?","R","E","M","T","M","?","E","R","M","R","B",null,"M","?","$","?","$","R","E","$","T","?","?","R","$","M","R","B",null,"M","?","$","?","?","R","E","M","T","R","?","M","$","M","R","B",null],"character_chosen":"THE_SILENT","items_purchased":["Toolbox","Cloak And Dagger","Backflip","Terror","Regen Potion","Dexterity Potion"],"campfire_rested":5,"item_purchase_floors":[20,20,20,37,37,47],"current_hp_per_floor":[62,60,60,70,70,70,53,50,50,50,50,34,55,47,47,24,59,57,57,57,44,44,66,36,36,36,36,36,36,36,32,54,8,58,37,37,37,56,56,56,16,15,15,37,37,49,49,12,34,8],"gold":34,"neow_bonus":"RANDOM_COMMON_RELIC","is_daily":false,"chose_seed":false,"campfire_upgraded":2,"win_rate":0.0,"timestamp":1611006468,"path_taken":["M","M","M","?","?","R","E","M","T","M","?","E","R","?","R","BOSS","M","?","$","?","?","R","E","$","T","?","?","R","?","M","R","BOSS","M","?","$","?","?","R","E","M","T","R","?","M","$","M","R","BOSS"],"items_purchased_type":["Relic","Card","Card","Card","Potion","Potion"],"build_version":"2020-12-22","purchased_purges":1,"victory":true,"max_hp_per_floor":[70,70,70,70,70,70,70,70,70,70,70,70,70,70,70,70,70,70,70,70,75,75,75,75,75,75,75,75,75,75,75,75,75,75,75,75,75,75,75,75,75,75,75,75,75,75,75,75,75,75],"relic_stats":{"Torii":43,"Happy Flower":[16],"counters":[19,91],"Bag of Preparation":[38],"Juzu Bracelet":3,"Letter Opener":[181],"WarpedTongs":[69],"Peace Pipe":2,"Ornamental Fan":[96],"Bronze Scales":[290],"Art of War":[8],"obtain_stats":[{"Torii":17,"Happy Flower":26,"Bag of Preparation":0,"Juzu Bracelet":17,"Letter Opener":17,"Ancient Tea Set":7,"WarpedTongs":11,"Calling Bell":17,"Peace Pipe":24,"WristBlade":34,"Ornamental Fan":43,"Bronze Scales":9,"Toolbox":20,"Art of War":12,"Ring of the Snake":0,"Pocketwatch":41},{"Torii":9,"Happy Flower":11,"Bag of Preparation":0,"Juzu Bracelet":9,"Letter Opener":9,"Ancient Tea Set":4,"WarpedTongs":6,"Calling Bell":9,"Peace Pipe":11,"WristBlade":13,"Ornamental Fan":16,"Bronze Scales":5,"Toolbox":10,"Art of War":7,"Ring of the Snake":0,"Pocketwatch":15},{"Torii":33,"Happy Flower":41,"Bag of Preparation":0,"Juzu Bracelet":33,"Letter Opener":33,"Ancient Tea Set":14,"WarpedTongs":19,"Calling Bell":33,"Peace Pipe":41,"WristBlade":52,"Ornamental Fan":64,"Bronze Scales":17,"Toolbox":37,"Art of War":24,"Ring of the Snake":0,"Pocketwatch":61}],"Ring of the Snake":[38],"Pocketwatch":[9]},"card_choices":[{"not_picked":["Calculated Gamble","Expertise"],"picked":"Blade Dance","floor":1},{"not_picked":["Outmaneuver","Flying Knee"],"picked":"Dagger Spray","floor":2},{"not_picked":["All Out Attack","Backstab"],"picked":"Deadly Poison","floor":3},{"not_picked":["Quick Slash","Underhanded Strike"],"picked":"Slice","floor":7},{"not_picked":["Slice","Flying Knee"],"picked":"Infinite Blades","floor":8},{"not_picked":["Dodge and Roll","PiercingWail"],"picked":"Blade Dance","floor":10},{"not_picked":["A Thousand Cuts","Deflect"],"picked":"Acrobatics","floor":12},{"not_picked":["Slice","Cloak And Dagger"],"picked":"Crippling Poison","floor":14},{"not_picked":["Doppelganger","Grand Finale"],"picked":"Phantasmal Killer","floor":16},{"not_picked":["Slice+1","Infinite Blades"],"picked":"Heel Hook+1","floor":18},{"not_picked":["Poisoned Stab","Cloak And Dagger"],"picked":"Backflip","floor":24},{"not_picked":["Cloak And Dagger","Flying Knee"],"picked":"Accuracy","floor":31},{"not_picked":["Night Terror","Phantasmal Killer"],"picked":"Malaise","floor":33},{"not_picked":["Heel Hook+1","Prepared"],"picked":"Blade Dance","floor":35},{"not_picked":["Night Terror","Infinite Blades"],"picked":"PiercingWail","floor":41},{"not_picked":["Bane","Predator"],"picked":"Dodge and Roll+1","floor":42},{"not_picked":["Quick Slash+1","Noxious Fumes"],"picked":"Distraction+1","floor":46},{"not_picked":["Tactician+1","Sucker Punch+1"],"picked":"Backflip+1","floor":48}],"player_experience":482670,"relics_obtained":[{"floor":7,"key":"Ancient Tea Set"},{"floor":9,"key":"Bronze Scales"},{"floor":12,"key":"Art of War"},{"floor":17,"key":"Juzu Bracelet"},{"floor":17,"key":"Letter Opener"},{"floor":17,"key":"Torii"},{"floor":24,"key":"Peace Pipe"},{"floor":26,"key":"Happy Flower"},{"floor":41,"key":"Pocketwatch"},{"floor":43,"key":"Ornamental Fan"}],"event_choices":[{"damage_healed":17,"gold_gain":0,"player_choice":"Healed","damage_taken":0,"max_hp_gain":0,"max_hp_loss":0,"event_name":"The Cleric","floor":4,"gold_loss":35},{"damage_healed":0,"gold_gain":0,"player_choice":"Ignored","damage_taken":0,"max_hp_gain":0,"max_hp_loss":0,"event_name":"Liars Game","floor":5,"gold_loss":0},{"damage_healed":0,"gold_gain":0,"player_choice":"Rummage","damage_taken":0,"relics_obtained":["WarpedTongs"],"max_hp_gain":0,"max_hp_loss":0,"event_name":"Accursed Blacksmith","floor":11,"gold_loss":0,"cards_obtained":["Pain"]},{"damage_healed":0,"gold_gain":0,"player_choice":"Ignored","damage_taken":0,"max_hp_gain":0,"max_hp_loss":0,"event_name":"Vampires","floor":19,"gold_loss":0},{"damage_healed":0,"gold_gain":0,"player_choice":"Shed Blood","damage_taken":18,"max_hp_gain":5,"max_hp_loss":0,"event_name":"Forgotten Altar","floor":21,"gold_loss":0},{"damage_healed":0,"gold_gain":0,"player_choice":"Paid Fearfully","damage_taken":0,"max_hp_gain":0,"max_hp_loss":0,"event_name":"Masked Bandits","floor":27,"gold_loss":69},{"cards_removed":["Strike_G"],"damage_healed":0,"gold_gain":0,"player_choice":"Offered Basic","damage_taken":0,"max_hp_gain":0,"max_hp_loss":0,"event_name":"Bonfire Elementals","floor":36,"gold_loss":0},{"damage_healed":19,"gold_gain":0,"player_choice":"Writhe","damage_taken":0,"max_hp_gain":0,"max_hp_loss":0,"event_name":"Winding Halls","floor":38,"gold_loss":0,"cards_obtained":["Writhe"]},{"damage_healed":0,"gold_gain":0,"player_choice":"Copied","damage_taken":0,"max_hp_gain":0,"max_hp_loss":0,"event_name":"Duplicator","floor":39,"gold_loss":0,"cards_obtained":["Malaise"]},{"cards_removed":["Defend_G"],"damage_healed":0,"gold_gain":0,"player_choice":"Removed Skill","damage_taken":0,"max_hp_gain":0,"max_hp_loss":0,"event_name":"Falling","floor":45,"gold_loss":0}],"is_beta":false,"boss_relics":[{"not_picked":["Busted Crown","SlaversCollar"],"picked":"Calling Bell"},{"not_picked":["SacredBark","Empty Cage"],"picked":"WristBlade"}],"items_purged_floors":[20],"is_endless":false,"potions_floor_spawned":[1,7,8,14,16,18,24,41,46],"ascension_level":9}}