{"host":"8d3fefv2347kqkpz","time":1611008114,"event":{"mods":["100% Spire Juice","AchievementEnabler","Act Like it!","Aspiration","BaseMod","Better Vampires","Colored Map","Colored Powertips","Conspire","GifTheSpireLib","Highlight Path","Mimic Mod","Minty Spire (QoL Compilation)","Quick Restart","Reimu£®≤©¿ˆ¡È√Œ£©","Relic Stats","Remilia£®¿Ÿ√◊¿Ú—«£©","Replay The Spire","Spicy Shops","StSLib","The Gatherer","The Jungle","The Senshi","The Servant 0.9.4","Waifu the Spire","vexMod"],"gold_per_floor":[109,109,109,123,143,143,163,163,213,213,213,196,212,233,143,264,264,289,289],"floor_reached":18,"language":"ZHS","playtime":763,"items_purged":[],"score":156,"play_id":"ad0d91ae-bddf-4b19-96f0-e5b97ef84bb5","local_time":"20210119061514","is_ascension_mode":false,"campfire_choices":[{"data":"aspiration:Polymerization","floor":6,"key":"SMITH"},{"data":"Conserve Battery","floor":10,"key":"SMITH"}],"circlet_count":0,"master_deck":["Strike_B","Strike_B","Defend_B","Defend_B","Defend_B","Defend_B","Zap+1","Dualcast","Capacitor","aspiration:Polymerization+1","Conserve Battery+1","Core Surge","Electrodynamics"],"relics":["Cracked Core","Replay:WaspNest","Golden Idol","GremlinMask","Replay:Grab Bag","Velvet Choker","vexMod:EndlessSickness","Honey Jar"],"acts_visited":["Exordium","Exordium"],"potions_floor_usage":[12,16,16,16,16,16],"damage_taken":[{"damage":0,"enemies":"Small Slimes","floor":1,"turns":2},{"damage":1,"enemies":"Jaw Worm","floor":4,"turns":3},{"damage":0,"enemies":"2 Louse","floor":5,"turns":2},{"damage":16,"enemies":"2 Fungi Beasts","floor":7,"turns":3},{"damage":4,"enemies":"Exordium Thugs","floor":9,"turns":9},{"damage":8,"enemies":"Exordium Thugs","floor":12,"turns":5},{"damage":0,"enemies":"Looter","floor":13,"turns":4},{"damage":8,"enemies":"Red Slaver","floor":14,"turns":4},{"damage":33,"enemies":"The Guardian","floor":16,"turns":12},{"damage":12,"enemies":"Shell Parasite","floor":18,"turns":5}],"seed_played":"-4943296913266276985","potions_obtained":[{"floor":1,"key":"Elixir"},{"floor":4,"key":"LiquidBronze"},{"floor":12,"key":"Doom Potion"},{"floor":13,"key":"EntropicBrew"}],"is_trial":false,"path_per_floor":["M","?","?","M","M","R","M","?","MIM","R","?","M","M","M","R_BF","B",null,"M"],"character_chosen":"DEFECT","items_purchased":[],"campfire_rested":0,"item_purchase_floors":[],"current_hp_per_floor":[80,73,73,72,72,72,56,56,52,52,52,44,44,36,36,3,74,62,62],"gold":289,"neow_bonus":"RANDOM_EVENT","is_daily":false,"chose_seed":false,"campfire_upgraded":2,"win_rate":0.0,"timestamp":1611008114,"path_taken":["M","?","?","M","M","R","M","?","MIM","R","?","M","M","M","R_BF","BOSS","M"],"items_purchased_type":[],"build_version":"2020-12-22","purchased_purges":0,"victory":false,"max_hp_per_floor":[80,80,80,80,80,80,80,74,74,74,74,74,74,74,74,74,74,74,74],"relic_stats":{"counters":[10,49],"Golden Idol":49,"obtain_stats":[{"Golden Idol":8,"Replay:Grab Bag":17,"vexMod:EndlessSickness":17,"Velvet Choker":17,"Honey Jar":17,"GremlinMask":11,"Replay:WaspNest":2,"Cracked Core":0},{"Golden Idol":4,"Replay:Grab Bag":9,"vexMod:EndlessSickness":9,"Velvet Choker":9,"Honey Jar":9,"GremlinMask":5,"Replay:WaspNest":1,"Cracked Core":0},{"Golden Idol":10,"Replay:Grab Bag":44,"vexMod:EndlessSickness":44,"Velvet Choker":44,"Honey Jar":44,"GremlinMask":19,"Replay:WaspNest":2,"Cracked Core":0}]},"card_choices":[{"not_picked":["Recycle","Cold Snap"],"picked":"Capacitor","floor":1},{"not_picked":["Stack","Beam Cell"],"picked":"aspiration:Polymerization","floor":4},{"not_picked":["Hologram","ReplayTheSpireMod:Reroute Power","Cold Snap"],"picked":"SKIP","floor":5},{"not_picked":["Cold Snap","Stack","Streamline"],"picked":"SKIP","floor":7},{"not_picked":["Barrage","Crystallizer"],"picked":"Conserve Battery","floor":9},{"not_picked":["Conserve Battery","Barrage","Crystallizer"],"picked":"SKIP","floor":12},{"not_picked":["Turbo","Beam Cell","Stack"],"picked":"SKIP","floor":13},{"not_picked":["Ball Lightning","Consume"],"picked":"Core Surge","floor":14},{"not_picked":["Reboot","Creative AI"],"picked":"Electrodynamics","floor":16}],"player_experience":106978,"relics_obtained":[],"event_choices":[{"damage_healed":0,"gold_gain":0,"player_choice":"Donut","damage_taken":0,"max_hp_gain":5,"max_hp_loss":0,"event_name":"Big Fish","floor":0,"gold_loss":0},{"damage_healed":0,"gold_gain":0,"player_choice":"Success","damage_taken":7,"relics_obtained":["Replay:WaspNest"],"max_hp_gain":0,"max_hp_loss":0,"event_name":"Scrap Ooze","floor":2,"gold_loss":0},{"damage_healed":0,"gold_gain":0,"player_choice":"Lose Max HP","damage_taken":0,"relics_obtained":["Golden Idol"],"max_hp_gain":0,"max_hp_loss":6,"event_name":"Golden Idol","floor":8,"gold_loss":0},{"damage_healed":0,"gold_gain":0,"player_choice":"Trade","damage_taken":0,"relics_obtained":["GremlinMask"],"max_hp_gain":0,"max_hp_loss":0,"event_name":"FaceTrader","floor":11,"gold_loss":0},{"cards_removed":["Strike_B"],"damage_healed":0,"gold_gain":0,"player_choice":"Upgrade and Remove","damage_taken":0,"max_hp_gain":0,"max_hp_loss":0,"event_name":"Designer","floor":15,"gold_loss":90,"cards_upgraded":["Zap"]}],"is_beta":false,"boss_relics":[{"not_picked":["Runic Dome","Sozu"],"picked":"Replay:Grab Bag"},{"not_picked":["vexMod:TanglingVine","Fusion Hammer"],"picked":"Velvet Choker"},{"not_picked":["ChewingGum","Cursed Key"],"picked":"vexMod:EndlessSickness"},{"not_picked":["Snecko Eye","Snecko Heart"],"picked":"Honey Jar"}],"items_purged_floors":[],"is_endless":false,"potions_floor_spawned":[1,4,12,13],"killed_by":"Shell Parasite","ascension_level":0}}