{"host":"Rich","time":1611011530,"event":{"mods":["AchievementEnabler","BaseMod","Highlight Path","Minty Spire (QoL Compilation)","Relic Stats"],"gold_per_floor":[116,81,91,91,109,135,135,87,112,131,165,165,191,210,210,289,289,303,353,370,370,242,242,242],"floor_reached":23,"language":"ENG","playtime":668,"items_purged":["Decay"],"score":418,"play_id":"cabd8fd0-3a00-42a4-a15d-c9b2fd8dae5e","local_time":"20210118181210","is_ascension_mode":true,"campfire_choices":[{"data":"Loop","floor":7.0,"key":"SMITH"},{"floor":12.0,"key":"REST"},{"data":"Redo","floor":15.0,"key":"SMITH"}],"circlet_count":0,"master_deck":["AscendersBane","Strike_B","Strike_B","Strike_B","Strike_B","Defend_B","Defend_B","Defend_B","Defend_B","Zap","Dualcast","Amplify","Streamline","Doom and Gloom","Conserve Battery","Loop+1","Doom and Gloom","Redo+1","Double Energy","Fission","Lockon"],"relics":["Cracked Core","Tiny Chest","Meat on the Bone","Oddly Smooth Stone","Pocketwatch","Anchor","Runic Dome"],"acts_visited":["Exordium","TheCity"],"potions_floor_usage":[23],"damage_taken":[{"damage":10.0,"enemies":"Small Slimes","floor":1.0,"turns":2.0},{"damage":4.0,"enemies":"2 Louse","floor":3.0,"turns":3.0},{"damage":1.0,"enemies":"Cultist","floor":5.0,"turns":3.0},{"damage":39.0,"enemies":"Lagavulin","floor":6.0,"turns":9.0},{"damage":3.0,"enemies":"Blue Slaver","floor":10.0,"turns":4.0},{"damage":18.0,"enemies":"3 Sentries","floor":11.0,"turns":6.0},{"damage":36.0,"enemies":"Gremlin Nob","floor":13.0,"turns":4.0},{"damage":2.0,"enemies":"Lots of Slimes","floor":14.0,"turns":2.0},{"damage":20.0,"enemies":"Hexaghost","floor":16.0,"turns":6.0},{"damage":34,"enemies":"3 Byrds","floor":18,"turns":4},{"damage":24,"enemies":"Chosen","floor":20,"turns":5},{"damage":27,"enemies":"Gremlin Leader","floor":23,"turns":3}],"seed_played":"7592543852078771404","potions_obtained":[{"floor":3.0,"key":"SpeedPotion"},{"floor":10.0,"key":"LiquidMemories"},{"floor":13.0,"key":"PowerPotion"},{"floor":14.0,"key":"LiquidMemories"}],"is_trial":false,"path_per_floor":["M","?","M","?","M","E","R","?","T","M","E","R","E","M","R","B",null,"M","?","M","?","$","E"],"character_chosen":"DEFECT","items_purchased":["Weak Potion"],"campfire_rested":1,"item_purchase_floors":[22],"current_hp_per_floor":[54,71,67,62,61,22,22,22,22,31,25,46,22,32,32,24,59,37,37,25,25,25,0,0],"gold":242,"neow_bonus":"ONE_RANDOM_RARE_CARD","is_daily":false,"chose_seed":false,"campfire_upgraded":2,"win_rate":0.0,"timestamp":1611011530,"path_taken":["M","?","M","?","M","E","R","?","T","M","E","R","E","M","R","BOSS","M","?","M","?","$","E"],"items_purchased_type":["Potion"],"build_version":"2020-12-18","purchased_purges":1,"victory":false,"max_hp_per_floor":[71,71,71,71,71,71,71,71,71,71,71,71,71,71,71,71,71,71,71,71,71,71,71,71],"relic_stats":{"counters":[12,51],"Tiny Chest":0,"obtain_stats":[{"Runic Dome":17,"Anchor":13,"Oddly Smooth Stone":9,"Tiny Chest":4,"Cracked Core":0,"Meat on the Bone":6,"Pocketwatch":11},{"Runic Dome":9,"Anchor":7,"Oddly Smooth Stone":4,"Tiny Chest":2,"Cracked Core":0,"Meat on the Bone":4,"Pocketwatch":6},{"Runic Dome":39,"Anchor":31,"Oddly Smooth Stone":17,"Tiny Chest":5,"Cracked Core":0,"Meat on the Bone":17,"Pocketwatch":27}],"Meat on the Bone":84,"Pocketwatch":[36]},"card_choices":[{"not_picked":["Redo","Rip and Tear"],"picked":"Streamline","floor":1.0},{"not_picked":["Leap","Aggregate"],"picked":"Doom and Gloom","floor":3.0},{"not_picked":["Amplify","Beam Cell"],"picked":"Conserve Battery","floor":5.0},{"not_picked":["Sweeping Beam","Conserve Battery"],"picked":"Loop","floor":6.0},{"not_picked":["Steam Power","Aggregate"],"picked":"Doom and Gloom","floor":10.0},{"not_picked":["Rebound","Static Discharge"],"picked":"Redo","floor":11.0},{"not_picked":["Sunder","Melter"],"picked":"Double Energy","floor":13.0},{"not_picked":["Sweeping Beam","Double Energy","Compile Driver"],"picked":"SKIP","floor":14.0},{"not_picked":["Core Surge","Amplify"],"picked":"Fission","floor":16.0},{"not_picked":["Stack","Go for the Eyes"],"picked":"Lockon","floor":18},{"not_picked":["Aggregate","Stack","Gash"],"picked":"SKIP","floor":20}],"player_experience":1997070,"relics_obtained":[{"floor":6.0,"key":"Meat on the Bone"},{"floor":9.0,"key":"Oddly Smooth Stone"},{"floor":11.0,"key":"Pocketwatch"},{"floor":13.0,"key":"Anchor"}],"event_choices":[{"damage_healed":17.0,"max_hp_gain":0.0,"max_hp_loss":0.0,"gold_gain":0.0,"event_name":"The Cleric","player_choice":"Healed","floor":2.0,"gold_loss":35.0,"damage_taken":0.0},{"damage_healed":0.0,"max_hp_gain":0.0,"max_hp_loss":0.0,"gold_gain":0.0,"event_name":"Scrap Ooze","player_choice":"Success","floor":4.0,"gold_loss":0.0,"damage_taken":5.0,"relics_obtained":["Tiny Chest"]},{"damage_healed":0.0,"max_hp_gain":0.0,"max_hp_loss":0.0,"gold_gain":0.0,"event_name":"World of Goop","player_choice":"Left Gold","floor":8.0,"gold_loss":48.0,"damage_taken":0.0},{"damage_healed":0,"gold_gain":50,"player_choice":"Stole From Cult","damage_taken":0,"max_hp_gain":0,"max_hp_loss":0,"event_name":"Nest","floor":19,"gold_loss":0},{"damage_healed":0,"gold_gain":0,"player_choice":"Smashed Altar","damage_taken":0,"max_hp_gain":0,"max_hp_loss":0,"event_name":"Forgotten Altar","floor":21,"gold_loss":0,"cards_obtained":["Decay"]}],"is_beta":true,"boss_relics":[{"not_picked":["Cursed Key","Fusion Hammer"],"picked":"Runic Dome"}],"items_purged_floors":[22],"is_endless":false,"potions_floor_spawned":[3,10,13,14],"killed_by":"Gremlin Leader","ascension_level":20}}