{"host":"8d3fefv2347kqkpz","time":1611005717,"event":{"mods":["100% Spire Juice","AchievementEnabler","Act Like it!","Aspiration","BaseMod","Better Vampires","Colored Map","Colored Powertips","Conspire","GifTheSpireLib","Highlight Path","Mimic Mod","Minty Spire (QoL Compilation)","Quick Restart","Reimu£®≤©¿ˆ¡È√Œ£©","Relic Stats","Remilia£®¿Ÿ√◊¿Ú—«£©","Replay The Spire","Spicy Shops","StSLib","The Gatherer","The Jungle","The Senshi","The Servant 0.9.4","Waifu the Spire","vexMod"],"gold_per_floor":[114,127,227,238,63,63,74,39,39,56,56,75,103,121,121,121,121],"floor_reached":16,"language":"ZHS","playtime":683,"items_purged":["Strike_B","Strike_B"],"score":129,"play_id":"d0228c43-54b9-4d0f-b113-18fe1d37fb1c","local_time":"20210119053517","is_ascension_mode":false,"campfire_choices":[{"data":"Conserve Battery","floor":6,"key":"SMITH"},{"data":"Fusion","floor":11,"key":"SMITH"},{"data":"Zap","floor":11,"key":"SMITH"},{"floor":15,"key":"REST"}],"circlet_count":0,"master_deck":["Strike_B","Defend_B","Defend_B","Defend_B","Defend_B","Zap+1","Dualcast","Conserve Battery+1","Skim","Fusion+1"],"relics":["Cracked Core","Replay:Arrowhead","CaptainsWheel"],"acts_visited":["Exordium"],"potions_floor_usage":[16],"damage_taken":[{"damage":8,"enemies":"Jaw Worm","floor":1,"turns":3},{"damage":1,"enemies":"Cultist","floor":2,"turns":3},{"damage":0,"enemies":"conspire:RoseBush","floor":4,"turns":3},{"damage":6,"enemies":"Lots of Slimes","floor":7,"turns":6},{"damage":17,"enemies":"Large Slime","floor":10,"turns":8},{"damage":1,"enemies":"Exordium Wildlife","floor":12,"turns":5},{"damage":0,"enemies":"Replay:BlueRogue","floor":13,"turns":8},{"damage":4,"enemies":"conspire:2 RoseBushes","floor":14,"turns":6},{"damage":60,"enemies":"Slime Boss","floor":16,"turns":13}],"seed_played":"2176408491064045250","potions_obtained":[{"floor":1,"key":"Strength Potion"},{"floor":2,"key":"SteroidPotion"},{"floor":4,"key":"Block Potion"}],"is_trial":false,"path_per_floor":["M","M","?","M","$","R","M","$","T","M","R","M","E","M","R","B"],"character_chosen":"DEFECT","items_purchased":["Fusion"],"campfire_rested":1,"item_purchase_floors":[8],"current_hp_per_floor":[67,66,66,66,66,66,60,60,60,43,43,42,42,38,60,0,0],"gold":121,"neow_bonus":"REMOVE_CARD","is_daily":false,"chose_seed":false,"campfire_upgraded":3,"win_rate":0.0,"timestamp":1611005717,"path_taken":["M","M","?","?","$","R","M","?","T","M","R","M","E","M","R","BOSS"],"items_purchased_type":["Card"],"build_version":"2020-12-22","purchased_purges":2,"victory":false,"max_hp_per_floor":[75,75,75,75,75,75,75,75,75,75,75,75,75,75,75,75,75],"relic_stats":{"counters":[9,55],"obtain_stats":[{"CaptainsWheel":13,"Cracked Core":0,"Replay:Arrowhead":9},{"CaptainsWheel":7,"Cracked Core":0,"Replay:Arrowhead":4},{"CaptainsWheel":36,"Cracked Core":0,"Replay:Arrowhead":15}]},"card_choices":[{"not_picked":["Double Energy","Sweeping Beam","Compile Driver"],"picked":"SKIP","floor":1},{"not_picked":["Sweeping Beam","Heatsinks","Recycle"],"picked":"SKIP","floor":2},{"not_picked":["Go for the Eyes","BasicCrystalCard"],"picked":"Conserve Battery","floor":4},{"not_picked":["Steam","Compile Driver"],"picked":"Skim","floor":7},{"not_picked":["Genetic Algorithm","Stack","Coolheaded"],"picked":"SKIP","floor":10},{"not_picked":["ReplayTheSpireMod:System Scan","Stack","Conserve Battery"],"picked":"SKIP","floor":12},{"not_picked":["Sweeping Beam","BasicCrystalCard","Hyperbeam"],"picked":"SKIP","floor":13},{"not_picked":["Sweeping Beam","BasicCrystalCard","Stack"],"picked":"SKIP","floor":14}],"player_experience":103892,"relics_obtained":[{"floor":9,"key":"Replay:Arrowhead"},{"floor":13,"key":"CaptainsWheel"}],"event_choices":[{"damage_healed":0,"gold_gain":100,"player_choice":"Gold","damage_taken":0,"max_hp_gain":0,"max_hp_loss":0,"event_name":"Wheel of Change","floor":3,"gold_loss":0}],"is_beta":false,"boss_relics":[],"items_purged_floors":[5,5],"is_endless":false,"potions_floor_spawned":[1,2,4,12],"killed_by":"Slime Boss","ascension_level":0}}