{"host":"43eszqhj3e37fphl","time":1611012887,"event":{"mods":["100% Spire Juice","Act Like it!","BaseMod","Colored Map","Colored Powertips","Downfall","GungeonMod","Hallownest","Hermit","Marisa????????","Minty Spire (QoL Compilation)","READ ME - Guardian Mod","Rare Cards Sparkle","StSLib","The Animator","The Bug Knight","The Forsaken","The Jungle","The Necromancer","The Poker Player"],"gold_per_floor":[99,116,116,129,145,145,172,272,272,29,14,34,34,34,50,147,147,147,167,180,190,190,190,190],"floor_reached":23,"language":"ENG","playtime":990,"items_purged":[],"score":181,"play_id":"6d5e4958-414c-423e-ae3a-125a32d4bbec","local_time":"20210119003447","is_ascension_mode":false,"campfire_choices":[{"floor":1.0,"key":"RECALL"},{"data":"MasterSpark","floor":6.0,"key":"SMITH"},{"data":"DeepEcoloBomb","floor":9.0,"key":"SMITH"},{"floor":13.0,"key":"REST"},{"data":"BlazingStar","floor":18,"key":"SMITH"}],"circlet_count":0,"master_deck":["Strike_MRS","Strike_MRS+1","Defend_MRS","Defend_MRS","Defend_MRS","Defend_MRS+1","MasterSpark+1","UpSweep","MysteriousBeam","DeepEcoloBomb+1","WitchLeyline","MillisecondPulsars","MeteoricShower","FairyDestructionRay","DragonMeteor","BlazingStar+1","BinaryStars","SuperPerseids","6A","OortCloud","SatelliteIllusion","PropBag"],"relics":["BewitchedHakkero","PreservedInsect"],"acts_visited":["Exordium","TheCity"],"potions_floor_usage":[16,16,21,23],"damage_taken":[{"damage":1.0,"enemies":"Small Slimes","floor":2.0,"turns":3.0},{"damage":3.0,"enemies":"Jaw Worm","floor":4.0,"turns":2.0},{"damage":0.0,"enemies":"Cultist","floor":5.0,"turns":2.0},{"damage":14.0,"enemies":"downfall:FleeingMerchant","floor":10.0,"turns":4.0},{"damage":4.0,"enemies":"downfall:FleeingMerchant","floor":11.0,"turns":4.0},{"damage":9.0,"enemies":"2 Fungi Beasts","floor":12.0,"turns":2.0},{"damage":18.0,"enemies":"Blue Slaver","floor":15.0,"turns":3.0},{"damage":43,"enemies":"WA_ARCHETYPE_RETAIN","floor":16,"turns":5},{"damage":42,"enemies":"3 Byrds","floor":19,"turns":4},{"damage":11,"enemies":"Shell Parasite","floor":20,"turns":3},{"damage":15,"enemies":"Snake Plant","floor":21,"turns":3},{"damage":14,"enemies":"downfall:FleeingMerchant","floor":23,"turns":2}],"seed_played":"-3962086395847330154","potions_obtained":[{"floor":12.0,"key":"Fire Potion"},{"floor":15.0,"key":"CultistPotion"},{"floor":16,"key":"DistilledChaos"},{"floor":20,"key":"bronze:BurnAndBuffPotion"}],"is_trial":false,"path_per_floor":["R","M","?","M","M","R","T","?","R","$","$","M","R","?","M","B",null,"R","M","M","M","?","$"],"character_chosen":"MARISA","items_purchased":["PreservedInsect","MeteoricShower"],"campfire_rested":1,"item_purchase_floors":[10,10],"current_hp_per_floor":[82,81,81,78,78,78,78,78,78,64,60,51,75,75,57,14,82,82,40,29,14,14,0,0],"gold":190,"neow_bonus":"TEN_PERCENT_HP_BONUS","is_daily":false,"chose_seed":false,"campfire_upgraded":3,"win_rate":0.0,"timestamp":1611012887,"path_taken":["R","M","?","M","M","R","T","?","R","?","$","M","R","?","M","BOSS","R","M","M","M","?","$"],"items_purchased_type":["Relic","Card"],"build_version":"2020-12-22","purchased_purges":0,"victory":false,"max_hp_per_floor":[82,82,82,82,82,82,82,82,82,82,82,82,82,82,82,82,82,82,82,82,82,82,82,82],"card_choices":[{"not_picked":["6A","SporeBomb"],"picked":"MysteriousBeam","floor":2.0},{"not_picked":["UnstableBomb","OpenUniverse"],"picked":"DeepEcoloBomb","floor":4.0},{"not_picked":["UnstableBomb","ChargeUpSpray"],"picked":"WitchLeyline","floor":5.0},{"not_picked":["AlicesGift","DoubleSpark"],"picked":"MillisecondPulsars","floor":10.0},{"not_picked":["Orbital","Acceleration"],"picked":"FairyDestructionRay","floor":11.0},{"not_picked":["GrandCross","DeepEcoloBomb"],"picked":"DragonMeteor","floor":12.0},{"not_picked":["MagicChant","ShootTheMoon"],"picked":"BlazingStar","floor":15.0},{"not_picked":["MillisecondPulsars","StarDustReverie"],"picked":"BinaryStars","floor":16},{"not_picked":["FairyDestructionRay","Occultation"],"picked":"SuperPerseids","floor":19},{"not_picked":["MilkyWay","PulseMagic"],"picked":"6A","floor":20},{"not_picked":["EventHorizon","IllusionStar+1"],"picked":"OortCloud","floor":21}],"player_experience":37133,"relics_obtained":[],"event_choices":[{"cards_removed":["downfall:Malfunctioning"],"damage_healed":0.0,"max_hp_gain":0.0,"max_hp_loss":0.0,"gold_gain":0.0,"event_name":"Living Wall","player_choice":"Forget","floor":14.0,"gold_loss":0.0,"damage_taken":0.0},{"damage_healed":0,"gold_gain":0,"cards_transformed":["Strike_MRS","Strike_MRS"],"player_choice":"Became Test Subject","damage_taken":0,"max_hp_gain":0,"max_hp_loss":0,"event_name":"Drug Dealer","floor":22,"gold_loss":0,"cards_obtained":["SatelliteIllusion","PropBag"]}],"is_beta":false,"boss_relics":[{"not_picked":["ExperimentalFamiliar","Fusion Hammer"],"picked":"BewitchedHakkero"}],"items_purged_floors":[],"is_endless":false,"potions_floor_spawned":[12,15,16,20],"killed_by":"downfall:FleeingMerchant","ascension_level":0}}