{"host":"h4lp0eeso8a0ssq0","time":1611008036,"event":{"mods":["2.2 Compatiblity","AchievementEnabler","BaseMod","CapriCore","Colored Map","Minty Spire (QoL Compilation)","Replay The Spire","StSLib","SuperFastMode"],"gold_per_floor":[111,130,147,163,163,188,188,38,116,116,126,136,162,162,162,187,187,289,289,303,317,330,346,168,200,200,220,220,282,282,282,197,210,210,307,307,327,327,327,340,0,34,34,54,104,137,174,174,174,246,246,262],"floor_reached":53,"language":"KOR","playtime":2257,"items_purged":["Strike_G","Strike_G","Strike_G+1"],"score":961,"play_id":"6e56993e-2fdb-43bd-acaf-88aff1dcfa41","local_time":"20210119071356","is_ascension_mode":false,"campfire_choices":[{"data":"Sneak Up","floor":7.0,"key":"SMITH"},{"data":"Hallucinations","floor":17.0,"key":"PURGE"},{"floor":26.0,"key":"REST"},{"floor":30.0,"key":"REST"},{"data":"Toxin Wave","floor":34.0,"key":"SMITH"},{"data":"Catalyst","floor":43.0,"key":"SMITH"},{"data":"Draining Mist","floor":49.0,"key":"SMITH"},{"floor":51.0,"key":"DIG"}],"circlet_count":0,"master_deck":["Defend_G+1","Defend_G","Defend_G","Survivor","Neutralize","Sneak Up+1","Blade Dance","Underhanded Strike","ReplayTheSpireMod:From All Sides","Backflip","Toxin Wave+1","ReplayTheSpireMod:Speed Training","Blade Dance","Backflip","Corpse Explosion","Quick Slash+1","Draining Mist+1","Acrobatics+1","Catalyst+1","Toxin Wave","Sneak Up+1","Deadly Poison","Poison Darts","Backstab","PiercingWail","Adrenaline","Fluid Movement","Acrobatics+1","Setup+1","Blade Dance+1","Catalyst+1","Replay:Hysterical Blindness","ReplayTheSpireMod:Splinters","ReplayTheSpireMod:Splinters","ReplayTheSpireMod:Tripwire+1","Parasite","Parasite"],"relics":["Ring of the Snake","Ring of Misfortune","ReplayTheSpireMod:Ring of Collecting","Du-Vu Doll","Ring of Fangs","ReplayTheSpireMod:Shallot","Vajra","Tiny Chest","Sozu","Kunai","ReplayTheSpireMod:Ring of Challenge","Gremlin Horn","Dream Catcher","Empty Cage","Ring of Panic","InkBottle","ReplayTheSpireMod:TigerMarble","Golden Egg","Ring of Greed","Replay:Towering Pillar of Hats","The Courier","Replay:Bandana","Centennial Puzzle","Toy Ornithopter"],"acts_visited":["Exordium","TheCity","TheBeyond"],"potions_floor_usage":[],"damage_taken":[{"damage":2.0,"enemies":"Cultist","floor":1.0,"turns":4.0},{"damage":0.0,"enemies":"2 Louse","floor":2.0,"turns":4.0},{"damage":0.0,"enemies":"Small Slimes","floor":3.0,"turns":3.0},{"damage":2.0,"enemies":"Looter","floor":4.0,"turns":2.0},{"damage":0.0,"enemies":"3 Sentries","floor":6.0,"turns":8.0},{"damage":1.0,"enemies":"Large Slime","floor":11.0,"turns":6.0},{"damage":0.0,"enemies":"2 Fungi Beasts","floor":12.0,"turns":4.0},{"damage":5.0,"enemies":"Gremlin Nob","floor":13.0,"turns":3.0},{"damage":6.0,"enemies":"3 Sentries","floor":16.0,"turns":8.0},{"damage":8.0,"enemies":"Hexaghost","floor":18.0,"turns":9.0},{"damage":25.0,"enemies":"Spheric Guardian","floor":20.0,"turns":9.0},{"damage":4.0,"enemies":"Chosen","floor":21.0,"turns":5.0},{"damage":14.0,"enemies":"Sentry and Sphere","floor":22.0,"turns":7.0},{"damage":3.0,"enemies":"3 Cultists","floor":23.0,"turns":4.0},{"damage":10.0,"enemies":"Gremlin Leader","floor":25.0,"turns":6.0},{"damage":0.0,"enemies":"Snake Plant","floor":27.0,"turns":4.0},{"damage":9.0,"enemies":"Centurion and Healer","floor":29.0,"turns":7.0},{"damage":7.0,"enemies":"3 Cultists","floor":33.0,"turns":4.0},{"damage":36.0,"enemies":"Collector","floor":35.0,"turns":8.0},{"damage":0.0,"enemies":"Orb Walker","floor":37.0,"turns":3.0},{"damage":0.0,"enemies":"3 Shapes","floor":40.0,"turns":4.0},{"damage":13.0,"enemies":"R_Hoarder","floor":42.0,"turns":5.0},{"damage":0.0,"enemies":"Jaw Worm Horde","floor":44.0,"turns":3.0},{"damage":0.0,"enemies":"Sphere and 2 Shapes","floor":46.0,"turns":3.0},{"damage":0.0,"enemies":"Maw","floor":47.0,"turns":3.0},{"damage":0.0,"enemies":"Giant Head","floor":50.0,"turns":4.0},{"damage":10,"enemies":"Donu and Deca","floor":52,"turns":5}],"seed_played":"5836567906204525883","potions_obtained":[{"floor":2.0,"key":"EssenceOfSteel"},{"floor":3.0,"key":"Milkshake"},{"floor":4.0,"key":"Swift Potion"},{"floor":6.0,"key":"Strength Potion"},{"floor":18.0,"key":"Poison Potion"}],"is_trial":false,"path_per_floor":["M","M","M","M","?","E","R","$","T","?","M","M","E","PTL","PTL","E","R_BF","B",null,"M","M","M","M","$","E","R","M","T","M","R","?","?","M","R","B",null,"M","?","T","M","$","E","R","M","T","M","M","?","R","E","R_BF","B",null],"character_chosen":"THE_SILENT","items_purchased":["Toxin Wave","Catalyst","ReplayTheSpireMod:TigerMarble","Fluid Movement"],"campfire_rested":2,"item_purchase_floors":[8,24,41,41],"current_hp_per_floor":[75,75,75,73,73,73,73,73,73,58,57,57,52,52,52,46,46,38,77,52,48,34,31,31,21,44,44,44,35,58,58,58,51,51,15,77,77,77,77,77,77,68,68,68,68,68,68,68,68,68,68,58],"gold":262,"neow_bonus":"TEN_PERCENT_HP_BONUS","is_daily":false,"chose_seed":false,"campfire_upgraded":4,"win_rate":0.0,"timestamp":1611008036,"path_taken":["M","M","M","?","?","E","R","$","T","?","M","M","E","PTL","PTL","E","R_BF","BOSS","M","M","M","M","$","E","R","M","T","M","R","?","?","M","R","BOSS","M","?","?","M","$","E","R","M","T","M","M","?","R","E","R_BF","BOSS"],"items_purchased_type":["Card","Card","Relic","Card"],"build_version":"2020-12-22","purchased_purges":3,"victory":true,"max_hp_per_floor":[77,77,77,77,77,77,77,77,77,77,77,77,77,77,77,77,77,77,77,77,77,77,77,77,77,77,77,77,77,77,77,77,77,77,77,77,77,77,77,77,77,77,77,77,77,77,77,77,77,77,77,77],"card_choices":[{"not_picked":["PiercingWail","Deflect"],"picked":"Sneak Up","floor":1.0},{"not_picked":["Endless Agony","Prepared"],"picked":"Blade Dance","floor":2.0},{"not_picked":["PiercingWail","Outmaneuver"],"picked":"Underhanded Strike","floor":3.0},{"not_picked":["Skewer","Prepared"],"picked":"ReplayTheSpireMod:From All Sides","floor":4.0},{"not_picked":["Endless Agony","Atom Bomb"],"picked":"Backflip","floor":6.0},{"not_picked":["Deflect","Prepared","Hidden Blade"],"picked":"SKIP","floor":11.0},{"not_picked":["Footwork","Acrobatics"],"picked":"ReplayTheSpireMod:Speed Training","floor":12.0},{"not_picked":["Acrobatics","Poisoned Stab"],"picked":"Blade Dance","floor":13.0},{"not_picked":["All Out Attack","Grand Finale"],"picked":"Backflip","floor":16.0},{"not_picked":["Envenom","Night Terror"],"picked":"Corpse Explosion","floor":18.0},{"not_picked":["Dash","Sucker Punch","Predator"],"picked":"SKIP","floor":20.0},{"not_picked":["Slice","Accuracy+1"],"picked":"Quick Slash+1","floor":21.0},{"not_picked":["Dagger Throw+1","Cloak And Dagger"],"picked":"Draining Mist","floor":22.0},{"not_picked":["Prepared","Hidden Blade+1"],"picked":"Acrobatics+1","floor":23.0},{"not_picked":["Flying Knee","Deflect"],"picked":"Toxin Wave","floor":25.0},{"not_picked":["Outmaneuver","Sucker Punch"],"picked":"Sneak Up+1","floor":27.0},{"not_picked":["Prepared","Poisoned Stab"],"picked":"Deadly Poison","floor":29.0},{"not_picked":["ReplayTheSpireMod:From All Sides","Backstab"],"picked":"PiercingWail","floor":33.0},{"not_picked":["Malaise","Grand Finale"],"picked":"Adrenaline","floor":35.0},{"not_picked":["Backstab+1","ReplayTheSpireMod:Scrap Shanks","Dodge and Roll"],"picked":"SKIP","floor":37.0},{"not_picked":["Slice+1","Quick Slash+1","Backstab+1"],"picked":"SKIP","floor":40.0},{"not_picked":["Hidden Blade+1","ReplayTheSpireMod:Exploit Weakness"],"picked":"Acrobatics+1","floor":42.0},{"not_picked":["Slice+1","Dagger Throw"],"picked":"Setup+1","floor":44.0},{"not_picked":["Flechettes+1","Toxin Wave+1"],"picked":"Blade Dance+1","floor":46.0},{"not_picked":["Flying Knee+1","Slice","Hidden Blade+1"],"picked":"SKIP","floor":47.0},{"not_picked":["Expertise","Well Laid Plans+1"],"picked":"ReplayTheSpireMod:Tripwire+1","floor":50.0}],"player_experience":167372,"relics_obtained":[{"floor":5.0,"key":"Ring of Misfortune"},{"floor":5.0,"key":"ReplayTheSpireMod:Ring of Collecting"},{"floor":6.0,"key":"Du-Vu Doll"},{"floor":9.0,"key":"Ring of Fangs"},{"floor":9.0,"key":"ReplayTheSpireMod:Shallot"},{"floor":13.0,"key":"Vajra"},{"floor":16.0,"key":"Tiny Chest"},{"floor":25.0,"key":"Kunai"},{"floor":28.0,"key":"ReplayTheSpireMod:Ring of Challenge"},{"floor":28.0,"key":"Gremlin Horn"},{"floor":39.0,"key":"Ring of Panic"},{"floor":39.0,"key":"InkBottle"},{"floor":42.0,"key":"Golden Egg"},{"floor":45.0,"key":"Ring of Greed"},{"floor":45.0,"key":"Replay:Towering Pillar of Hats"},{"floor":45.0,"key":"The Courier"},{"floor":45.0,"key":"Replay:Bandana"},{"floor":50.0,"key":"Centennial Puzzle"},{"floor":51.0,"key":"Toy Ornithopter"}],"event_choices":[{"damage_healed":0.0,"max_hp_gain":0.0,"max_hp_loss":0.0,"gold_gain":0.0,"event_name":"Shining Light","player_choice":"Entered Light","floor":10.0,"gold_loss":0.0,"damage_taken":15.0,"cards_upgraded":["Defend_G","Strike_G"]},{"damage_healed":0.0,"max_hp_gain":0.0,"max_hp_loss":0.0,"gold_gain":0.0,"cards_transformed":["Strike_G","Strike_G"],"event_name":"Drug Dealer","player_choice":"Became Test Subject","floor":31.0,"gold_loss":0.0,"damage_taken":0.0,"cards_obtained":["Poison Darts","Backstab"]},{"damage_healed":0.0,"max_hp_gain":0.0,"max_hp_loss":0.0,"gold_gain":0.0,"event_name":"Addict","player_choice":"Obtained Relic","floor":32.0,"gold_loss":85.0,"damage_taken":0.0,"relics_obtained":["Dream Catcher"]},{"damage_healed":0.0,"max_hp_gain":0.0,"max_hp_loss":0.0,"gold_gain":0.0,"event_name":"SensoryStone","player_choice":"Memory 1","floor":38.0,"gold_loss":0.0,"damage_taken":0.0},{"damage_healed":0.0,"max_hp_gain":0.0,"max_hp_loss":0.0,"gold_gain":0.0,"event_name":"Duplicator","player_choice":"Copied","floor":48.0,"gold_loss":0.0,"damage_taken":0.0,"cards_obtained":["Catalyst"]}],"is_beta":false,"boss_relics":[{"not_picked":["Painkiller Herb","Ring of Chaos"],"picked":"Sozu"},{"not_picked":["Runic Pyramid","Astrolabe"],"picked":"Empty Cage"}],"items_purged_floors":[8,24,41],"is_endless":false,"potions_floor_spawned":[2,3,4,6,18,20,25,29,33,35,42,44,50],"ascension_level":0}}