{"host":"3oax8yz66k5njorr","time":1611014378,"event":{"mods":["AchievementEnabler","BaseMod","Colored Map","Colored Powertips","DeckTracker","Minty Spire (QoL Compilation)","Rare Cards Sparkle"],"gold_per_floor":[118,135,187,207,7,41,41,71,124,177,197,217,227,243,243,338,338,357,357,357,373,224,224,224],"floor_reached":23,"language":"KOR","playtime":1129,"items_purged":["Bite"],"score":228,"play_id":"c4eec583-9f60-4664-8c95-bedd366aee4e","local_time":"20210119085938","is_ascension_mode":false,"campfire_choices":[{"floor":7,"key":"REST"},{"floor":15,"key":"REST"}],"circlet_count":0,"master_deck":["Defend_P","Defend_P","Defend_P","Defend_P","Eruption","Vigilance","Vengeance","SandsOfTime","WaveOfTheHand","EmptyFist","MasterReality","InnerPeace","Consecrate","ClearTheMind","Crescendo","Judgement","CurseOfTheBell","ThirdEye+1","DevaForm","Bite","Bite","Bite","Bite","LikeWater"],"relics":["PureWater","NeowsBlessing","Damaru","ClockworkSouvenir","Dream Catcher","Whetstone","Calling Bell","Pen Nib","InkBottle","Shovel"],"acts_visited":["Exordium","TheCity"],"potions_floor_usage":[6,16,18,18,23],"damage_taken":[{"damage":0,"enemies":"Cultist","floor":1,"turns":1},{"damage":0,"enemies":"Jaw Worm","floor":2,"turns":1},{"damage":0,"enemies":"2 Louse","floor":4,"turns":1},{"damage":27,"enemies":"3 Sentries","floor":6,"turns":6},{"damage":22,"enemies":"Gremlin Nob","floor":8,"turns":4},{"damage":7,"enemies":"Looter","floor":11,"turns":3},{"damage":3,"enemies":"Large Slime","floor":12,"turns":3},{"damage":5,"enemies":"Exordium Wildlife","floor":13,"turns":5},{"damage":16,"enemies":"3 Louse","floor":14,"turns":3},{"damage":35,"enemies":"Slime Boss","floor":16,"turns":5},{"damage":1,"enemies":"3 Byrds","floor":18,"turns":4},{"damage":0,"enemies":"Chosen","floor":21,"turns":4},{"damage":86,"enemies":"Gremlin Leader","floor":23,"turns":7}],"seed_played":"-8266236188925783203","potions_obtained":[{"floor":2,"key":"LiquidBronze"},{"floor":4,"key":"ColorlessPotion"},{"floor":11,"key":"PowerPotion"},{"floor":12,"key":"Block Potion"},{"floor":16,"key":"Dexterity Potion"},{"floor":21,"key":"StancePotion"}],"is_trial":false,"path_per_floor":["M","M","T","M","$","E","R","E","T","?","M","M","M","M","R","B",null,"M","?","?","M","$","E"],"character_chosen":"WATCHER","items_purchased":["ClockworkSouvenir","EmptyFist","LikeWater"],"campfire_rested":2,"item_purchase_floors":[5,5,22],"current_hp_per_floor":[72,72,72,72,72,45,66,44,44,44,39,38,35,21,42,9,72,71,71,71,72,72,0,0],"gold":224,"neow_bonus":"THREE_ENEMY_KILL","is_daily":false,"chose_seed":false,"campfire_upgraded":0,"win_rate":0.0,"timestamp":1611014378,"path_taken":["M","M","?","M","$","E","R","E","T","?","M","M","M","M","R","BOSS","M","?","?","M","$","E"],"items_purchased_type":["Relic","Card","Card"],"build_version":"2020-12-22","purchased_purges":1,"victory":false,"max_hp_per_floor":[72,72,72,72,72,72,72,72,72,72,72,72,72,72,72,72,72,72,72,72,72,72,72,72],"card_choices":[{"not_picked":["JustLucky","EmptyBody"],"picked":"Vengeance","floor":1},{"not_picked":["Wallop","PathToVictory"],"picked":"SandsOfTime","floor":2},{"not_picked":["WindmillStrike","FollowUp"],"picked":"WaveOfTheHand","floor":4},{"not_picked":["Perseverance","Protect"],"picked":"MasterReality","floor":6},{"not_picked":["BattleHymn","FlurryOfBlows"],"picked":"InnerPeace","floor":7},{"not_picked":["BowlingBash","EmptyFist","WreathOfFlame"],"picked":"SKIP","floor":8},{"not_picked":["EmptyBody","Protect"],"picked":"Consecrate","floor":11},{"not_picked":["JustLucky","CrushJoints"],"picked":"ClearTheMind","floor":12},{"not_picked":["BowlingBash","EmptyFist","Perseverance"],"picked":"SKIP","floor":13},{"not_picked":["Collect","Omniscience","SashWhip"],"picked":"SKIP","floor":14},{"not_picked":["FlyingSleeves","CrushJoints"],"picked":"Crescendo","floor":15},{"not_picked":["DeusExMachina","LessonLearned"],"picked":"Judgement","floor":16},{"not_picked":["Consecrate","PathToVictory"],"picked":"ThirdEye+1","floor":18},{"not_picked":["ClearTheMind","CutThroughFate","JustLucky"],"picked":"SKIP","floor":21}],"player_experience":62581,"relics_obtained":[{"floor":3,"key":"Damaru"},{"floor":6,"key":"Dream Catcher"},{"floor":8,"key":"Blood Vial"},{"floor":9,"key":"Whetstone"},{"floor":17,"key":"Pen Nib"},{"floor":17,"key":"InkBottle"},{"floor":17,"key":"Shovel"}],"event_choices":[{"damage_healed":0,"gold_gain":53,"player_choice":"Gained Gold","damage_taken":0,"max_hp_gain":0,"max_hp_loss":0,"event_name":"Golden Wing","floor":10,"gold_loss":0},{"damage_healed":0,"gold_gain":0,"player_choice":"Read","damage_taken":0,"max_hp_gain":0,"max_hp_loss":0,"event_name":"The Library","floor":19,"gold_loss":0,"cards_obtained":["DevaForm"]},{"damage_healed":0,"gold_gain":0,"player_choice":"Became a vampire (Vial)","damage_taken":0,"max_hp_gain":0,"max_hp_loss":0,"event_name":"Vampires","floor":20,"relics_lost":["Blood Vial"],"gold_loss":0,"cards_obtained":["Bite","Bite","Bite","Bite","Bite"]}],"is_beta":false,"boss_relics":[{"not_picked":["Snecko Eye","Velvet Choker"],"picked":"Calling Bell"}],"items_purged_floors":[22],"is_endless":false,"potions_floor_spawned":[2,4,11,12,16,21],"killed_by":"Gremlin Leader","ascension_level":0}}