{"host":"h1ba9qculgt1zycs","time":1611012503,"event":{"mods":["BaseMod","Hermit","Minty Spire (QoL Compilation)","Remove Card Discount Mod","StSLib","The Cursed"],"gold_per_floor":[114,114,289,308,322,361,361,27,50,69,98,133,133,158,158,283,283,299,320,151,165,185,228,228,228,228,228,72,72,72,96,96,216,216,229,242,266,111,111,111,131,164,164,227,261,105,105,0,0,0,0,0,7881,7922,7922],"floor_reached":56,"language":"ENG","playtime":3404,"items_purged":["TheCursedMod:Strike_TheCursed","TheCursedMod:Strike_TheCursed","TheCursedMod:Strike_TheCursed","TheCursedMod:Strike_TheCursed","TheCursedMod:Defend_TheCursed","TheCursedMod:Defend_TheCursed","TheCursedMod:Defend_TheCursed+1","TheCursedMod:Defend_TheCursed","TheCursedMod:CursedBlade+1","TheCursedMod:AshesToAshes","TheCursedMod:CursedWand","TheCursedMod:LuckyCharm","TheCursedMod:CursedShiv+1","Doubt","Injury","TheCursedMod:Dregs","TheCursedMod:CircleOfWindfury+1","TheCursedMod:VoidForm","TheCursedMod:SpitefulStrike+1","TheCursedMod:CircleOfFlame","TheCursedMod:CircleOfAbyss","TheCursedMod:AshesToAshes","TheCursedMod:CursedShiv+1","TheCursedMod:VitalStrike+1","TheCursedMod:AbyssShockwave+1","TheCursedMod:Mangle+1","TheCursedMod:SpitefulStrike+1","TheCursedMod:SpitefulStrike+1","TheCursedMod:Wield+1","TheCursedMod:SoulCrush+1","TheCursedMod:Stigma+1","TheCursedMod:CursedBoomerang+1","TheCursedMod:CursedShiv+1","TheCursedMod:ManaBullet+1","TheCursedMod:CursedShiv+1","TheCursedMod:CircleOfCorruption+1","TheCursedMod:CleanUpWorkshop+1"],"score":1633,"play_id":"5a68cb2d-3a7b-4364-820e-cb89be630464","local_time":"20210119002823","is_ascension_mode":false,"campfire_choices":[{"data":"TheCursedMod:HellfireBreathing","floor":7,"key":"SMITH"},{"floor":13,"key":"REST"},{"data":"TheCursedMod:CircleOfWindfury","floor":15,"key":"SMITH"},{"data":"TheCursedMod:CleanUpWorkshop","floor":24,"key":"SMITH"},{"data":"TheCursedMod:CircleOfWindfury","floor":27,"key":"SMITH"},{"floor":32,"key":"REST"},{"data":"TheCursedMod:CircleOfBlood","floor":40,"key":"SMITH"},{"data":"TheCursedMod:EmpowerCircles","floor":47,"key":"SMITH"},{"floor":49,"key":"REST"},{"floor":52,"key":"REST"}],"circlet_count":0,"master_deck":["TheCursedMod:HellfireBreathing+1","TheCursedMod:CircleOfWindfury+1","TheCursedMod:Evocation+1","TheCursedMod:SurpriseAttack+1","TheCursedMod:EmpowerCircles+1","TheCursedMod:CircleOfBlood+1","TheCursedMod:CircleOfFlame+1","TheCursedMod:StingEye+1","TheCursedMod:StingEye+1","TheCursedMod:TroublousMinions+1","TheCursedMod:CircleOfFlame+1"],"relics":["TheCursedMod:BlackMagic101","NeowsBlessing","Golden Idol","Regal Pillow","Molten Egg 2","War Paint","Odd Mushroom","WingedGreaves","Black Star","Pen Nib","MealTicket","Akabeko","Nilry\u0027s Codex","Gremlin Horn","Dream Catcher","TheCursedMod:OminousMark","Boot","Toxic Egg 2","Bottled Tornado","Gambling Chip","Meat on the Bone","Happy Flower","Bag of Marbles","Red Mask","The Courier","Letter Opener","TungstenRod","Bottled Lightning","TheCursedMod:Tack"],"acts_visited":["Exordium","TheCity","TheBeyond","TheEnding"],"potions_floor_usage":[44,50],"damage_taken":[{"damage":0,"enemies":"2 Louse","floor":1,"turns":1},{"damage":0,"enemies":"Jaw Worm","floor":4,"turns":1},{"damage":0,"enemies":"Cultist","floor":5,"turns":1},{"damage":31,"enemies":"Lagavulin","floor":6,"turns":8},{"damage":0,"enemies":"Red Slaver","floor":10,"turns":3},{"damage":0,"enemies":"The Mushroom Lair","floor":11,"turns":3},{"damage":9,"enemies":"Gremlin Nob","floor":12,"turns":5},{"damage":0,"enemies":"3 Louse","floor":14,"turns":2},{"damage":0,"enemies":"The Guardian","floor":16,"turns":2},{"damage":0,"enemies":"3 Byrds","floor":18,"turns":1},{"damage":12,"enemies":"Shell Parasite","floor":19,"turns":4},{"damage":0,"enemies":"Sentry and Sphere","floor":21,"turns":1},{"damage":14,"enemies":"Chosen and Byrds","floor":22,"turns":4},{"damage":55,"enemies":"Book of Stabbing","floor":23,"turns":4},{"damage":0,"enemies":"Snecko","floor":31,"turns":1},{"damage":0,"enemies":"Automaton","floor":33,"turns":2},{"damage":15,"enemies":"3 Shapes","floor":35,"turns":3},{"damage":29,"enemies":"Orb Walker","floor":36,"turns":3},{"damage":11,"enemies":"4 Shapes","floor":37,"turns":2},{"damage":0,"enemies":"Sphere and 2 Shapes","floor":41,"turns":2},{"damage":18,"enemies":"Reptomancer","floor":42,"turns":2},{"damage":0,"enemies":"Mind Bloom Boss Battle","floor":44,"turns":2},{"damage":18,"enemies":"Nemesis","floor":45,"turns":3},{"damage":0,"enemies":"Awakened One","floor":50,"turns":2},{"damage":48,"enemies":"Shield and Spear","floor":54,"turns":3},{"damage":34,"enemies":"The Heart","floor":55,"turns":5}],"seed_played":"8860878417702359729","potions_obtained":[{"floor":5,"key":"EssenceOfSteel"},{"floor":6,"key":"FairyPotion"},{"floor":12,"key":"SteroidPotion"},{"floor":14,"key":"Regen Potion"},{"floor":16,"key":"Strength Potion"}],"is_trial":false,"path_per_floor":["M","?","?","M","M","E","R","$","T","M","?","E","R","M","R","B",null,"M","M","$","M","M","E","R","?","T","R","$","?","$","M","R","B",null,"M","M","M","$","?","R","M","E","T","?","E","$","R","?","R","B",null,"R","$","E","B",null],"character_chosen":"THE_CURSED","items_purchased":["TheCursedMod:LuckyCharm","Molten Egg 2","Pen Nib","Dream Catcher","TheCursedMod:EmpowerCircles","TheCursedMod:CircleOfBlood","Bag of Marbles","Letter Opener","TheCursedMod:Stigma+1","TheCursedMod:ManaBullet+1","TheCursedMod:CursedShiv+1","TheCursedMod:VitalStrike+1","TheCursedMod:AbyssShockwave+1","TheCursedMod:Wield+1","TheCursedMod:Mangle+1","TheCursedMod:StingEye+1","TheCursedMod:SpitefulStrike+1","TheCursedMod:SoulCrush+1","TheCursedMod:CursedShiv+1","TheCursedMod:SpitefulStrike+1","TheCursedMod:CursedBoomerang+1","TheCursedMod:StingEye+1","TheCursedMod:TroublousMinions+1","TheCursedMod:CircleOfCorruption+1","TheCursedMod:CircleOfFlame+1"],"campfire_rested":4,"item_purchase_floors":[8,8,20,28,38,38,46,53,53,53,53,53,53,53,53,53,53,53,53,53,53,53,53,53,53],"current_hp_per_floor":[75,75,75,75,75,44,44,44,44,44,44,35,72,72,72,72,75,75,63,63,63,49,57,57,41,41,41,56,61,75,75,75,75,75,60,31,20,35,35,35,71,75,75,75,57,72,72,72,75,75,75,75,75,10075,10041],"gold":7922,"neow_bonus":"THREE_ENEMY_KILL","is_daily":false,"chose_seed":false,"campfire_upgraded":6,"win_rate":0.0,"timestamp":1611012503,"path_taken":["M","?","?","M","M","E","R","$","T","M","?","E","R","M","R","BOSS","M","M","$","M","M","E","R","?","T","R","$","?","$","M","R","BOSS","M","M","?","?","?","R","M","E","T","?","E","$","R","?","R","BOSS","R","$","E","BOSS"],"items_purchased_type":["Card","Relic","Relic","Relic","Card","Card","Relic","Relic","Card","Card","Card","Card","Card","Card","Card","Card","Card","Card","Card","Card","Card","Card","Card","Card","Card"],"build_version":"2020-12-22","purchased_purges":37,"victory":true,"max_hp_per_floor":[75,75,75,75,75,75,75,75,75,75,75,75,75,75,75,75,75,75,75,75,75,75,75,75,75,75,75,75,75,75,75,75,75,75,75,75,75,75,75,75,75,75,75,75,75,75,75,75,75,75,75,75,75,10075,10075],"card_choices":[{"not_picked":["TheCursedMod:CursedBlade","TheCursedMod:ManaBullet"],"picked":"TheCursedMod:HellfireBreathing","floor":1},{"not_picked":["TheCursedMod:CircleOfAmplification","TheCursedMod:AshesToAshes"],"picked":"TheCursedMod:SurpriseAttack","floor":4},{"not_picked":["TheCursedMod:CursedMace","TheCursedMod:CursedAmulet"],"picked":"TheCursedMod:CircleOfWindfury","floor":5},{"not_picked":["TheCursedMod:BloodBarrier","TheCursedMod:UltimatePain"],"picked":"TheCursedMod:Evocation","floor":6},{"not_picked":["TheCursedMod:CursedMace+1","TheCursedMod:Stretching"],"picked":"TheCursedMod:CursedShiv+1","floor":10},{"not_picked":["TheCursedMod:Stretching","TheCursedMod:BloodBarrier"],"picked":"TheCursedMod:CursedBlade+1","floor":11},{"not_picked":["TheCursedMod:CircleOfCorruption","TheCursedMod:RapidMovement"],"picked":"TheCursedMod:SurpriseAttack+1","floor":12},{"not_picked":["TheCursedMod:VitalStrike+1","TheCursedMod:BloodBarrier"],"picked":"TheCursedMod:AshesToAshes","floor":14},{"not_picked":["TheCursedMod:ParallelWorld","TheCursedMod:CollectTribute"],"picked":"TheCursedMod:VoidForm","floor":16},{"not_picked":["TheCursedMod:Torture","TheCursedMod:Stretching+1"],"picked":"TheCursedMod:CursedShiv+1","floor":18},{"not_picked":["TheCursedMod:CursedArmor","TheCursedMod:Mangle+1","TheCursedMod:Stretching"],"picked":"SKIP","floor":19},{"not_picked":["TheCursedMod:SoulCrush+1","TheCursedMod:CursedMace+1","TheCursedMod:Stigma+1"],"picked":"SKIP","floor":21},{"not_picked":["TheCursedMod:Stretching","TheCursedMod:CircleOfFocus+1"],"picked":"TheCursedMod:CircleOfWindfury","floor":22},{"not_picked":["TheCursedMod:CursedBlade+1","TheCursedMod:TroublousMinions+1","TheCursedMod:StingEye+1"],"picked":"SKIP","floor":23},{"not_picked":["TheCursedMod:CursedAmulet","TheCursedMod:Stigma+1"],"picked":"TheCursedMod:SurpriseAttack+1","floor":31},{"not_picked":["TheCursedMod:AbyssShockwave+1","TheCursedMod:EmpowerCircles"],"picked":"TheCursedMod:CircleOfAbyss","floor":32},{"not_picked":["TheCursedMod:CursedAmulet+1","TheCursedMod:Stretching+1"],"picked":"TheCursedMod:SpitefulStrike+1","floor":35},{"not_picked":["TheCursedMod:SmokeScreen+1","TheCursedMod:Wield+1","TheCursedMod:ManaBullet+1"],"picked":"SKIP","floor":36},{"not_picked":["TheCursedMod:TacticalStrike+1","TheCursedMod:ReleasedStrength"],"picked":"TheCursedMod:CircleOfFlame","floor":37},{"not_picked":["TheCursedMod:FleshFromBone","TheCursedMod:CursedShiv+1"],"picked":"TheCursedMod:AshesToAshes","floor":41},{"not_picked":["TheCursedMod:CursedMace+1","TheCursedMod:Obscuration+1"],"picked":"TheCursedMod:CircleOfFlame+1","floor":42},{"not_picked":["TheCursedMod:Grudge+1","TheCursedMod:CursedBlade+1","TheCursedMod:SoulCrush+1"],"picked":"SKIP","floor":45},{"not_picked":["TheCursedMod:SaltUponWound+1","TheCursedMod:CursedStaff+1","TheCursedMod:DarkBarrier+1"],"picked":"SKIP","floor":54}],"player_experience":257608,"relics_obtained":[{"floor":6,"key":"Regal Pillow"},{"floor":9,"key":"War Paint"},{"floor":11,"key":"Odd Mushroom"},{"floor":12,"key":"WingedGreaves"},{"floor":23,"key":"MealTicket"},{"floor":23,"key":"Akabeko"},{"floor":25,"key":"Nilry\u0027s Codex"},{"floor":26,"key":"Gremlin Horn"},{"floor":42,"key":"Boot"},{"floor":42,"key":"Toxic Egg 2"},{"floor":43,"key":"Bottled Tornado"},{"floor":44,"key":"Gambling Chip"},{"floor":45,"key":"Meat on the Bone"},{"floor":45,"key":"Happy Flower"},{"floor":54,"key":"Bottled Lightning"},{"floor":54,"key":"TheCursedMod:Tack"}],"event_choices":[{"damage_healed":0,"gold_gain":0,"player_choice":"Take Wound","damage_taken":0,"relics_obtained":["Golden Idol"],"max_hp_gain":0,"max_hp_loss":0,"event_name":"Golden Idol","floor":2,"gold_loss":0,"cards_obtained":["Injury"]},{"damage_healed":0,"gold_gain":175,"player_choice":"AGREE","damage_taken":0,"max_hp_gain":0,"max_hp_loss":0,"event_name":"Liars Game","floor":3,"gold_loss":0,"cards_obtained":["Doubt"]},{"damage_healed":0,"gold_gain":0,"player_choice":"Fought Mushrooms","damage_taken":0,"max_hp_gain":0,"max_hp_loss":0,"event_name":"Mushrooms","floor":11,"gold_loss":0},{"damage_healed":0,"gold_gain":0,"player_choice":"Obtained Book","damage_taken":16,"max_hp_gain":0,"max_hp_loss":0,"event_name":"Cursed Tome","floor":25,"gold_loss":0},{"cards_removed":["TheCursedMod:SurpriseAttack"],"damage_healed":5,"gold_gain":0,"player_choice":"Offered Common","damage_taken":0,"max_hp_gain":0,"max_hp_loss":0,"event_name":"Bonfire Elementals","floor":29,"gold_loss":0},{"cards_removed":["TheCursedMod:SurpriseAttack"],"damage_healed":5,"gold_gain":0,"player_choice":"Offered Special","damage_taken":0,"max_hp_gain":0,"max_hp_loss":0,"event_name":"Bonfire Elementals","floor":29,"gold_loss":0},{"cards_removed":["TheCursedMod:SurpriseAttack"],"damage_healed":0,"gold_gain":0,"player_choice":"Removed Attack","damage_taken":0,"max_hp_gain":0,"max_hp_loss":0,"event_name":"Falling","floor":39,"gold_loss":0},{"damage_healed":0,"gold_gain":0,"player_choice":"Fight","damage_taken":0,"max_hp_gain":0,"max_hp_loss":0,"event_name":"MindBloom","floor":44,"gold_loss":0},{"damage_healed":0,"gold_gain":0,"player_choice":"Paid","damage_taken":0,"relics_obtained":["Red Mask"],"max_hp_gain":0,"max_hp_loss":0,"event_name":"Tomb of Lord Red Mask","floor":48,"gold_loss":105}],"is_beta":false,"boss_relics":[{"not_picked":["Runic Dome","SlaversCollar"],"picked":"Black Star"},{"not_picked":["Tiny House","Runic Pyramid"],"picked":"TheCursedMod:OminousMark"}],"items_purged_floors":[8,8,8,8,8,20,20,20,20,20,20,28,28,28,28,28,28,38,38,46,46,46,53,53,53,53,53,53,53,53,53,53,53,53,53,53,53],"is_endless":false,"potions_floor_spawned":[5,6,12,14,16,19,31,35,37,42],"ascension_level":0}}