{"host":"pno9h1fupbyz205f","time":1611002815,"event":{"mods":["Aspiration","BaseMod","Better Altar","Better Match","Better Note","Better Sensory Stone","Better Skull","Better Third Choice","Colored Map","Colored Powertips","Hermit","Highlight Path","Hubris","Infinite Spire","Jedi Mod","Mad Scientist","Marisa????????","Minty Spire (QoL Compilation)","Permanent Neow","Potionbrewer","Prisma Mod","Replay The Spire","Robot Space Explorer","Shop Mod","Spicy Shops","StSLib","Td1madao Mod","The Blackbeard","The Gatherer","The Hierophant","The Marked","The Poker Player","The Runesmith","The Servant 0.9.4","The Spell Scribe","The Vixen","thorton","vexMod"],"gold_per_floor":[114,114,133,133,156,187,187,206,206,219,219,28,46,46,46,166,166,201,201,201,214,245,245,245,245],"floor_reached":24,"language":"ENG","playtime":995,"items_purged":["Normality"],"score":298,"play_id":"2dc36398-d8c9-4f26-a329-d15afadd924b","local_time":"20210118124655","is_ascension_mode":false,"campfire_choices":[{"floor":7,"key":"REST"},{"floor":15,"key":"REST"},{"floor":23,"key":"REST"}],"circlet_count":0,"master_deck":["hermit:Strike_Hermit","hermit:Strike_Hermit+1","hermit:Strike_Hermit","hermit:Strike_Hermit","hermit:Defend_Hermit","hermit:Defend_Hermit","hermit:Defend_Hermit","hermit:Defend_Hermit+1","hermit:Snapshot","hermit:Covet","hermit:FatalDesire+1","hermit:Glare","hermit:Horror","hermit:TrackingShot","hermit:Scavenge","hermit:EyeOfTheStorm","hermit:EyeOfTheStorm","hermit:TakeAim","hermit:Deadeye","hermit:DeadOrAlive","hermit:TrackingShot","theScribe:Insight+1","hermit:TrackingShot+1"],"relics":["hermit:Momento","Golden Idol","potionbrewer:WarMedal","potionbrewer:SlideRule","Ring of Searing","Ring of Hypnosis","hermit:DentedPlate","Replay:Kaleidoscope"],"acts_visited":["Exordium","TheCity"],"potions_floor_usage":[8,13],"damage_taken":[{"damage":0,"enemies":"2 Louse","floor":1,"turns":4},{"damage":10,"enemies":"Small Slimes","floor":3,"turns":3},{"damage":1,"enemies":"Cultist","floor":5,"turns":4},{"damage":13,"enemies":"Gremlin Nob","floor":6,"turns":4},{"damage":25,"enemies":"Gremlin Gang","floor":8,"turns":4},{"damage":1,"enemies":"Red Slaver","floor":10,"turns":3},{"damage":7,"enemies":"3 Louse","floor":13,"turns":4},{"damage":0,"enemies":"Slime Boss","floor":16,"turns":8},{"damage":13,"enemies":"3 Byrds","floor":18,"turns":4},{"damage":18,"enemies":"Spheric Guardian","floor":21,"turns":4},{"damage":22,"enemies":"Shelled Parasite and Fungi","floor":22,"turns":4}],"seed_played":"8353995230768190808","potions_obtained":[{"floor":6,"key":"Regen Potion"},{"floor":10,"key":"potionbrewer:CleansingPotion"},{"floor":16,"key":"jedi:hoardpotion"},{"floor":18,"key":"jedi:wingpotion"},{"floor":22,"key":"Languid Potion"}],"is_trial":false,"path_per_floor":["M","?","M","?","M","E","R","M","T","M","?","$","M","?","R","B",null,"M","AVR","?","M","M","R","$"],"character_chosen":"HERMIT","items_purchased":["hermit:EyeOfTheStorm","hermit:TakeAim"],"campfire_rested":3,"item_purchase_floors":[12,12],"current_hp_per_floor":[75,60,50,32,31,18,40,27,27,26,26,26,19,19,41,41,73,60,60,60,42,20,52,52,52],"gold":245,"neow_bonus":"ONE_RANDOM_RARE_CARD","is_daily":false,"chose_seed":false,"campfire_upgraded":0,"win_rate":0.0,"timestamp":1611002815,"path_taken":["M","?","M","?","M","E","R","M","T","M","?","$","M","?","R","BOSS","M","AVR","?","?","M","R","$"],"items_purchased_type":["Card","Card"],"build_version":"2020-12-22","purchased_purges":1,"victory":false,"max_hp_per_floor":[75,75,75,75,75,75,75,75,75,75,75,75,75,75,75,75,107,107,107,107,107,107,107,107,107],"card_choices":[{"not_picked":["hermit:HighCaliber","hermit:Desperado","hermit:ItchyTrigger"],"picked":"SKIP","floor":1},{"not_picked":["hermit:Quickdraw","hermit:Midnight"],"picked":"hermit:Glare","floor":3},{"not_picked":["hermit:Ricochet","hermit:LowProfile"],"picked":"hermit:Horror","floor":5},{"not_picked":["hermit:LowProfile","hermit:Deadeye"],"picked":"hermit:TrackingShot","floor":6},{"not_picked":["hermit:Maintenance","hermit:BlackWind"],"picked":"hermit:Scavenge","floor":8},{"not_picked":["hermit:Horror","hermit:GhostlyPresence"],"picked":"hermit:EyeOfTheStorm","floor":10},{"not_picked":["hermit:TakeAim","hermit:Combo"],"picked":"hermit:Deadeye","floor":13},{"not_picked":["hermit:EternalForm","hermit:HighNoon"],"picked":"hermit:DeadOrAlive","floor":16},{"not_picked":["hermit:Determination","hermit:NoHoldsBarred"],"picked":"hermit:TrackingShot","floor":18},{"not_picked":["hermit:Snipe","hermit:Grudge","hermit:BodyArmor"],"picked":"SKIP","floor":21},{"not_picked":["hermit:Ricochet+1","hermit:NoHoldsBarred"],"picked":"hermit:TrackingShot+1","floor":22}],"player_experience":198333,"relics_obtained":[{"floor":6,"key":"potionbrewer:WarMedal"},{"floor":9,"key":"potionbrewer:SlideRule"},{"floor":11,"key":"Ring of Searing"},{"floor":11,"key":"Ring of Hypnosis"}],"event_choices":[{"damage_healed":75,"gold_gain":0,"player_choice":"Upgrade","damage_taken":15,"max_hp_gain":0,"max_hp_loss":75,"event_name":"betterThird:BetterShining","floor":2,"gold_loss":0,"cards_upgraded":["hermit:Strike_Hermit","hermit:Defend_Hermit"]},{"damage_healed":0,"gold_gain":0,"player_choice":"Take Damage","damage_taken":18,"relics_obtained":["Golden Idol"],"max_hp_gain":0,"max_hp_loss":0,"event_name":"Golden Idol","floor":4,"gold_loss":0},{"damage_healed":0,"gold_gain":0,"player_choice":"Upgraded","damage_taken":0,"max_hp_gain":0,"max_hp_loss":0,"event_name":"Upgrade Shrine","floor":14,"gold_loss":0,"cards_upgraded":["hermit:FatalDesire"]},{"cards_removed":["hermit:Scavenge"],"damage_healed":0,"gold_gain":0,"player_choice":"Take \u0026 Give","damage_taken":0,"max_hp_gain":0,"max_hp_loss":0,"event_name":"betterNote:BetterNote","floor":20,"gold_loss":0,"cards_obtained":["theScribe:Insight"]}],"is_beta":false,"boss_relics":[{"not_picked":["Painkiller Herb","vexMod:RockOfEvil"],"picked":"hermit:DentedPlate"}],"items_purged_floors":[12],"is_endless":false,"potions_floor_spawned":[6,10,16,18,22],"ascension_level":0}}