{"host":"s0ikvqhe10eopvjn","time":1611009350,"event":{"mods":["Act Like it!","Bard","BaseMod","Better Third Choice","Block Reminder","Colored Map","Colored Powertips","DeckTracker","Downfall","GifTheSpireLib","Halation","Hallownest","Hermit","Highlight Path","Hubris","Infinite Spire","Mad Scientist","Minty Spire (QoL Compilation)","Permanent Neow","Random Character Button","StSLib","The Blue Laboratory","The Bug Knight","The Construct","The Cursed","The Disciple","The Marked","The Necromancer","The Poker Player","The Runesmith","The Servant 0.9.4"],"gold_per_floor":[113,124,124,136,155,190,190,209,209,225,225,74,102,118,118,218,218,231,231,131,146,63,96,76,76,76,110,110,124,140,154,154,154,154],"floor_reached":33,"language":"ENG","playtime":2194,"items_purged":["bard:LocateObject","bard:Defend"],"score":299,"play_id":"120513f8-02c1-4e5c-98d3-effe1551b4d3","local_time":"20210118223550","is_ascension_mode":false,"campfire_choices":[{"data":"1","floor":7,"key":"LIFT"},{"data":"2","floor":11,"key":"LIFT"},{"data":"3","floor":15,"key":"LIFT"},{"floor":25,"key":"REST"},{"data":"bard:Accelerando","floor":28,"key":"SMITH"},{"data":"bard:EchoEcho","floor":32,"key":"SMITH"}],"circlet_count":0,"master_deck":["bard:Strike","bard:Strike","bard:Strike","bard:Strike","bard:Defend","bard:Defend","bard:Defend","bard:Riposte","bard:Inspire","bard:HarmoniousVoice","bard:Rest","bard:EchoEcho+1","bard:Accelerando+1","bard:SixFourTime","bard:ThickOfTheFight","bard:BucklerBash","bard:Doot","bard:Fermata","bard:Haste","bard:EchoEcho","bard:Doot","bard:Aphasia+1","bard:EchoEcho","bard:Solo+1"],"relics":["bard:PitchPipe","bard:BagPipes","hubris:Towel","Girya","halation:PromiseList","Anchor","Black Star","halation:LostSnail","bard:StrangeHarp","halation:LettersToHer","Oddly Smooth Stone","Bag of Marbles","bard:OilPainting"],"acts_visited":["Exordium","TheCity"],"potions_floor_usage":[6,10,27],"damage_taken":[{"damage":2,"enemies":"Cultist","floor":1,"turns":5},{"damage":0,"enemies":"2 Louse","floor":2,"turns":4},{"damage":0,"enemies":"Small Slimes","floor":4,"turns":3},{"damage":11,"enemies":"Blue Slaver","floor":5,"turns":3},{"damage":3,"enemies":"Gremlin Nob","floor":6,"turns":5},{"damage":13,"enemies":"Red Slaver","floor":8,"turns":3},{"damage":5,"enemies":"Lots of Slimes","floor":10,"turns":3},{"damage":7,"enemies":"3 Sentries","floor":13,"turns":3},{"damage":0,"enemies":"3 Louse","floor":14,"turns":2},{"damage":20,"enemies":"Slime Boss","floor":16,"turns":8},{"damage":1,"enemies":"Shell Parasite","floor":18,"turns":4},{"damage":0,"enemies":"3 Byrds","floor":21,"turns":4},{"damage":42,"enemies":"Slavers","floor":23,"turns":4},{"damage":11,"enemies":"Book of Stabbing","floor":27,"turns":5},{"damage":0,"enemies":"Snake Plant","floor":29,"turns":3},{"damage":0,"enemies":"Centurion and Healer","floor":30,"turns":4},{"damage":2,"enemies":"Cultist and Chosen","floor":31,"turns":2},{"damage":63,"enemies":"hubris:MusketHawk","floor":33,"turns":6}],"seed_played":"4689950954730760274","potions_obtained":[{"floor":1,"key":"blueLaboratory:LouseDecoction"},{"floor":4,"key":"blueLaboratory:StoneskinPotion"},{"floor":10,"key":"Strength Potion"},{"floor":13,"key":"blueLaboratory:CorrosionFlask"},{"floor":24,"key":"blueLaboratory:StoneskinPotion"},{"floor":27,"key":"Weak Potion"},{"floor":30,"key":"Regen Potion"}],"is_trial":false,"path_per_floor":["M","M","?","M","M","E","R","M","T","M","R","$","E","M","R","B",null,"M","?","$","M","$","E","?","R","T","E","R","M","M","M","R","B"],"character_chosen":"BARD","items_purchased":["bard:LocateObject","halation:LostSnail"],"campfire_rested":1,"item_purchase_floors":[12,22],"current_hp_per_floor":[75,75,75,77,66,67,67,58,58,53,53,53,50,50,50,34,77,76,76,76,77,77,35,35,58,58,51,51,51,55,53,53,0,0],"gold":154,"neow_bonus":"TEN_PERCENT_HP_BONUS","is_daily":false,"chose_seed":false,"campfire_upgraded":2,"win_rate":0.0,"timestamp":1611009350,"path_taken":["M","?","?","M","M","E","R","M","T","M","R","$","E","M","R","BOSS","M","?","$","M","?","E","?","R","T","E","R","?","M","M","R","BOSS"],"items_purchased_type":["Card","Relic"],"build_version":"2020-12-22","purchased_purges":2,"victory":false,"max_hp_per_floor":[77,77,77,77,77,77,77,77,77,77,77,77,77,77,77,77,77,77,77,77,77,77,77,77,77,77,77,77,77,77,77,77,77,77],"card_choices":[{"not_picked":["bard:DiscordantVoice","bard:FalseLife"],"picked":"bard:HarmoniousVoice","floor":1},{"not_picked":["bard:Shout","bard:OffKey"],"picked":"bard:Rest","floor":2},{"not_picked":["bard:Fermata","bard:Parry"],"picked":"bard:EchoEcho","floor":4},{"not_picked":["bard:LifeDrain","bard:Thunderwave"],"picked":"bard:Accelerando","floor":5},{"not_picked":["bard:EchoEcho","bard:CuttingWords"],"picked":"bard:SixFourTime","floor":6},{"not_picked":["bard:StudiedStrike","bard:PhantasmalForce"],"picked":"bard:ThickOfTheFight","floor":8},{"not_picked":["bard:QuickSong","bard:Flourish"],"picked":"bard:BucklerBash","floor":10},{"not_picked":["bard:BucklerBash","bard:Blink"],"picked":"bard:Doot","floor":13},{"not_picked":["bard:OffKey","bard:Aphasia"],"picked":"bard:Fermata","floor":14},{"not_picked":["bard:ReverseGravity","bard:Rhapsody"],"picked":"bard:Haste","floor":16},{"not_picked":["bard:QuickSong","bard:CuttingWords"],"picked":"bard:EchoEcho","floor":18},{"not_picked":["bard:Silence","bard:Blink"],"picked":"bard:Aphasia+1","floor":21},{"not_picked":["bard:PhantasmalForce","bard:Doot"],"picked":"bard:EchoEcho","floor":23},{"not_picked":["bard:BucklerBash","bard:LifeDrain","bard:Rest"],"picked":"SKIP","floor":27},{"not_picked":["bard:BucklerBash","bard:LifeDrain","bard:Rest"],"picked":"SKIP","floor":27},{"not_picked":["bard:LingeringEcho","bard:StudiedStrike"],"picked":"bard:Solo+1","floor":29},{"not_picked":["bard:Parry","bard:InspiringSong","bard:ViciousMockery"],"picked":"SKIP","floor":30},{"not_picked":["bard:Parry","bard:InspiringSong","bard:ViciousMockery"],"picked":"SKIP","floor":30},{"not_picked":["bard:Parry","bard:InspiringSong","bard:ViciousMockery"],"picked":"SKIP","floor":30},{"not_picked":["bard:TinyHut","bard:Solo","bard:Aphasia"],"picked":"SKIP","floor":31}],"player_experience":287003,"relics_obtained":[{"floor":6,"key":"Girya"},{"floor":9,"key":"halation:PromiseList"},{"floor":13,"key":"Anchor"},{"floor":23,"key":"bard:StrangeHarp"},{"floor":23,"key":"halation:LettersToHer"},{"floor":26,"key":"Oddly Smooth Stone"},{"floor":26,"key":"halation:LettersToHer"},{"floor":27,"key":"Bag of Marbles"},{"floor":27,"key":"bard:OilPainting"}],"event_choices":[{"damage_healed":0,"gold_gain":0,"player_choice":"Copied","damage_taken":0,"max_hp_gain":0,"max_hp_loss":0,"event_name":"Duplicator","floor":19,"gold_loss":0,"cards_obtained":["bard:Doot"]},{"damage_healed":0,"gold_gain":0,"player_choice":"Bought 1 Potion","damage_taken":0,"max_hp_gain":0,"max_hp_loss":0,"event_name":"The Woman in Blue","floor":24,"gold_loss":0}],"is_beta":false,"boss_relics":[{"not_picked":["halation:Yufonium","Runic Pyramid"],"picked":"Black Star"}],"items_purged_floors":[12,20],"is_endless":false,"potions_floor_spawned":[1,4,10,13,27,30,31],"killed_by":"hubris:MusketHawk","ascension_level":0}}