{"host":"hy0jryqxzmxotc0g","time":1611006739,"event":{"mods":["BaseMod","BetterRewards","Minty Spire (QoL Compilation)","StSLib","The Bladedancer","The Bug Knight","The Cursed","The Disciple","The Exalted","The Saiyan","The Servant 0.9.4"],"gold_per_floor":[119,131,131,149,149,149,182,182,182,61,122,48,66,66,66,168,168,168,168],"floor_reached":18,"language":"FRA","playtime":2538,"items_purged":[],"score":183,"play_id":"d97723e2-68be-44b8-8db7-1b39ed7a1398","local_time":"20210118225219","is_ascension_mode":false,"campfire_choices":[{"floor":6.0,"key":"REST"},{"floor":8.0,"key":"RECALL"},{"floor":15.0,"key":"REST"}],"circlet_count":0,"master_deck":["Strike_Br","Strike_Br","Strike_Br","Strike_Br","Defend_Br","Defend_Br","Defend_Br","Defend_Br","SecondHand","PatternShift+1","LockedThread+1","LockedThread","ExoVibe","Decay","HandsUpB","LockedTornado","Echoward","BlueShift","WatchCommand","OracleForm"],"relics":["Chronometer","Singing Bowl","Juzu Bracelet","Ginger","Runic Pyramid"],"acts_visited":["Exordium","TheCity"],"potions_floor_usage":[],"damage_taken":[{"damage":10.0,"enemies":"Jaw Worm","floor":1.0,"turns":7.0},{"damage":0.0,"enemies":"Small Slimes","floor":2.0,"turns":6.0},{"damage":8.0,"enemies":"Cultist","floor":4.0,"turns":5.0},{"damage":3.0,"enemies":"3 Sentries","floor":7.0,"turns":20.0},{"damage":17.0,"enemies":"3 Sentries","floor":11.0,"turns":19.0},{"damage":5.0,"enemies":"Exordium Thugs","floor":13.0,"turns":10.0},{"damage":10.0,"enemies":"Slime Boss","floor":16.0,"turns":24.0},{"damage":5,"enemies":"Chosen","floor":18,"turns":2}],"seed_played":"-5551005529307193593","potions_obtained":[{"floor":2.0,"key":"ColorlessPotion"},{"floor":4.0,"key":"Ancient Potion"}],"is_trial":false,"path_per_floor":["M","M","?","M","?","R","E","R","T","$","?","$","M","$","R","B",null,"M"],"character_chosen":"CHRONO_CLASS","items_purchased":["LockedTornado","Echoward","WatchCommand"],"campfire_rested":2,"item_purchase_floors":[10,10,12],"current_hp_per_floor":[61,61,47,39,39,60,57,57,57,57,40,40,37,37,58,48,73,68,68],"gold":168,"neow_bonus":"TEN_PERCENT_HP_BONUS","is_daily":false,"chose_seed":false,"campfire_upgraded":0,"win_rate":0.0,"timestamp":1611006739,"path_taken":["M","M","?","M","?","R","E","R","T","$","?","$","M","$","R","BOSS","M"],"items_purchased_type":["Card","Card","Card"],"build_version":"2020-12-22","purchased_purges":0,"victory":false,"max_hp_per_floor":[71,71,71,71,71,71,71,71,71,71,71,71,73,73,73,73,73,73,73],"card_choices":[{"not_picked":["CrunchTime","Break"],"picked":"LockedThread","floor":1.0},{"not_picked":["LockedScales","BiteCommand"],"picked":"LockedThread","floor":2.0},{"not_picked":["Parity","Tempo"],"picked":"ExoVibe","floor":4.0},{"not_picked":["PrimeTime","LockedScales"],"picked":"HandsUpB","floor":7.0},{"not_picked":["VestedLegacy","LockedMawBank"],"picked":"BlueShift","floor":11.0},{"not_picked":["CrunchTime","Facsimile","PrimeTime"],"picked":"Singing Bowl","floor":13.0},{"not_picked":["Pendulum","LockedCalendar"],"picked":"OracleForm","floor":16.0}],"player_experience":269303,"relics_obtained":[{"floor":7.0,"key":"Singing Bowl"},{"floor":9.0,"key":"Juzu Bracelet"},{"floor":11.0,"key":"Ginger"}],"event_choices":[{"damage_healed":0.0,"max_hp_gain":0.0,"max_hp_loss":0.0,"gold_gain":0.0,"event_name":"Shining Light","player_choice":"Entered Light","floor":3.0,"gold_loss":0.0,"damage_taken":14.0,"cards_upgraded":["PatternShift","LockedThread"]},{"damage_healed":0.0,"max_hp_gain":0.0,"max_hp_loss":0.0,"gold_gain":0.0,"event_name":"Wheel of Change","player_choice":"Cursed","floor":5.0,"gold_loss":0.0,"damage_taken":0.0,"cards_obtained":["Decay"]},{"damage_healed":0.0,"max_hp_gain":0.0,"max_hp_loss":0.0,"gold_gain":0.0,"event_name":"Dead Adventurer","player_choice":"Searched \u00272\u0027 times","floor":11.0,"gold_loss":0.0,"damage_taken":0.0}],"is_beta":false,"boss_relics":[{"not_picked":["SacredBark","Cursed Key"],"picked":"Runic Pyramid"}],"items_purged_floors":[],"is_endless":false,"potions_floor_spawned":[2,4],"killed_by":"Chosen","ascension_level":0}}