{"host":"pno9h1fupbyz205f","time":1611013728,"event":{"mods":["Aspiration","BaseMod","Better Altar","Better Match","Better Note","Better Sensory Stone","Better Skull","Better Third Choice","Colored Map","Colored Powertips","Hermit","Highlight Path","Hubris","Infinite Spire","Jedi Mod","Mad Scientist","Marisa????????","Minty Spire (QoL Compilation)","Permanent Neow","Potionbrewer","Prisma Mod","Replay The Spire","Robot Space Explorer","Shop Mod","Spicy Shops","StSLib","Td1madao Mod","The Blackbeard","The Gatherer","The Hierophant","The Marked","The Poker Player","The Runesmith","The Servant 0.9.4","The Spell Scribe","The Vixen","thorton","vexMod"],"gold_per_floor":[113,133,133,143,153,184,198,198,246,281,281,281,75,90,90,189,189,200,5,5,15,29,63,63,75,75,90,103,122,122,138,238,354,354,394,440,485,485,485,485,550,550,573,573,573],"floor_reached":44,"language":"ENG","playtime":2427,"items_purged":["Defend_R","Bash"],"score":649,"play_id":"b0f6e20f-c198-4255-bd2f-32b026f3a069","local_time":"20210118154848","daily_mods":["Heirloom","Time Dilation"],"is_ascension_mode":false,"campfire_choices":[{"data":"Barricade","floor":8.0,"key":"SMITH"},{"floor":15.0,"key":"REST"},{"data":"ReplayTheSpireMod:Muscle Training","floor":24,"key":"SMITH"},{"data":"Hologram","floor":30,"key":"SMITH"},{"data":"Replay:Fractal Strike","floor":40,"key":"SMITH"},{"data":"Replay:Bootleg Shield Generator","floor":42,"key":"SMITH"}],"circlet_count":0,"master_deck":["Strike_R","Strike_R","Strike_R","Strike_R","Strike_R","Iron Wave","Self Repair+1","Iron Wave","Barricade+1","Panache","Master of Strategy","Flash of Steel","Reaper","Replay:Bootleg Shield Generator+1","ReplayTheSpireMod:Muscle Training+1","Gash","Hologram+1","Replay:Undeath\u0027s Touch","Clash","Offering","Bloodletting","Armaments+1","Replay:Fractal Strike+1"],"relics":["Ring of Chaos","infinitespire:Joker Card","Iron Core","vexMod:InvisibilityCloak","Ancient Tea Set","jedi:archwizardhat","ReplayTheSpireMod:ShopPack","Replay:Drink Me","Membership Card","Boot","Self Forming Clay","CaptainsWheel","potionbrewer:RamsHorn","infinitespire:EvilPickle","hubris:Backtick","Ice Cream","Charon\u0027s Ashes","jedi:cryingmask","hubris:TenFootPole"],"acts_visited":["Exordium","TheCity","TheBeyond"],"potions_floor_usage":[23,29,32,33],"damage_taken":[{"damage":1.0,"enemies":"Cultist","floor":1.0,"turns":3.0},{"damage":0.0,"enemies":"2 Louse","floor":2.0,"turns":3.0},{"damage":13.0,"enemies":"Jaw Worm","floor":4.0,"turns":3.0},{"damage":16.0,"enemies":"Blue Slaver","floor":5.0,"turns":4.0},{"damage":25.0,"enemies":"3 Sentries","floor":6.0,"turns":11.0},{"damage":25.0,"enemies":"Gremlin Gang","floor":7.0,"turns":5.0},{"damage":24.0,"enemies":"Lagavulin","floor":10.0,"turns":9.0},{"damage":14.0,"enemies":"Lots of Slimes","floor":14.0,"turns":4.0},{"damage":9.0,"enemies":"Slime Boss","floor":16.0,"turns":9.0},{"damage":0.0,"enemies":"3 Byrds","floor":18.0,"turns":5.0},{"damage":9.0,"enemies":"Spheric Guardian","floor":21.0,"turns":6.0},{"damage":1.0,"enemies":"Snecko","floor":22.0,"turns":4.0},{"damage":46,"enemies":"Slavers","floor":23,"turns":5},{"damage":5,"enemies":"Snake Plant","floor":25,"turns":3},{"damage":9,"enemies":"Centurion and Healer","floor":27,"turns":7},{"damage":13,"enemies":"3 Cultists","floor":28,"turns":5},{"damage":14,"enemies":"Shelled Parasite and Fungi","floor":29,"turns":4},{"damage":4,"enemies":"Centurion and Healer","floor":31,"turns":3},{"damage":10,"enemies":"Colosseum Slavers","floor":32,"turns":3},{"damage":14,"enemies":"Colosseum Nobs","floor":32,"turns":4},{"damage":10,"enemies":"Pondfish","floor":33,"turns":12},{"damage":18,"enemies":"3 Darklings","floor":35,"turns":3},{"damage":10,"enemies":"3 Shapes","floor":36,"turns":4},{"damage":15,"enemies":"Maw","floor":37,"turns":6},{"damage":12,"enemies":"Giant Head","floor":41,"turns":6},{"damage":0,"enemies":"R_Hoarder","floor":44,"turns":1}],"seed_played":"2563023510276683528","potions_obtained":[{"floor":2.0,"key":"Block Potion"},{"floor":6.0,"key":"Death Potion"},{"floor":7.0,"key":"Venom Potion"},{"floor":14.0,"key":"Swift Potion"},{"floor":18.0,"key":"FearPotion"},{"floor":20.0,"key":"FairyPotion"},{"floor":20.0,"key":"SteroidPotion"},{"floor":22.0,"key":"SpeedPotion"},{"floor":28,"key":"SpeedPotion"},{"floor":31,"key":"Fire Potion"},{"floor":32,"key":"Weak Potion"},{"floor":36,"key":"Regen Potion"}],"is_trial":true,"path_per_floor":["M","M","?","M","M","E","M","R","T","E","?","?","$","M","R","B",null,"M","$","?","M","M","E","R","M","T","M","M","M","R","M","R_BF","B",null,"M","M","M","?","AVR","R","E","R","T","E"],"character_chosen":"IRONCLAD","items_purchased":["ReplayTheSpireMod:ShopPack","Membership Card","Replay:Bootleg Shield Generator"],"campfire_rested":1,"item_purchase_floors":[13,19,19],"current_hp_per_floor":[80,80,80,80,74,59,44,44,44,30,23,23,23,19,43,54,60,60,60,60,60,60,42,42,47,47,56,59,55,55,60,56,56,60,60,60,60,60,60,60,60,60,60,60,60],"gold":573,"neow_bonus":"","is_daily":false,"chose_seed":false,"campfire_upgraded":5,"win_rate":0.0,"timestamp":1611013728,"path_taken":["?","?","?","M","M","E","M","R","T","E","?","?","$","M","R","BOSS","M","$","?","M","M","E","R","M","T","M","?","M","R","M","R_BF","BOSS","M","?","?","?","AVR","R","E","R","T","E"],"items_purchased_type":["Relic","Relic","Card"],"build_version":"2020-12-22","purchased_purges":2,"victory":false,"max_hp_per_floor":[80,80,80,80,80,80,80,80,80,80,80,80,80,80,80,80,60,60,60,60,60,60,60,60,60,60,60,60,60,60,60,60,60,60,60,60,60,60,60,60,60,60,60,60,60],"card_choices":[{"not_picked":["Clash","True Grit","Ghostly Armor"],"picked":"SKIP","floor":1.0},{"not_picked":["Pommel Strike","Twin Strike"],"picked":"Iron Wave","floor":2.0},{"not_picked":["hubris:SharpeningStone","ReplayTheSpireMod:System Scan","Ghostly Armor"],"picked":"SKIP","floor":4.0},{"not_picked":["hubris:ReadiedAction","Force Field"],"picked":"Iron Wave","floor":5.0},{"not_picked":["Force Field","jedi:fear"],"picked":"Barricade","floor":6.0},{"not_picked":["jedi:MakeshiftSword","Genetic Algorithm","Body Slam"],"picked":"SKIP","floor":7.0},{"not_picked":["Massacre","Replay:Many Hands"],"picked":"Armaments","floor":10.0},{"not_picked":["ReplayTheSpireMod:Brewmster","Midas Touch"],"picked":"Panache","floor":13.0},{"not_picked":["jedi:forcepush","ReplayTheSpireMod:Necrogeddon"],"picked":"Master of Strategy","floor":13.0},{"not_picked":["ReplayTheSpireMod:Necrogeddon","Mind Blast"],"picked":"Flash of Steel","floor":13.0},{"not_picked":["Impervious","ReplayTheSpireMod:Stacked","jedi:collectorstrike"],"picked":"SKIP","floor":14.0},{"not_picked":["Mirror Shield","Offering"],"picked":"Reaper","floor":16.0},{"not_picked":["ReplayTheSpireMod:Strike From Hell","ReplayTheSpireMod:Corrosion Curse+1","Thunderclap+1"],"picked":"SKIP","floor":18.0},{"not_picked":["Second Wind","Cold Snap+1"],"picked":"ReplayTheSpireMod:Muscle Training","floor":21.0},{"not_picked":["Twin Strike","Beam Cell"],"picked":"Gash","floor":22.0},{"not_picked":["Capacitor","Rebound+1","Twin Strike"],"picked":"SKIP","floor":23},{"not_picked":["Disarm+1","jedi:collectorstrike","Turbo"],"picked":"SKIP","floor":25},{"not_picked":["hubris:SharpeningStone+1","hubris:ReadiedAction+1"],"picked":"Hologram","floor":27},{"not_picked":["Clothesline","Anger","Turbo"],"picked":"SKIP","floor":28},{"not_picked":["Hologram","Headbutt"],"picked":"Replay:Undeath\u0027s Touch","floor":29},{"not_picked":["Dark Embrace","True Grit","Turbo"],"picked":"SKIP","floor":31},{"not_picked":["Corruption","Run Through"],"picked":"Clash","floor":32},{"not_picked":["ReplayTheSpireMod:Omega Cannon","Fiend Fire"],"picked":"Offering","floor":33},{"not_picked":["jedi:hate+1","Thunderclap+1"],"picked":"Bloodletting","floor":35},{"not_picked":["Wild Strike+1","Heavy Blade+1","Combust"],"picked":"SKIP","floor":36},{"not_picked":["Sword Boomerang+1","Perfected Strike+1"],"picked":"Armaments+1","floor":37},{"not_picked":["Cleave","True Grit+1","ReplayTheSpireMod:Limb From Limb"],"picked":"SKIP","floor":41}],"player_experience":206790,"relics_obtained":[{"floor":6.0,"key":"vexMod:InvisibilityCloak"},{"floor":9.0,"key":"Ancient Tea Set"},{"floor":10.0,"key":"jedi:archwizardhat"},{"floor":23,"key":"Boot"},{"floor":26,"key":"Self Forming Clay"},{"floor":32,"key":"CaptainsWheel"},{"floor":32,"key":"potionbrewer:RamsHorn"},{"floor":41,"key":"jedi:cryingmask"},{"floor":43,"key":"hubris:TenFootPole"}],"event_choices":[{"cards_removed":["Defend_R"],"damage_healed":0.0,"max_hp_gain":0.0,"max_hp_loss":0.0,"gold_gain":0.0,"event_name":"Golden Wing","player_choice":"Card Removal","floor":11.0,"gold_loss":0.0,"damage_taken":7.0},{"damage_healed":0.0,"max_hp_gain":0.0,"max_hp_loss":0.0,"gold_gain":0.0,"event_name":"Lab","player_choice":"Got Potions","floor":20.0,"gold_loss":0.0,"damage_taken":0.0},{"damage_healed":0,"gold_gain":0,"player_choice":"Fight","damage_taken":0,"max_hp_gain":0,"max_hp_loss":0,"event_name":"Colosseum","floor":32,"gold_loss":0},{"damage_healed":0,"gold_gain":0,"player_choice":"Fought Nobs","damage_taken":0,"max_hp_gain":0,"max_hp_loss":0,"event_name":"Colosseum","floor":32,"gold_loss":0}],"is_beta":false,"boss_relics":[{"not_picked":["vexMod:MegatonBomb","hubris:BlackHole"],"picked":"Replay:Drink Me"},{"not_picked":["Empty Cage","hubris:Stopwatch"],"picked":"hubris:Backtick"}],"items_purged_floors":[13,39],"is_endless":false,"potions_floor_spawned":[2,6,7,14,18,21,22,28,31,32,36],"killed_by":"R_Hoarder","ascension_level":0}}