{"host":"rolltorest","time":1611007233,"event":{"mods":["BaseMod","Minty Spire (QoL Compilation)","Relic Stats","Slay the Relics Exporter","StSLib"],"gold_per_floor":[113,126,126,51,51,80,95,124,124,124,138,166,166,12,12,86,86,102,102,102,2,2,2,2,2],"floor_reached":24,"language":"ENG","playtime":835,"items_purged":["Strike_G","Strike_G"],"score":420,"play_id":"f2349463-f860-4ce4-b505-317f5b5e0698","local_time":"20210118140033","is_ascension_mode":true,"campfire_choices":[{"data":"Wraith Form v2","floor":10,"key":"SMITH"},{"data":"Well Laid Plans","floor":15,"key":"SMITH"},{"data":"Ghostly","floor":23,"key":"SMITH"}],"circlet_count":0,"master_deck":["AscendersBane","Strike_G+1","Defend_G","Defend_G","Defend_G","Defend_G","Survivor","Neutralize","Blade Dance+1","Blade Dance","Terror","Cloak And Dagger","Wraith Form v2+1","Dagger Spray+1","Well Laid Plans+1","A Thousand Cuts","Predator","Ghostly","Ghostly","Ghostly+1","Backflip","Unload"],"relics":["Ring of the Snake","Boot","White Beast Statue","Sundial","Matryoshka","Whetstone","Cursed Key","Nilry\u0027s Codex"],"acts_visited":["Exordium","TheCity"],"potions_floor_usage":[12,12,24],"damage_taken":[{"damage":2,"enemies":"2 Louse","floor":1,"turns":4},{"damage":4,"enemies":"Small Slimes","floor":2,"turns":3},{"damage":17,"enemies":"3 Sentries","floor":6,"turns":7},{"damage":0,"enemies":"Jaw Worm","floor":7,"turns":3},{"damage":26,"enemies":"Lagavulin","floor":8,"turns":7},{"damage":5,"enemies":"Exordium Wildlife","floor":11,"turns":4},{"damage":3,"enemies":"Gremlin Nob","floor":12,"turns":4},{"damage":8,"enemies":"The Guardian","floor":16,"turns":14},{"damage":14,"enemies":"2 Thieves","floor":18,"turns":4},{"damage":15,"enemies":"Chosen","floor":24,"turns":4}],"seed_played":"4895982618920360449","potions_obtained":[{"floor":7,"key":"ColorlessPotion"},{"floor":8,"key":"Block Potion"},{"floor":12,"key":"Dexterity Potion"},{"floor":16,"key":"ColorlessPotion"},{"floor":18,"key":"DuplicationPotion"}],"is_trial":false,"path_per_floor":["M","M","?","?","?","E","M","E","T","R","M","E","?","$","R","B",null,"M","?","?","$","?","R","M"],"character_chosen":"THE_SILENT","items_purchased":["Well Laid Plans"],"campfire_rested":0,"item_purchase_floors":[14],"current_hp_per_floor":[57,53,53,53,58,41,41,15,15,15,10,7,71,71,71,63,69,55,35,14,14,14,14,0,0],"gold":2,"neow_bonus":"RANDOM_COMMON_RELIC","is_daily":false,"chose_seed":false,"campfire_upgraded":3,"win_rate":0.0,"timestamp":1611007233,"path_taken":["M","M","?","?","?","E","?","E","T","R","M","E","?","$","R","BOSS","M","?","?","$","?","R","M"],"items_purchased_type":["Card"],"build_version":"2020-12-18","purchased_purges":2,"victory":false,"max_hp_per_floor":[66,66,66,66,71,71,71,71,71,71,71,71,71,71,71,71,71,71,35,35,35,35,35,35,35],"relic_stats":{"counters":[10,54],"Sundial":[6],"Whetstone":["Dagger Spray","Strike_G"],"Boot":[115],"Cursed Key":0,"obtain_stats":[{"Matryoshka":9,"Sundial":8,"Nilry\u0027s Codex":20,"Whetstone":12,"Boot":0,"Cursed Key":17,"White Beast Statue":6,"Ring of the Snake":0},{"Matryoshka":5,"Sundial":5,"Nilry\u0027s Codex":9,"Whetstone":7,"Boot":0,"Cursed Key":8,"White Beast Statue":3,"Ring of the Snake":0},{"Matryoshka":24,"Sundial":24,"Nilry\u0027s Codex":50,"Whetstone":32,"Boot":0,"Cursed Key":46,"White Beast Statue":14,"Ring of the Snake":0}],"Ring of the Snake":[20]},"card_choices":[{"not_picked":["Sucker Punch","Acrobatics"],"picked":"Blade Dance","floor":1},{"not_picked":["Heel Hook","Dagger Throw"],"picked":"Blade Dance","floor":2},{"not_picked":["Skewer","Dagger Throw"],"picked":"Terror","floor":6},{"not_picked":["Sucker Punch","Blur"],"picked":"Cloak And Dagger","floor":7},{"not_picked":["Footwork","Caltrops"],"picked":"Wraith Form v2","floor":8},{"not_picked":["Bane","Underhanded Strike","Caltrops"],"picked":"SKIP","floor":11},{"not_picked":["Prepared","Sucker Punch"],"picked":"Dagger Spray","floor":12},{"not_picked":["Bullet Time","Unload"],"picked":"A Thousand Cuts","floor":16},{"not_picked":["PiercingWail","Well Laid Plans+1"],"picked":"Predator","floor":18}],"player_experience":1730888,"relics_obtained":[{"floor":6,"key":"White Beast Statue"},{"floor":8,"key":"Sundial"},{"floor":9,"key":"Matryoshka"},{"floor":12,"key":"Whetstone"},{"floor":20,"key":"Nilry\u0027s Codex"}],"event_choices":[{"damage_healed":0,"gold_gain":0,"player_choice":"Grow","damage_taken":0,"max_hp_gain":0,"max_hp_loss":0,"event_name":"Living Wall","floor":3,"gold_loss":0,"cards_upgraded":["Blade Dance"]},{"cards_removed":["Strike_G"],"damage_healed":0,"gold_gain":0,"player_choice":"Card Removal","damage_taken":0,"max_hp_gain":0,"max_hp_loss":0,"event_name":"The Cleric","floor":4,"gold_loss":75},{"damage_healed":0,"gold_gain":0,"player_choice":"Donut","damage_taken":0,"max_hp_gain":5,"max_hp_loss":0,"event_name":"Big Fish","floor":5,"gold_loss":0},{"damage_healed":64,"gold_gain":0,"player_choice":"Full Heal","damage_taken":0,"max_hp_gain":0,"max_hp_loss":0,"event_name":"Wheel of Change","floor":13,"gold_loss":0},{"damage_healed":0,"gold_gain":0,"player_choice":"Became a Ghost","damage_taken":0,"max_hp_gain":0,"max_hp_loss":36,"event_name":"Ghosts","floor":19,"gold_loss":0,"cards_obtained":["Ghostly","Ghostly","Ghostly"]},{"damage_healed":0,"gold_gain":0,"player_choice":"Obtained Book","damage_taken":21,"max_hp_gain":0,"max_hp_loss":0,"event_name":"Cursed Tome","floor":20,"gold_loss":0},{"damage_healed":0,"gold_gain":0,"cards_transformed":["Strike_G","Defend_G"],"player_choice":"Became Test Subject","damage_taken":0,"max_hp_gain":0,"max_hp_loss":0,"event_name":"Drug Dealer","floor":22,"gold_loss":0,"cards_obtained":["Backflip","Unload"]}],"is_beta":true,"boss_relics":[{"not_picked":["Runic Dome","Snecko Eye"],"picked":"Cursed Key"}],"items_purged_floors":[14,21],"is_endless":false,"potions_floor_spawned":[7,8,11,12,16,18],"killed_by":"Chosen","ascension_level":20}}