{"host":"rbccvrvdyhsypb23","time":1611012168,"event":{"mods":["AchievementEnabler","Act Like it!","Arknights The Spire","Aspiration","BaseMod","Better Third Choice","BetterRewards","Fox Events","Friendly Minions","Gensokyo","Hubris","Infinite Spire","Ironclad Rager","KomeijiMod","Minty Spire (QoL Compilation)","Replay The Spire","Shade Mod","StSLib","The Blackbeard","The Marked","The Mystic","Wandering Minibosses","vexMod"],"gold_per_floor":[115,115,134,150,164,192,192,217,217,232,311,329,359,370,370,474,474,493,508,508,528,453,453,453,413,440,465,465,482,495,520,520,620,620,676,676,689,689,689,689,715,735,735,786,987,1074,1074],"floor_reached":46,"language":"ENG","playtime":2483,"items_purged":[],"score":604,"play_id":"79631385-f0cd-419e-af81-de1ae22fd38b","local_time":"20210119022248","is_ascension_mode":false,"campfire_choices":[{"data":"ats:Roar Of Ursus","floor":7,"key":"SMITH"},{"data":"ats:Hook Shot","floor":15,"key":"SMITH"},{"floor":23,"key":"REST"},{"data":"infinitespire:TheBestDefense","floor":40,"key":"SMITH"}],"circlet_count":0,"master_deck":["infinitespire:TheBestDefense+1","ats:Strike C","ats:Strike G+1","ats:Strike S","ats:Strike V","ats:Armor Crushing Shot","ats:Defend","ats:Defend+1","ats:Defend+1","ats:Defend+1","ats:Hammer On","ats:Very Hot Blade+1","ats:Flexible Camouflage+1","ats:Explosion Area Strengthen","ats:Roar Of Ursus+1","ats:Neurotoxin","ats:Charging Defense","ats:Apocalypse","ats:Hook Shot+1","ats:Roar Of Ursus","ats:Ignite","ats:Collapsing Strike+1","ats:Hammer On","infinitespire:TheBestDefense+1","infinitespire:SevenWalls","ats:Ambush","ats:Thorns","hubris:Fate","ats:Rat Pack","ats:Demon Strength+1","ats:Rat Pack"],"relics":["ats:Sanity","hubris:SlimyHat","hubris:MedicalManual","CaptainsWheel","ats:Originium","Toy Ornithopter","ats:Lavender","War Paint","PreservedInsect","vexMod:HeadHunter","hubris:ToyBattleship","infinitespire:Beetle Shell","hubris:RunicObelisk","Oddly Smooth Stone","vexMod:BigBerry","aspiration:KaomsHeart"],"acts_visited":["Exordium","TheCity","TheBeyond"],"potions_floor_usage":[10,16,19,19,27,33,33,44],"damage_taken":[{"damage":0,"enemies":"Jaw Worm","floor":1,"turns":4},{"damage":1,"enemies":"Cultist","floor":3,"turns":3},{"damage":0,"enemies":"Small Slimes","floor":4,"turns":2},{"damage":8,"enemies":"Red Slaver","floor":5,"turns":2},{"damage":11,"enemies":"Replay:BlueRogue","floor":6,"turns":5},{"damage":20,"enemies":"3 Sentries","floor":8,"turns":10},{"damage":5,"enemies":"3 Louse","floor":10,"turns":2},{"damage":2,"enemies":"Exordium Wildlife","floor":11,"turns":6},{"damage":1,"enemies":"2 Fungi Beasts","floor":12,"turns":3},{"damage":5,"enemies":"Red Slaver","floor":14,"turns":3},{"damage":17,"enemies":"Slime Boss","floor":16,"turns":14},{"damage":39,"enemies":"Shell Parasite","floor":18,"turns":6},{"damage":29,"enemies":"3 Byrds","floor":19,"turns":6},{"damage":25,"enemies":"Shelled Parasite and Fungi","floor":21,"turns":6},{"damage":12,"enemies":"Slavers","floor":27,"turns":3},{"damage":7,"enemies":"Chosen and Byrds","floor":29,"turns":6},{"damage":5,"enemies":"Snecko","floor":30,"turns":5},{"damage":3,"enemies":"Gremlin Leader","floor":31,"turns":5},{"damage":1,"enemies":"Collector","floor":33,"turns":7},{"damage":0,"enemies":"3 Shapes","floor":35,"turns":6},{"damage":15,"enemies":"Orb Walker","floor":37,"turns":4},{"damage":5,"enemies":"Reptomancer","floor":41,"turns":5},{"damage":11,"enemies":"Spire Growth","floor":42,"turns":3},{"damage":4,"enemies":"2 Orb Walkers","floor":44,"turns":4},{"damage":10,"enemies":"Jaw Worm Horde","floor":45,"turns":5},{"damage":18,"enemies":"Maw","floor":46,"turns":7}],"seed_played":"-4593498388294378526","potions_obtained":[{"floor":1,"key":"Venom Potion"},{"floor":3,"key":"Fire Potion"},{"floor":8,"key":"DuplicationPotion"},{"floor":12,"key":"SkillPotion"},{"floor":14,"key":"FearPotion"},{"floor":16,"key":"Explosive Potion"},{"floor":27,"key":"Milkshake"},{"floor":30,"key":"infinitespire:BlackPotion"},{"floor":31,"key":"Explosive Potion"},{"floor":41,"key":"AttackPotion"}],"is_trial":false,"path_per_floor":["M","?","M","M","M","E","R","E","T","M","M","M","?","M","R","B",null,"M","M","?","M","?","R","T","?","T","E","AVR","M","M","E","R","B",null,"M","?","M","?","AVR","R","E","M","T","?","M","M"],"character_chosen":"DOCTOR_CLASS","items_purchased":["hubris:SlimyHat","ats:Hammer On","ats:Very Hot Blade"],"campfire_rested":1,"item_purchase_floors":[0,0,0],"current_hp_per_floor":[72,72,71,71,63,52,52,32,32,33,37,38,38,35,35,48,72,38,28,28,17,17,38,38,38,38,33,39,41,40,45,68,78,108,108,108,99,99,199,199,202,193,193,198,193,181,181],"gold":1074,"neow_bonus":"","is_daily":false,"chose_seed":false,"campfire_upgraded":3,"win_rate":0.0,"timestamp":1611012168,"path_taken":["M","?","M","M","M","E","R","E","T","?","M","M","?","M","R","BOSS","M","M","?","?","?","R","?","?","T","E","AVR","M","M","E","R","BOSS","M","?","M","?","AVR","R","E","M","T","?","M","M"],"items_purchased_type":["Relic","Card","Card"],"build_version":"2020-12-22","purchased_purges":0,"victory":false,"max_hp_per_floor":[72,72,72,72,72,72,72,72,72,72,72,72,72,72,72,72,72,72,72,72,72,72,72,72,72,72,72,78,78,78,78,78,78,108,108,108,108,108,208,208,208,208,208,208,208,208,208],"card_choices":[{"not_picked":["ats:Composite Medical Shells","ats:Consecutive Shot Auto"],"picked":"ats:Flexible Camouflage","floor":1},{"not_picked":["ats:Flexible Camouflage","ats:Mental Burst","ats:Steam Pump"],"picked":"SKIP","floor":3},{"not_picked":["ats:Assault Order","ats:Hammer On"],"picked":"ats:Explosion Area Strengthen","floor":4},{"not_picked":["ats:Revitalization","ats:Hammer On","ats:Explosion Area Strengthen"],"picked":"SKIP","floor":5},{"not_picked":["ats:Mental Burst","ats:Leaping Hammer"],"picked":"ats:Roar Of Ursus","floor":6},{"not_picked":["ats:Cat Scratch","ats:Shadow Assault"],"picked":"ats:Neurotoxin","floor":8},{"not_picked":["ats:Flexible Camouflage","ats:Childhood Dance"],"picked":"ats:Charging Defense","floor":10},{"not_picked":["ats:Flame Of Heaven","ats:Encircling Forest","ats:Flexible Camouflage"],"picked":"SKIP","floor":11},{"not_picked":["ats:Healing Drone","ats:Neurotoxin"],"picked":"ats:Apocalypse","floor":12},{"not_picked":["ats:Explosion Area Strengthen","ats:Defend Order"],"picked":"ats:Hook Shot","floor":14},{"not_picked":["ats:Volcano","ats:True Silver Slash"],"picked":"ats:Roar Of Ursus","floor":16},{"not_picked":["ats:Spore Proliferation","ats:Explosion Area Strengthen+1"],"picked":"ats:Ignite","floor":18},{"not_picked":["ats:Childhood Dance","ats:Cat Scratch","ats:Automatic Cover"],"picked":"SKIP","floor":19},{"not_picked":["ats:Assault Order","ats:Guardian Obelisk"],"picked":"ats:Collapsing Strike+1","floor":21},{"not_picked":["ats:Part Time Job","ats:Leaping Hammer"],"picked":"ats:Hammer On","floor":27},{"not_picked":["ats:Soul Rend","ats:Echo Reverb","ats:Dogmatic Field"],"picked":"SKIP","floor":27},{"not_picked":["ats:Song Of Battle","ats:Apocalypse","ats:Explosion Area Strengthen+1"],"picked":"SKIP","floor":29},{"not_picked":["ats:Echo Reverb","ats:Collapsing Strike+1","ats:Composite Medical Shells"],"picked":"SKIP","floor":30},{"not_picked":["ats:True Silver Slash","ats:Durian"],"picked":"ats:Ambush","floor":31},{"not_picked":["ats:Encircling Forest","ats:Flame Of Heaven","ats:Dogmatic Field"],"picked":"SKIP","floor":31},{"not_picked":["ats:Spore Proliferation","ats:Leaping Hammer","ats:Part Time Job+1"],"picked":"SKIP","floor":35},{"not_picked":["ats:Charging Defense","ats:Powerful Strike+1"],"picked":"ats:Thorns","floor":37},{"not_picked":["ats:Soul Rend","ats:Calcification"],"picked":"ats:Rat Pack","floor":41},{"not_picked":["ats:Leaping Hammer+1","ats:Poison Spread+1","ats:Charging Defense"],"picked":"SKIP","floor":41},{"not_picked":["ats:Magnetic Hammer+1","ats:Leaping Hammer+1"],"picked":"ats:Demon Strength+1","floor":42},{"not_picked":["ats:Guardian Obelisk","ats:Rat Pack","ats:Childhood Dance+1"],"picked":"SKIP","floor":45},{"not_picked":["ats:Guardian Obelisk","ats:Childhood Dance+1"],"picked":"ats:Rat Pack","floor":45}],"player_experience":551826,"relics_obtained":[{"floor":6,"key":"ats:Originium"},{"floor":6,"key":"Toy Ornithopter"},{"floor":8,"key":"ats:Originium"},{"floor":8,"key":"ats:Lavender"},{"floor":9,"key":"War Paint"},{"floor":24,"key":"vexMod:HeadHunter"},{"floor":26,"key":"hubris:ToyBattleship"},{"floor":27,"key":"ats:Originium"},{"floor":27,"key":"infinitespire:Beetle Shell"},{"floor":31,"key":"Oddly Smooth Stone"},{"floor":41,"key":"aspiration:KMNothing"}],"event_choices":[{"damage_healed":0,"gold_gain":0,"player_choice":"Upgraded","damage_taken":0,"max_hp_gain":0,"max_hp_loss":0,"event_name":"Upgrade Shrine","floor":2,"gold_loss":0,"cards_upgraded":["ats:Flexible Camouflage"]},{"damage_healed":0,"gold_gain":30,"player_choice":"Searched \u00273\u0027 times","damage_taken":0,"relics_obtained":["PreservedInsect"],"max_hp_gain":0,"max_hp_loss":0,"event_name":"Dead Adventurer","floor":13,"gold_loss":0},{"damage_healed":0,"gold_gain":0,"player_choice":"0 cards matched","damage_taken":0,"max_hp_gain":0,"max_hp_loss":0,"event_name":"Match and Keep!","floor":20,"gold_loss":0,"cards_obtained":[]},{"cards_removed":["ats:Emotion Absorption"],"damage_healed":0,"gold_gain":0,"player_choice":"Gave Gold","damage_taken":0,"max_hp_gain":0,"max_hp_loss":0,"event_name":"Beggar","floor":22,"gold_loss":75},{"damage_healed":0,"gold_gain":0,"player_choice":"Upgraded Two","damage_taken":0,"max_hp_gain":0,"max_hp_loss":0,"event_name":"Designer","floor":25,"gold_loss":40,"cards_upgraded":["ats:Strike G","ats:Defend"]},{"damage_healed":0,"gold_gain":0,"player_choice":"Fight","damage_taken":0,"max_hp_gain":0,"max_hp_loss":0,"event_name":"Mysterious Sphere","floor":44,"gold_loss":0}],"is_beta":false,"boss_relics":[{"not_picked":["Calling Bell","hubris:CrackedHourglass","Ectoplasm"]},{"not_picked":["Honey Jar","Snecko Eye"],"picked":"vexMod:BigBerry"}],"items_purged_floors":[],"is_endless":false,"potions_floor_spawned":[1,3,8,12,14,16,27,30,31,35,41],"killed_by":"Maw","ascension_level":0}}