{"host":"eemx8njkng76fu5x","time":1611012456,"event":{"mods":["2.2 Compatiblity","BaseMod","Downfall","Minty Spire (QoL Compilation)","Permanent Neow","StSLib","Unceasing Turn Reminder","Unknown Chances"],"gold_per_floor":[99,117,131,151,151,151,151,51,36,36,48,33,62,62,81,81,81],"floor_reached":16,"language":"ENG","playtime":614,"items_purged":[],"score":115,"play_id":"1f4def29-697d-4fc5-a801-f6f15a945b57","local_time":"20210119072736","is_ascension_mode":true,"campfire_choices":[{"data":"bronze:Goto","floor":1,"key":"SMITH"},{"floor":6,"key":"RECALL"},{"data":"bronze:Deprecate","floor":8,"key":"SMITH"},{"data":"bronze:Shield","floor":10,"key":"SMITH"}],"circlet_count":0,"master_deck":["bronze:Strike","bronze:Strike","bronze:Strike","bronze:Defend","bronze:Defend","bronze:Defend","bronze:Defend","bronze:Replicate","bronze:Goto+1","Flash of Steel","bronze:Shield","bronze:Shield+1","bronze:Deprecate+1","bronze:ChosenStrike+1","bronze:Branch+1","bronze:WhirlingStrike+1","bronze:CleanCode","bronze:ChosenStrike+1"],"relics":["bronze:BronzeCore","Molten Egg 2","downfall:HeartBlessingRed","Shovel"],"acts_visited":["Exordium"],"potions_floor_usage":[16],"damage_taken":[{"damage":0,"enemies":"Cultist","floor":2,"turns":3},{"damage":3,"enemies":"Jaw Worm","floor":3,"turns":5},{"damage":4,"enemies":"2 Louse","floor":4,"turns":4},{"damage":5,"enemies":"downfall:FleeingMerchant","floor":9,"turns":4},{"damage":1,"enemies":"2 Fungi Beasts","floor":11,"turns":3},{"damage":5,"enemies":"downfall:FleeingMerchant","floor":12,"turns":4},{"damage":13,"enemies":"Gremlin Nob","floor":13,"turns":4},{"damage":4,"enemies":"Red Slaver","floor":15,"turns":4},{"damage":42,"enemies":"SI_SHIV_ARCHETYPE","floor":16,"turns":11}],"seed_played":"4121765149986531282","potions_obtained":[{"floor":3,"key":"Dexterity Potion"},{"floor":13,"key":"sneckomod:MuddlingPotion"},{"floor":15,"key":"Explosive Potion"}],"is_trial":false,"path_per_floor":["R","M","M","M","?","R","T","R","$","R","M","$","E","?","M","B"],"character_chosen":"THE_AUTOMATON","items_purchased":[],"campfire_rested":0,"item_purchase_floors":[],"current_hp_per_floor":[70,70,67,63,63,63,63,63,58,58,57,52,39,39,35,0,0],"gold":81,"neow_bonus":"RANDOM_COLORLESS","is_daily":false,"chose_seed":false,"campfire_upgraded":3,"win_rate":0.0,"timestamp":1611012456,"path_taken":["R","M","M","M","?","R","T","R","?","R","M","$","E","?","M","BOSS"],"items_purchased_type":[],"build_version":"2020-12-22","purchased_purges":0,"victory":false,"max_hp_per_floor":[70,70,70,70,70,70,70,70,70,70,70,70,70,70,70,70,70],"card_choices":[{"not_picked":["Forethought","Dark Shackles"],"picked":"Flash of Steel","floor":0},{"not_picked":["bronze:Overheat","bronze:ForLoop"],"picked":"bronze:Shield","floor":2},{"not_picked":["bronze:Allocate","bronze:Invalidate"],"picked":"bronze:Shield","floor":3},{"not_picked":["bronze:Turbo","bronze:Backtrace"],"picked":"bronze:Deprecate","floor":4},{"not_picked":["bronze:GetLatest","bronze:WhirlingStrike+1"],"picked":"bronze:ChosenStrike+1","floor":9},{"not_picked":["bronze:Terminator","bronze:CloningBeam+1"],"picked":"bronze:Branch+1","floor":11},{"not_picked":["bronze:Separator+1","bronze:Branch+1"],"picked":"bronze:WhirlingStrike+1","floor":12},{"not_picked":["bronze:Shield","bronze:Fortify+1"],"picked":"bronze:CleanCode","floor":13},{"not_picked":["bronze:DelayedSlice+1","bronze:DarkDash+1"],"picked":"bronze:ChosenStrike+1","floor":15}],"player_experience":499228,"relics_obtained":[{"floor":7,"key":"Molten Egg 2"},{"floor":13,"key":"Shovel"}],"event_choices":[{"cards_removed":["bronze:Strike"],"damage_healed":0,"gold_gain":0,"player_choice":"Card Removal","damage_taken":0,"max_hp_gain":0,"max_hp_loss":0,"event_name":"The Cleric","floor":14,"gold_loss":0}],"is_beta":false,"boss_relics":[],"items_purged_floors":[],"is_endless":false,"potions_floor_spawned":[3,13,15],"killed_by":"SI_SHIV_ARCHETYPE","ascension_level":3}}