{"host":"rolltorest","time":1611005509,"event":{"mods":["BaseMod","Minty Spire (QoL Compilation)","Relic Stats","Slay the Relics Exporter","StSLib"],"gold_per_floor":[116,129,139,150,170,208,66,66,92,103,147,173,173,200,200,284,311,337,356,1,1,51,51,83,83,110,144,144,144,157,57,57,141,141,170,170,199,226,21,21,42,42,42,83,15,15,55,88,100,112,124,136,148,28,66,66],"floor_reached":57,"language":"ENG","playtime":2270,"items_purged":["Strike_B","Defend_B","Defend_B"],"score":2961,"play_id":"5ecb4f8c-351b-4fb7-965d-9225ff961ff1","local_time":"20210118133149","is_ascension_mode":true,"campfire_choices":[{"data":"Sunder","floor":8,"key":"SMITH"},{"data":"Meteor Strike","floor":13,"key":"SMITH"},{"data":"Doom and Gloom","floor":15,"key":"SMITH"},{"data":"Meteor Strike","floor":23,"key":"SMITH"},{"data":"Reinforced Body","floor":25,"key":"SMITH"},{"data":"All For One","floor":29,"key":"SMITH"},{"data":"Glacier","floor":32,"key":"SMITH"},{"data":"Panacea","floor":40,"key":"SMITH"},{"data":"Biased Cognition","floor":42,"key":"SMITH"},{"data":"Defragment","floor":46,"key":"SMITH"},{"floor":49,"key":"RECALL"},{"data":"Tempest","floor":53,"key":"SMITH"}],"circlet_count":0,"master_deck":["AscendersBane","Defend_B","Defend_B","Zap","Dualcast","Sunder+1","Sweeping Beam","Reinforced Body+1","Doom and Gloom+1","Glacier+1","Meteor Strike+1","Self Repair","Meteor Strike+1","Hyperbeam+1","Loop+1","Reboot+1","Cold Snap+1","All For One+1","Biased Cognition+1","Coolheaded+1","Reinforced Body+1","Panacea+1","Dark Shackles","Dark Shackles","Force Field","Force Field","Undo+1","Defragment+1","Tempest+1","Loop+1","Defragment","Multi-Cast"],"relics":["Snecko Eye","CeramicFish","Bag of Preparation","Ancient Tea Set","Bronze Scales","Astrolabe","Eternal Feather","Blue Candle","Vajra","Pen Nib","Black Star","Smiling Mask","Sundial","MawBank","Regal Pillow","Happy Flower","Blood Vial"],"acts_visited":["Exordium","TheCity","TheBeyond","TheEnding"],"potions_floor_usage":[11,18,51,56,56],"damage_taken":[{"damage":2,"enemies":"Cultist","floor":1,"turns":4},{"damage":0,"enemies":"2 Louse","floor":2,"turns":2},{"damage":0,"enemies":"Jaw Worm","floor":3,"turns":3},{"damage":1,"enemies":"2 Fungi Beasts","floor":4,"turns":3},{"damage":12,"enemies":"Exordium Wildlife","floor":5,"turns":6},{"damage":14,"enemies":"Gremlin Nob","floor":6,"turns":3},{"damage":1,"enemies":"Large Slime","floor":10,"turns":5},{"damage":0,"enemies":"Lagavulin","floor":11,"turns":3},{"damage":0,"enemies":"3 Louse","floor":12,"turns":2},{"damage":0,"enemies":"Gremlin Nob","floor":14,"turns":2},{"damage":7,"enemies":"Hexaghost","floor":16,"turns":7},{"damage":0,"enemies":"2 Thieves","floor":18,"turns":1},{"damage":5,"enemies":"Shell Parasite","floor":19,"turns":5},{"damage":5,"enemies":"Book of Stabbing","floor":24,"turns":3},{"damage":0,"enemies":"Gremlin Leader","floor":27,"turns":3},{"damage":0,"enemies":"Centurion and Healer","floor":30,"turns":1},{"damage":9,"enemies":"Champ","floor":33,"turns":4},{"damage":0,"enemies":"3 Shapes","floor":35,"turns":2},{"damage":29,"enemies":"Orb Walker","floor":37,"turns":3},{"damage":0,"enemies":"Spire Growth","floor":41,"turns":2},{"damage":0,"enemies":"Reptomancer","floor":44,"turns":2},{"damage":0,"enemies":"Giant Head","floor":47,"turns":9},{"damage":10,"enemies":"Sphere and 2 Shapes","floor":48,"turns":4},{"damage":37,"enemies":"Time Eater","floor":50,"turns":13},{"damage":14,"enemies":"Donu and Deca","floor":51,"turns":8},{"damage":49,"enemies":"Shield and Spear","floor":55,"turns":7},{"damage":15,"enemies":"The Heart","floor":56,"turns":9}],"seed_played":"45977348719992799","potions_obtained":[{"floor":1,"key":"FocusPotion"},{"floor":3,"key":"SpeedPotion"},{"floor":6,"key":"Block Potion"},{"floor":11,"key":"ColorlessPotion"},{"floor":12,"key":"CultistPotion"},{"floor":24,"key":"Fire Potion"},{"floor":33,"key":"Swift Potion"}],"is_trial":false,"path_per_floor":["M","M","M","M","M","E","$","R","T","M","E","M","R","E","R","B",null,"M","M","$","?","?","R","E","R","T","E","?","R","M","$","R","B",null,"M","?","M","?","$","R","M","R","T","E","$","R","E","M","R","B","B",null,"R","$","E","B",null],"character_chosen":"DEFECT","items_purchased":["Glacier","All For One","Eternal Feather","Force Field","Defragment","SpeedPotion","Defragment"],"campfire_rested":0,"item_purchase_floors":[7,20,20,39,45,54,54],"current_hp_per_floor":[62,62,62,61,49,35,35,35,35,34,34,34,34,41,41,41,64,64,66,66,46,46,58,60,72,72,76,76,76,76,76,76,74,76,76,72,43,33,33,48,55,70,70,72,72,72,72,69,72,42,35,63,72,72,30,24],"gold":66,"neow_bonus":"BOSS_RELIC","is_daily":false,"chose_seed":false,"campfire_upgraded":11,"win_rate":0.0,"timestamp":1611005509,"path_taken":["M","M","M","?","?","E","?","R","T","M","E","M","R","E","R","BOSS","M","M","$","?","?","R","E","R","T","E","?","R","M","$","R","BOSS","M","?","M","?","$","R","M","R","T","E","$","R","E","M","R","BOSS","BOSS","R","$","E","BOSS"],"items_purchased_type":["Card","Card","Relic","Card","Card","Potion","Card"],"build_version":"2020-12-18","purchased_purges":3,"victory":true,"max_hp_per_floor":[71,71,71,71,71,71,71,71,71,71,71,71,71,71,71,71,71,71,71,71,76,76,76,76,76,76,76,76,76,76,76,76,76,76,76,72,72,72,72,72,72,72,72,72,72,72,72,72,72,72,72,72,72,72,72,72],"relic_stats":{"Regal Pillow":0,"Happy Flower":[3],"counters":[27,115],"CeramicFish":216,"Astrolabe":["Hyperbeam","Loop","Reboot"],"Blue Candle":[0],"Eternal Feather":66,"Pen Nib":[13],"Bag of Preparation":[42],"Smiling Mask":0,"MawBank":84,"Blood Vial":2,"Sundial":[10],"Bronze Scales":[317],"Snecko Eye":[207,180,224,232],"Black Star":3,"obtain_stats":[{"Regal Pillow":47,"Happy Flower":55,"CeramicFish":6,"Astrolabe":17,"Blue Candle":24,"Vajra":26,"Eternal Feather":20,"Pen Nib":27,"Bag of Preparation":9,"Ancient Tea Set":11,"Smiling Mask":44,"MawBank":47,"Blood Vial":55,"Sundial":44,"Bronze Scales":14,"Snecko Eye":0,"Black Star":34,"Cracked Core":0},{"Regal Pillow":22,"Happy Flower":26,"CeramicFish":6,"Astrolabe":11,"Blue Candle":14,"Vajra":14,"Eternal Feather":13,"Pen Nib":15,"Bag of Preparation":6,"Ancient Tea Set":8,"Smiling Mask":21,"MawBank":22,"Blood Vial":26,"Sundial":21,"Bronze Scales":10,"Snecko Eye":0,"Black Star":17,"Cracked Core":0},{"Regal Pillow":75,"Happy Flower":106,"CeramicFish":21,"Astrolabe":40,"Blue Candle":49,"Vajra":49,"Eternal Feather":46,"Pen Nib":52,"Bag of Preparation":21,"Ancient Tea Set":29,"Smiling Mask":66,"MawBank":75,"Blood Vial":106,"Sundial":66,"Bronze Scales":33,"Snecko Eye":0,"Black Star":57,"Cracked Core":0}]},"card_choices":[{"not_picked":["Compile Driver","Melter"],"picked":"Sunder","floor":1},{"not_picked":["Steam Power","Beam Cell","FTL"],"picked":"SKIP","floor":2},{"not_picked":["Gash","Loop"],"picked":"Sweeping Beam","floor":3},{"not_picked":["Redo","Steam"],"picked":"Reinforced Body","floor":4},{"not_picked":["Leap","Lockon","Storm"],"picked":"SKIP","floor":5},{"not_picked":["Redo","Go for the Eyes"],"picked":"Doom and Gloom","floor":6},{"not_picked":["Steam","Darkness","Tempest"],"picked":"SKIP","floor":10},{"not_picked":["Auto Shields","Consume"],"picked":"Meteor Strike","floor":11},{"not_picked":["Go for the Eyes","Double Energy"],"picked":"Self Repair","floor":12},{"not_picked":["Chaos","Hello World","Skim"],"picked":"SKIP","floor":14},{"not_picked":["Seek","Multi-Cast"],"picked":"Meteor Strike","floor":16},{"not_picked":["Turbo","Beam Cell"],"picked":"Cold Snap+1","floor":18},{"not_picked":["Redo","Barrage","Go for the Eyes"],"picked":"SKIP","floor":19},{"not_picked":["Ball Lightning","Sweeping Beam","Streamline"],"picked":"SKIP","floor":24},{"not_picked":["Hyperbeam","Coolheaded","Conserve Battery"],"picked":"SKIP","floor":27},{"not_picked":["Conserve Battery","Redo","Go for the Eyes+1"],"picked":"SKIP","floor":30},{"not_picked":["Multi-Cast","Amplify"],"picked":"Biased Cognition","floor":33},{"not_picked":["Ball Lightning+1","White Noise+1"],"picked":"Coolheaded+1","floor":35},{"not_picked":["Compile Driver","Stack"],"picked":"Reinforced Body+1","floor":37},{"not_picked":["Dramatic Entrance","Madness"],"picked":"Panacea","floor":38},{"not_picked":["Enlightenment","Discovery"],"picked":"Dark Shackles","floor":38},{"not_picked":["Good Instincts","Swift Strike"],"picked":"Dark Shackles","floor":38},{"not_picked":["Hologram","Streamline"],"picked":"Force Field","floor":41},{"not_picked":["Recycle","Consume"],"picked":"Undo+1","floor":44},{"not_picked":["White Noise+1","Thunder Strike"],"picked":"Tempest","floor":47},{"not_picked":["Conserve Battery","Ball Lightning+1"],"picked":"Loop+1","floor":48},{"not_picked":["Doom and Gloom","Stack"],"picked":"Multi-Cast","floor":55}],"player_experience":1727792,"relics_obtained":[{"floor":6,"key":"CeramicFish"},{"floor":9,"key":"Bag of Preparation"},{"floor":11,"key":"Ancient Tea Set"},{"floor":14,"key":"Bronze Scales"},{"floor":24,"key":"Blue Candle"},{"floor":26,"key":"Vajra"},{"floor":27,"key":"Pen Nib"},{"floor":44,"key":"Smiling Mask"},{"floor":44,"key":"Sundial"},{"floor":47,"key":"MawBank"},{"floor":47,"key":"Regal Pillow"},{"floor":55,"key":"Happy Flower"},{"floor":55,"key":"Blood Vial"}],"event_choices":[{"damage_healed":0,"gold_gain":0,"player_choice":"Shed Blood","damage_taken":25,"max_hp_gain":5,"max_hp_loss":0,"event_name":"Forgotten Altar","floor":21,"gold_loss":0},{"damage_healed":0,"gold_gain":50,"player_choice":"Stole From Cult","damage_taken":0,"max_hp_gain":0,"max_hp_loss":0,"event_name":"Nest","floor":22,"gold_loss":0},{"damage_healed":0,"gold_gain":0,"player_choice":"Ignored","damage_taken":0,"max_hp_gain":0,"max_hp_loss":0,"event_name":"Vampires","floor":28,"gold_loss":0},{"damage_healed":0,"gold_gain":0,"player_choice":"Max HP","damage_taken":0,"max_hp_gain":0,"max_hp_loss":4,"event_name":"Winding Halls","floor":36,"gold_loss":0},{"damage_healed":0,"gold_gain":0,"player_choice":"Memory 3","damage_taken":10,"max_hp_gain":0,"max_hp_loss":0,"event_name":"SensoryStone","floor":38,"gold_loss":0}],"is_beta":true,"boss_relics":[{"not_picked":["SacredBark","Ectoplasm"],"picked":"Astrolabe"},{"not_picked":["Tiny House","Calling Bell"],"picked":"Black Star"}],"items_purged_floors":[7,31,39],"is_endless":false,"potions_floor_spawned":[1,3,4,6,11,12,24,27,33,37,41,47],"ascension_level":20}}