{"host":"dztixnx9b0gu6w9i","time":1611012689,"event":{"mods":["BaseMod","Bestiary","Minty Spire (QoL Compilation)","Relic Stats","Slay the Relics Exporter","SpireBot","ojb\u0027s Better Paths Mod","ojb\u0027s Info Mod"],"gold_per_floor":[110,110,129,129,142,142,160,160,160,170,184,212,212,240,240,313,313,332,344,379,389,339,339,349,53,129,29,55,55,55,67,67,143,143,163,163,176,195,215,215,247,259,282,295,295,295,295,307,307,307,307,307,307,27,61,61],"floor_reached":57,"language":"ENG","playtime":10899,"items_purged":["Strike_B","Strike_B"],"score":2857,"play_id":"0e4fe438-143f-4cb7-b9f1-75641b84feed","local_time":"20210118183129","is_ascension_mode":true,"campfire_choices":[{"data":"Sweeping Beam","floor":6,"key":"SMITH"},{"data":"Streamline","floor":8,"key":"SMITH"},{"data":"Melter","floor":13,"key":"SMITH"},{"data":"Glacier","floor":15,"key":"SMITH"},{"data":"Defragment","floor":23,"key":"SMITH"},{"data":"Consume","floor":32,"key":"SMITH"},{"data":"Biased Cognition","floor":40,"key":"SMITH"},{"floor":49,"key":"RECALL"},{"data":"Coolheaded","floor":53,"key":"SMITH"}],"circlet_count":0,"master_deck":["AscendersBane","Strike_B+1","Strike_B+1","Defend_B","Defend_B","Defend_B","Defend_B","Zap+1","Dualcast","Compile Driver","Glacier+1","Sweeping Beam+1","Streamline+1","FTL","Melter+1","Leap","FTL","Echo Form","Consume+1","Chill","Defragment+1","Compile Driver","Hologram","Writhe","Biased Cognition+1","Hologram","Coolheaded+1","Compile Driver+1","Barrage+1","Stack+1","Compile Driver","Hologram","Cold Snap","Hello World","Go for the Eyes+1"],"relics":["Sozu","Gambling Chip","Du-Vu Doll","InkBottle","Inserter","Red Mask","Frozen Eye","Pantograph","PreservedInsect","StrikeDummy","Nuclear Battery","Vajra","Medical Kit","Nunchaku"],"acts_visited":["Exordium","TheCity","TheBeyond","TheEnding"],"potions_floor_usage":[],"damage_taken":[{"damage":0,"enemies":"2 Louse","floor":1,"turns":2},{"damage":1,"enemies":"Cultist","floor":3,"turns":4},{"damage":0,"enemies":"Small Slimes","floor":5,"turns":3},{"damage":0,"enemies":"Exordium Wildlife","floor":7,"turns":3},{"damage":0,"enemies":"Red Slaver","floor":10,"turns":4},{"damage":0,"enemies":"Blue Slaver","floor":11,"turns":3},{"damage":11,"enemies":"Gremlin Nob","floor":12,"turns":3},{"damage":1,"enemies":"3 Sentries","floor":14,"turns":5},{"damage":1,"enemies":"The Guardian","floor":16,"turns":9},{"damage":0,"enemies":"Spheric Guardian","floor":18,"turns":1},{"damage":12,"enemies":"2 Thieves","floor":19,"turns":4},{"damage":1,"enemies":"Masked Bandits","floor":20,"turns":3},{"damage":0,"enemies":"3 Cultists","floor":21,"turns":7},{"damage":16,"enemies":"Cultist and Chosen","floor":24,"turns":6},{"damage":34,"enemies":"Slavers","floor":28,"turns":9},{"damage":0,"enemies":"Snecko","floor":31,"turns":5},{"damage":5,"enemies":"Automaton","floor":33,"turns":10},{"damage":0,"enemies":"3 Darklings","floor":35,"turns":4},{"damage":0,"enemies":"3 Shapes","floor":37,"turns":6},{"damage":3,"enemies":"Jaw Worm Horde","floor":38,"turns":5},{"damage":3,"enemies":"Sphere and 2 Shapes","floor":39,"turns":3},{"damage":0,"enemies":"Reptomancer","floor":41,"turns":7},{"damage":4,"enemies":"Writhing Mass","floor":42,"turns":7},{"damage":8,"enemies":"Transient","floor":44,"turns":6},{"damage":0,"enemies":"4 Shapes","floor":48,"turns":8},{"damage":0,"enemies":"Time Eater","floor":50,"turns":34},{"damage":0,"enemies":"Awakened One","floor":51,"turns":22},{"damage":13,"enemies":"Shield and Spear","floor":55,"turns":8},{"damage":69,"enemies":"The Heart","floor":56,"turns":14}],"seed_played":"6141230973968200465","potions_obtained":[],"is_trial":false,"path_per_floor":["M","?","M","?","M","R","M","R","T","M","M","E","R","E","R","B",null,"M","M","?","M","?","R","M","$","T","$","E","?","?","M","R","B",null,"M","?","M","M","M","R","E","M","T","M","?","?","?","M","R","B","B",null,"R","$","E","B",null],"character_chosen":"DEFECT","items_purchased":["Frozen Eye","Hologram","Cold Snap","Medical Kit","Hello World"],"campfire_rested":0,"item_purchase_floors":[25,25,54,54,54],"current_hp_per_floor":[64,60,59,59,59,59,59,59,59,59,59,48,48,47,47,46,65,65,53,52,52,52,52,36,36,36,36,2,2,16,16,16,36,62,62,52,52,49,46,46,46,42,42,34,34,34,34,34,34,59,71,71,71,71,58,2],"gold":61,"neow_bonus":"BOSS_RELIC","is_daily":false,"chose_seed":false,"campfire_upgraded":8,"win_rate":0.0,"timestamp":1611012689,"path_taken":["M","?","?","?","?","R","M","R","T","M","M","E","R","E","R","BOSS","M","M","?","M","?","R","?","$","T","?","E","?","?","M","R","BOSS","M","?","M","M","M","R","E","M","T","?","?","?","?","M","R","BOSS","BOSS","R","$","E","BOSS"],"items_purchased_type":["Relic","Card","Card","Relic","Card"],"build_version":"2020-12-22","purchased_purges":2,"victory":true,"max_hp_per_floor":[71,71,71,71,71,71,71,71,71,71,71,71,71,71,71,71,71,71,71,71,71,71,71,71,71,71,71,71,71,71,71,71,71,71,71,71,71,71,71,71,71,71,71,71,71,71,71,71,71,71,71,71,71,71,71,71],"relic_stats":{"Sozu":12,"Nunchaku":[4],"Inserter":[77],"counters":[29,205],"Gambling Chip":[80],"Pantograph":75,"PreservedInsect":137,"Medical Kit":[6],"obtain_stats":[{"Inserter":17,"Vajra":41,"PreservedInsect":28,"Medical Kit":54,"Nuclear Battery":34,"Sozu":0,"Du-Vu Doll":12,"Frozen Eye":25,"Nunchaku":55,"Gambling Chip":9,"Pantograph":26,"Red Mask":20,"Cracked Core":0,"StrikeDummy":29,"InkBottle":14},{"Inserter":9,"Vajra":22,"PreservedInsect":15,"Medical Kit":27,"Nuclear Battery":17,"Sozu":0,"Du-Vu Doll":7,"Frozen Eye":14,"Nunchaku":28,"Gambling Chip":4,"Pantograph":14,"Red Mask":12,"Cracked Core":0,"StrikeDummy":15,"InkBottle":8},{"Inserter":36,"Vajra":106,"PreservedInsect":66,"Medical Kit":183,"Nuclear Battery":81,"Sozu":0,"Du-Vu Doll":22,"Frozen Eye":57,"Nunchaku":191,"Gambling Chip":12,"Pantograph":57,"Red Mask":44,"Cracked Core":0,"StrikeDummy":66,"InkBottle":27}],"InkBottle":[68]},"card_choices":[{"not_picked":["Redo","Streamline"],"picked":"Compile Driver","floor":1},{"not_picked":["Lockon","Coolheaded"],"picked":"Glacier","floor":3},{"not_picked":["White Noise","Leap"],"picked":"Sweeping Beam","floor":5},{"not_picked":["Go for the Eyes","Recycle"],"picked":"Streamline","floor":7},{"not_picked":["Reinforced Body","Sweeping Beam"],"picked":"FTL","floor":10},{"not_picked":["Scrape","Skim"],"picked":"Melter","floor":11},{"not_picked":["Go for the Eyes","FTL"],"picked":"Leap","floor":12},{"not_picked":["Tempest","Steam Power"],"picked":"FTL","floor":14},{"not_picked":["Core Surge","Biased Cognition"],"picked":"Echo Form","floor":16},{"not_picked":["Sweeping Beam","Coolheaded"],"picked":"Consume","floor":18},{"not_picked":["Stack","Recycle"],"picked":"Chill","floor":19},{"not_picked":["Fusion","Coolheaded"],"picked":"Defragment","floor":20},{"not_picked":["Conserve Battery","Sweeping Beam"],"picked":"Compile Driver","floor":21},{"not_picked":["Turbo","Ball Lightning"],"picked":"Skim","floor":24},{"not_picked":["Aggregate","Lockon","Rebound"],"picked":"SKIP","floor":28},{"not_picked":["Amplify","Barrage","Leap"],"picked":"SKIP","floor":31},{"not_picked":["Amplify","Barrage","Leap"],"picked":"SKIP","floor":31},{"not_picked":["Echo Form","Rainbow"],"picked":"Biased Cognition","floor":33},{"not_picked":["Hello World+1","Gash+1"],"picked":"Hologram","floor":35},{"not_picked":["Turbo","Rebound"],"picked":"Coolheaded","floor":37},{"not_picked":["Sweeping Beam","Leap"],"picked":"Compile Driver+1","floor":38},{"not_picked":["Buffer","Coolheaded+1"],"picked":"Barrage+1","floor":39},{"not_picked":["Go for the Eyes","Rebound"],"picked":"Stack+1","floor":41},{"not_picked":["Beam Cell","Sweeping Beam","Genetic Algorithm"],"picked":"SKIP","floor":42},{"not_picked":["Redo","Barrage"],"picked":"Compile Driver","floor":44},{"not_picked":["White Noise","Sweeping Beam"],"picked":"Hologram","floor":48},{"not_picked":["Conserve Battery","Lockon"],"picked":"Go for the Eyes+1","floor":55}],"player_experience":8175761,"relics_obtained":[{"floor":9,"key":"Gambling Chip"},{"floor":12,"key":"Du-Vu Doll"},{"floor":14,"key":"InkBottle"},{"floor":20,"key":"Red Mask"},{"floor":26,"key":"Pantograph"},{"floor":28,"key":"PreservedInsect"},{"floor":41,"key":"Vajra"},{"floor":55,"key":"Nunchaku"}],"event_choices":[{"damage_healed":0,"gold_gain":0,"player_choice":"Bought 0 Potions","damage_taken":0,"max_hp_gain":0,"max_hp_loss":0,"event_name":"The Woman in Blue","floor":2,"gold_loss":0},{"damage_healed":0,"gold_gain":0,"player_choice":"Upgraded","damage_taken":0,"max_hp_gain":0,"max_hp_loss":0,"event_name":"Upgrade Shrine","floor":4,"gold_loss":0,"cards_upgraded":["Zap"]},{"damage_healed":0,"gold_gain":0,"player_choice":"Fought Bandits","damage_taken":0,"max_hp_gain":0,"max_hp_loss":0,"event_name":"Masked Bandits","floor":20,"gold_loss":0},{"damage_healed":0,"gold_gain":0,"player_choice":"Upgraded Two","damage_taken":0,"max_hp_gain":0,"max_hp_loss":0,"event_name":"Designer","floor":22,"gold_loss":50,"cards_upgraded":["Strike_B","Strike_B"]},{"damage_healed":0,"gold_gain":0,"player_choice":"Opened","damage_taken":0,"relics_obtained":["StrikeDummy"],"max_hp_gain":0,"max_hp_loss":0,"event_name":"The Mausoleum","floor":29,"gold_loss":0,"cards_obtained":["Writhe"]},{"damage_healed":14,"gold_gain":0,"player_choice":"Heal","damage_taken":0,"max_hp_gain":0,"max_hp_loss":0,"event_name":"The Library","floor":30,"gold_loss":0},{"damage_healed":0,"gold_gain":0,"player_choice":"Damaged","damage_taken":10,"max_hp_gain":0,"max_hp_loss":0,"event_name":"Wheel of Change","floor":36,"gold_loss":0},{"cards_removed":["Skim"],"damage_healed":0,"gold_gain":0,"player_choice":"Removed Skill","damage_taken":0,"max_hp_gain":0,"max_hp_loss":0,"event_name":"Falling","floor":45,"gold_loss":0},{"damage_healed":0,"gold_gain":0,"player_choice":"Ignored","damage_taken":0,"max_hp_gain":0,"max_hp_loss":0,"event_name":"The Moai Head","floor":46,"gold_loss":0},{"damage_healed":0,"gold_gain":0,"player_choice":"Ignored","damage_taken":0,"max_hp_gain":0,"max_hp_loss":0,"event_name":"WeMeetAgain","floor":47,"gold_loss":0}],"is_beta":false,"boss_relics":[{"not_picked":["Coffee Dripper","SacredBark"],"picked":"Inserter"},{"not_picked":["Black Star","Calling Bell"],"picked":"Nuclear Battery"}],"items_purged_floors":[25,27],"is_endless":false,"potions_floor_spawned":[3,7,11,16,18,24,31,33,37,39,41,55],"ascension_level":20}}