{"host":"prbesmsd58qkujmx","time":1611014297,"event":{"mods":["2.2 Compatiblity","AchievementEnabler","BaseMod","Colored Map","DeckTracker","Highlight Path","Keyboard Shortcuts","Minty Spire (QoL Compilation)","Permanent Neow","Quick Restart","Random Character Button","StSLib","SuperFastMode","everything is the same but u backflip on backflip"],"gold_per_floor":[17,17,34,45,65,65,79,79,130,145,245,260,291,302,302,398,398,416,429,447,372,20,20,20,20],"floor_reached":24,"language":"KOR","playtime":1617,"items_purged":["Strike_P","Strike_P"],"score":202,"play_id":"32bb0cf2-1974-408f-afa0-98a14f6b533e","local_time":"20210119085817","is_ascension_mode":false,"campfire_choices":[{"data":"Eruption","floor":6,"key":"SMITH"},{"data":"Evaluate","floor":8,"key":"SMITH"},{"data":"ClearTheMind","floor":15,"key":"SMITH"},{"data":"Apotheosis","floor":23,"key":"SMITH"}],"circlet_count":0,"master_deck":["Strike_P","Defend_P","Defend_P","Defend_P","Eruption+1","Vigilance","SignatureMove","CutThroughFate","Evaluate+1","Vengeance","Consecrate","ClearTheMind+1","Crescendo","Collect","JustLucky","DeusExMachina","FlurryOfBlows","Vengeance","DeusExMachina","Adaptation","Apotheosis+1"],"relics":["PureWater","Orichalcum","Mercury Hourglass","Runic Dome"],"acts_visited":["Exordium","TheCity"],"potions_floor_usage":[18,24,24],"damage_taken":[{"damage":2,"enemies":"Cultist","floor":1,"turns":3},{"damage":0,"enemies":"2 Louse","floor":3,"turns":2},{"damage":0,"enemies":"Small Slimes","floor":4,"turns":2},{"damage":3,"enemies":"Red Slaver","floor":5,"turns":2},{"damage":2,"enemies":"3 Louse","floor":7,"turns":3},{"damage":0,"enemies":"Large Slime","floor":10,"turns":3},{"damage":1,"enemies":"Blue Slaver","floor":12,"turns":3},{"damage":14,"enemies":"Lagavulin","floor":13,"turns":5},{"damage":6,"enemies":"3 Louse","floor":14,"turns":2},{"damage":8,"enemies":"Slime Boss","floor":16,"turns":5},{"damage":18,"enemies":"2 Thieves","floor":18,"turns":3},{"damage":7,"enemies":"Shell Parasite","floor":19,"turns":5},{"damage":29,"enemies":"Cultist and Chosen","floor":20,"turns":6},{"damage":31,"enemies":"Gremlin Leader","floor":24,"turns":3}],"seed_played":"2506401738254923168","potions_obtained":[{"floor":5,"key":"Regen Potion"},{"floor":7,"key":"SteroidPotion"},{"floor":10,"key":"SpeedPotion"},{"floor":19,"key":"Fire Potion"}],"is_trial":false,"path_per_floor":["M","$","M","M","M","R","M","R","T","M","?","M","E","M","R","B",null,"M","M","M","$","$","R","E"],"character_chosen":"WATCHER","items_purchased":["Adaptation","Apotheosis"],"campfire_rested":0,"item_purchase_floors":[22,22],"current_hp_per_floor":[70,70,70,70,67,67,65,65,65,65,65,64,50,44,44,36,72,59,52,23,23,23,23,0,0],"gold":20,"neow_bonus":"REMOVE_TWO","is_daily":false,"chose_seed":false,"campfire_upgraded":4,"win_rate":0.0,"timestamp":1611014297,"path_taken":["M","$","M","M","M","R","M","R","T","?","?","M","E","M","R","BOSS","M","M","M","?","$","R","E"],"items_purchased_type":["Card","Card"],"build_version":"2020-12-22","purchased_purges":2,"victory":false,"max_hp_per_floor":[72,72,72,72,72,72,72,72,72,72,72,72,72,72,72,72,72,72,72,72,72,72,72,72,72],"card_choices":[{"not_picked":["Halt","BowlingBash"],"picked":"SignatureMove","floor":1},{"not_picked":["PathToVictory","Protect"],"picked":"CutThroughFate","floor":3},{"not_picked":["EmptyFist","Conclude"],"picked":"Evaluate","floor":4},{"not_picked":["LikeWater","Wallop"],"picked":"Vengeance","floor":5},{"not_picked":["WindmillStrike","BowlingBash"],"picked":"Consecrate","floor":7},{"not_picked":["Protect","Swivel"],"picked":"ClearTheMind","floor":10},{"not_picked":["PathToVictory","WheelKick"],"picked":"Crescendo","floor":12},{"not_picked":["Fasting2","FlurryOfBlows"],"picked":"Collect","floor":13},{"not_picked":["EmptyFist","Halt"],"picked":"JustLucky","floor":14},{"not_picked":["MasterReality","Brilliance"],"picked":"DeusExMachina","floor":16},{"not_picked":["FollowUp","Protect"],"picked":"FlurryOfBlows","floor":18},{"not_picked":["Protect+1","WindmillStrike"],"picked":"Vengeance","floor":19},{"not_picked":["WheelKick+1","EmptyFist+1"],"picked":"DeusExMachina","floor":20}],"player_experience":109963,"relics_obtained":[{"floor":9,"key":"Orichalcum"},{"floor":13,"key":"Mercury Hourglass"}],"event_choices":[{"damage_healed":0,"gold_gain":100,"player_choice":"Pray","damage_taken":0,"max_hp_gain":0,"max_hp_loss":0,"event_name":"Golden Shrine","floor":11,"gold_loss":0}],"is_beta":false,"boss_relics":[{"not_picked":["Coffee Dripper","Busted Crown"],"picked":"Runic Dome"}],"items_purged_floors":[21,22],"is_endless":false,"potions_floor_spawned":[5,7,10,13,19],"killed_by":"Gremlin Leader","ascension_level":0}}