{"host":"kiczkwpc36uxnkg8","time":1611001648,"event":{"mods":["AchievementEnabler","Act Like it!","Aspiration","BaseMod","Better Note","Colored Powertips","Conspire","Defective Defect","Energized Spire","GifTheSpireLib","GungeonMod","Hermit","Hubris","Infinite Spire","Koishi","Marisa????????","Minty Spire (QoL Compilation)","Pale of the Ancients","Permanent Neow","Quick Restart","Relic Filter","Remilia??????","Replay The Spire","Spicy Shops","StSLib","Stuff the Spire","The Animator","The Bug Knight","The Kombatant","Uncapped","Wandering Minibosses"],"gold_per_floor":[112,112,37,50,11,45,45,75,99,99,99,99,132,132,132,156,156,259,259,280,140,140,16,16,16,16,38,38,73,73,93,93,107,107,219,219,235,235,235,287,287,316,316,358,383,404,5,35,35,35,35,53,53,53],"floor_reached":53,"language":"ENG","playtime":2288,"items_purged":["Strike_B","Strike_B","Strike_B","Thunder Strike"],"score":1159,"play_id":"30e17edb-7ed1-4046-88e7-2f7d63971b80","local_time":"20210118202728","is_ascension_mode":true,"campfire_choices":[{"data":"aspiration:Polymerization","floor":7.0,"key":"SMITH"},{"floor":14.0,"key":"REST"},{"floor":17.0,"key":"DIG"},{"floor":25.0,"key":"REST"},{"floor":32.0,"key":"REST"},{"floor":34.0,"key":"REST"},{"floor":43.0,"key":"REST"},{"floor":49.0,"key":"REST"},{"data":"Zap","floor":51.0,"key":"SMITH"}],"circlet_count":0,"master_deck":["Strike_B+1","Defend_B","Defend_B","Defend_B+1","Zap+1","Dualcast","aspiration:Polymerization+1","Capacitor","Tempest","Defragment+1","Barrage","hubris:Ukulele","BootSequence","StuffTheSpire:Ambrosia","Leap","Static Discharge+1","Redo","Panic Button+1","Crystallizer","Hologram+1","infinitespire:Starlight","StuffTheSpire:Synthwave+1","infinitespire:Menacing","BasicCrystalCard","Conserve Battery+1","Electrodynamics","StuffTheSpire:Plugnplay","Leap"],"relics":["Cracked Core","aspiration:Nostalgia","ScarletHat","Simple Rune","Replay:Bottled Eggs","Replay:Bandana","hubris:RGBLights","aspiration:FaultyCoupler","Replay:Ringing Soul","Ring of Chaos","Smiling Mask","Omamori","aspiration:BursterCore","Incense Burner","infinitespire:Golems Mask","Garlic","hubris:ToyBattleship","Ancient Tea Set","Toy Ornithopter","infinitespire:Midas Blood","wanderingMiniBosses:AbyssPearl","paleoftheancients:Timepiece","paleoftheancients:KeyRelic","Sozu","Letter Opener"],"acts_visited":["Exordium","TheCity","TheBeyond","paleoftheancients:PaleOfTheAncients"],"potions_floor_usage":[],"damage_taken":[{"damage":0.0,"enemies":"2 Louse","floor":1.0,"turns":2.0},{"damage":7.0,"enemies":"Small Slimes","floor":4.0,"turns":7.0},{"damage":9.0,"enemies":"Lagavulin","floor":6.0,"turns":7.0},{"damage":0.0,"enemies":"Replay:BlueRogue","floor":8.0,"turns":5.0},{"damage":19.0,"enemies":"3 Sentries","floor":13.0,"turns":3.0},{"damage":2.0,"enemies":"Jaw Worm","floor":16.0,"turns":2.0},{"damage":0.0,"enemies":"Slime Boss","floor":18.0,"turns":3.0},{"damage":19.0,"enemies":"Chosen","floor":20.0,"turns":6.0},{"damage":16.0,"enemies":"2 Thieves","floor":27.0,"turns":5.0},{"damage":16.0,"enemies":"HollowMod:Nosk","floor":29.0,"turns":6.0},{"damage":27.0,"enemies":"Snake Plant","floor":31.0,"turns":6.0},{"damage":25.0,"enemies":"3 Cultists","floor":33.0,"turns":5.0},{"damage":24.0,"enemies":"Champ","floor":35.0,"turns":8.0},{"damage":27.0,"enemies":"3 Darklings","floor":37.0,"turns":5.0},{"damage":37.0,"enemies":"Mind Bloom Boss Battle","floor":40.0,"turns":8.0},{"damage":55.0,"enemies":"Nightmare","floor":42.0,"turns":6.0},{"damage":39.0,"enemies":"Nemesis","floor":44.0,"turns":5.0},{"damage":0.0,"enemies":"3 Shapes","floor":46.0,"turns":6.0},{"damage":27.0,"enemies":"Writhing Mass","floor":48.0,"turns":4.0},{"damage":61.0,"enemies":"Awakened One","floor":52.0,"turns":9.0},{"damage":0,"enemies":"Awakened One","floor":53,"turns":1}],"seed_played":"-6015727401768085064","potions_obtained":[{"floor":6.0,"key":"SteroidPotion"},{"floor":16.0,"key":"DistilledChaos"},{"floor":20.0,"key":"Swift Potion"},{"floor":35.0,"key":"SkillPotion"},{"floor":40.0,"key":"Reflective Coating"},{"floor":42.0,"key":"Strength Potion"},{"floor":46.0,"key":"AttackPotion"},{"floor":48.0,"key":"Languid Potion"}],"is_trial":false,"path_per_floor":["M","?","$","M","$","E","R","E","T","PTL","PTL","?","E","R","?","M","R","B",null,"M","?","?","$","?","R","$","M","T","E","?","M","R","M","R","B",null,"M","AVR","?","?","?","NM","R","E","T","M","$","M","R","?","R","B","M"],"character_chosen":"DEFECT","items_purchased":["Capacitor","Defragment","Leap","Toy Ornithopter","StuffTheSpire:Plugnplay","infinitespire:Midas Blood"],"campfire_rested":6,"item_purchase_floors":[3,5,23,47,47,47],"current_hp_per_floor":[68,68,68,61,61,52,52,52,52,52,52,52,33,55,55,53,53,53,70,51,54,54,57,42,67,67,55,55,43,43,20,49,28,58,38,89,66,69,69,46,46,5,41,16,16,30,33,20,60,119,119,109,110,110],"gold":53,"neow_bonus":"NOSTALGIA","is_daily":false,"chose_seed":false,"campfire_upgraded":2,"win_rate":0.0,"timestamp":1611001648,"path_taken":["M","?","$","M","$","E","R","E","T","PTL","PTL","?","E","R","?","M","R","BOSS","M","?","?","$","?","R","?","M","T","E","?","?","R","M","R","BOSS","M","AVR","?","?","?","NM","R","E","T","?","?","M","R","?","R","BOSS","M"],"items_purchased_type":["Card","Card","Card","Relic","Card","Relic"],"build_version":"2020-12-22","purchased_purges":4,"victory":false,"max_hp_per_floor":[75,75,75,75,75,75,75,75,75,75,75,75,75,75,75,75,75,75,75,75,78,78,81,86,86,86,90,90,94,94,98,98,102,102,106,106,110,113,113,117,117,121,121,125,125,129,132,136,136,119,119,120,121,121],"card_choices":[{"not_picked":["Cold Snap","Panic Button"],"picked":"aspiration:Polymerization","floor":1.0},{"not_picked":["Sweeping Beam","Streamline"],"picked":"Tempest","floor":4.0},{"not_picked":["Heatsinks","conspire:Rain"],"picked":"Barrage","floor":6.0},{"not_picked":["Stack","Aggregate"],"picked":"hubris:Ukulele","floor":8.0},{"not_picked":["ReplayTheSpireMod:GoodbyeWorld","FTL","ReplayTheSpireMod:Omega Cannon"],"picked":"SKIP","floor":13.0},{"not_picked":["Hologram","BasicCrystalCard"],"picked":"BootSequence","floor":16.0},{"not_picked":["BasicCrystalCard","Cold Snap","StuffTheSpire:NuclearReactor"],"picked":"SKIP","floor":20.0},{"not_picked":["StuffTheSpire:NuclearReactor+1","Go for the Eyes"],"picked":"Static Discharge","floor":27.0},{"not_picked":["Multi-Cast","White Noise"],"picked":"Redo","floor":29.0},{"not_picked":["Hologram","Beam Cell"],"picked":"Panic Button+1","floor":31.0},{"not_picked":["Coolheaded","Leap"],"picked":"Crystallizer","floor":33.0},{"not_picked":["Hyperbeam","hubris:DoWhile"],"picked":"Thunder Strike","floor":35.0},{"not_picked":["Cold Snap","Gash"],"picked":"Hologram+1","floor":37.0},{"not_picked":["Redo","Reinforced Body+1"],"picked":"StuffTheSpire:Synthwave+1","floor":40.0},{"not_picked":["ReplayTheSpireMod:Haul","infinitespire:Execution"],"picked":"infinitespire:Menacing","floor":42.0},{"not_picked":["FIFO Queue+1","Barrage"],"picked":"BasicCrystalCard","floor":42.0},{"not_picked":["conspire:SharedLibrary","Scrape"],"picked":"Conserve Battery+1","floor":44.0},{"not_picked":["ReplaySolidLightProjector","Loop"],"picked":"Electrodynamics","floor":46.0},{"not_picked":["Conserve Battery","ReplaySolidLightProjector+1"],"picked":"Leap","floor":48.0}],"player_experience":766394,"relics_obtained":[{"floor":6.0,"key":"Simple Rune"},{"floor":8.0,"key":"Replay:Bottled Eggs"},{"floor":9.0,"key":"Replay:Bandana"},{"floor":12.0,"key":"hubris:RGBLights"},{"floor":13.0,"key":"aspiration:FaultyCoupler"},{"floor":17.0,"key":"Replay:Ringing Soul"},{"floor":28.0,"key":"Smiling Mask"},{"floor":29.0,"key":"Omamori"},{"floor":40.0,"key":"infinitespire:Golems Mask"},{"floor":42.0,"key":"Garlic"},{"floor":44.0,"key":"hubris:ToyBattleship"},{"floor":45.0,"key":"Ancient Tea Set"},{"floor":48.0,"key":"wanderingMiniBosses:AbyssPearl"}],"event_choices":[{"damage_healed":0.0,"max_hp_gain":0.0,"max_hp_loss":0.0,"gold_gain":0.0,"event_name":"conspire:Investor","player_choice":"Leave","floor":22.0,"gold_loss":0.0,"damage_taken":0.0},{"damage_healed":0.0,"max_hp_gain":5.0,"max_hp_loss":0.0,"gold_gain":0.0,"event_name":"Forgotten Altar","player_choice":"Shed Blood","floor":24.0,"gold_loss":0.0,"damage_taken":20.0},{"damage_healed":0.0,"max_hp_gain":0.0,"max_hp_loss":0.0,"gold_gain":0.0,"event_name":"Vampires","player_choice":"Ignored","floor":30.0,"gold_loss":0.0,"damage_taken":0.0},{"damage_healed":0.0,"max_hp_gain":0.0,"max_hp_loss":0.0,"gold_gain":0.0,"event_name":"Tomb of Lord Red Mask","player_choice":"Ignored","floor":39.0,"gold_loss":0.0,"damage_taken":0.0},{"damage_healed":0.0,"max_hp_gain":0.0,"max_hp_loss":0.0,"gold_gain":0.0,"event_name":"MindBloom","player_choice":"Fight","floor":40.0,"gold_loss":0.0,"damage_taken":0.0},{"damage_healed":0.0,"max_hp_gain":0.0,"max_hp_loss":0.0,"gold_gain":0.0,"event_name":"Upgrade Shrine","player_choice":"Upgraded","floor":41.0,"gold_loss":0.0,"damage_taken":0.0,"cards_upgraded":["Static Discharge"]},{"damage_healed":119.0,"max_hp_gain":0.0,"max_hp_loss":17.0,"gold_gain":0.0,"event_name":"The Moai Head","player_choice":"Heal","floor":50.0,"gold_loss":0.0,"damage_taken":0.0}],"is_beta":false,"boss_relics":[{"not_picked":["aspiration:IroncladSkillbook","Sozu"],"picked":"Ring of Chaos"},{"not_picked":["hubris:ScarierMask","ReplayTheSpireMod:SealedPack"],"picked":"aspiration:BursterCore"}],"items_purged_floors":[23,38,47,47],"is_endless":false,"potions_floor_spawned":[6,16,20,35,40,42,46,48],"killed_by":"Awakened One","ascension_level":6}}