{"host":"flnqt0m1a2s83kg7","time":1611013864,"event":{"mods":["AchievementEnabler","Act Like it!","BaseMod","Better Third Choice","Downfall","Hermit","Minty Spire (QoL Compilation)","Rare Cards Sparkle","StSLib","The Alterego","The Servant 0.9.4","WarShipGirlsR/????R mod"],"gold_per_floor":[112,62,79,90,107,136,136,155,178,178,178,222,234,264,276,288,288],"floor_reached":16,"language":"ENG","playtime":855,"items_purged":[],"score":137,"play_id":"4a5dc855-e3fb-4e88-bb19-7bcac321c39f","local_time":"20210118165104","is_ascension_mode":false,"campfire_choices":[{"floor":7,"key":"REST"},{"floor":10,"key":"RECALL"},{"floor":15,"key":"REST"}],"circlet_count":0,"master_deck":["alterego_mod:Strike","alterego_mod:Strike","alterego_mod:Strike","alterego_mod:Strike","alterego_mod:Defend","alterego_mod:Defend","alterego_mod:Defend","alterego_mod:Impale","alterego_mod:BigMeatyClaws","alterego_mod:BrynhildrsRune","alterego_mod:TrashNCrash","alterego_mod:BusterCard","alterego_mod:1TonWallop","alterego_mod:RocketPunch","alterego_mod:Belts","alterego_mod:BiFurious","Regret","alterego_mod:ClassAdvantage","alterego_mod:BiFurious"],"relics":["alterego_mod:MasochisticConstitution","Darkstone Periapt","MawBank","Boot"],"acts_visited":["Exordium"],"potions_floor_usage":[6,16,16],"damage_taken":[{"damage":1,"enemies":"Jaw Worm","floor":1,"turns":5},{"damage":14,"enemies":"2 Louse","floor":3,"turns":3},{"damage":15,"enemies":"Cultist","floor":4,"turns":4},{"damage":4,"enemies":"Gremlin Gang","floor":5,"turns":1},{"damage":21,"enemies":"3 Sentries","floor":6,"turns":4},{"damage":11,"enemies":"Lots of Slimes","floor":8,"turns":2},{"damage":25,"enemies":"Lagavulin","floor":12,"turns":6},{"damage":5,"enemies":"Exordium Wildlife","floor":14,"turns":3},{"damage":58,"enemies":"Hexaghost","floor":16,"turns":3}],"seed_played":"-3034089208496201557","potions_obtained":[{"floor":3,"key":"Ancient Potion"},{"floor":5,"key":"EssenceOfSteel"},{"floor":8,"key":"Dexterity Potion"}],"is_trial":false,"path_per_floor":["M","?","M","M","M","E","R","M","T","R","?","E","?","M","R","B"],"character_chosen":"The_Alterego","items_purchased":[],"campfire_rested":2,"item_purchase_floors":[],"current_hp_per_floor":[77,77,64,50,47,27,51,62,62,62,68,44,35,31,58,0,0],"gold":288,"neow_bonus":"TEN_PERCENT_HP_BONUS","is_daily":false,"chose_seed":false,"campfire_upgraded":0,"win_rate":0.0,"timestamp":1611013864,"path_taken":["M","?","M","M","M","E","R","M","T","R","?","E","?","M","R","BOSS"],"items_purchased_type":[],"build_version":"2020-12-22","purchased_purges":0,"victory":false,"max_hp_per_floor":[78,78,79,80,81,82,82,83,83,83,89,90,90,91,91,91,91],"card_choices":[{"not_picked":["alterego_mod:MagicResistance","alterego_mod:1TonWallop"],"picked":"alterego_mod:TrashNCrash","floor":1},{"not_picked":["alterego_mod:RidiculouslyBig","alterego_mod:Complex"],"picked":"alterego_mod:BusterCard","floor":3},{"not_picked":["alterego_mod:Undulate","alterego_mod:DustData"],"picked":"alterego_mod:1TonWallop","floor":4},{"not_picked":["alterego_mod:Clap","alterego_mod:TrashNCrash"],"picked":"alterego_mod:RocketPunch","floor":5},{"not_picked":["alterego_mod:TrashNCrash","alterego_mod:Maid"],"picked":"alterego_mod:Belts","floor":6},{"not_picked":["alterego_mod:Clap","alterego_mod:Maid"],"picked":"alterego_mod:BiFurious","floor":8},{"not_picked":["alterego_mod:Undulate","alterego_mod:BiFurious"],"picked":"alterego_mod:ClassAdvantage","floor":12},{"not_picked":["alterego_mod:DiscoLights","alterego_mod:Punishment"],"picked":"alterego_mod:BiFurious","floor":14}],"player_experience":39803,"relics_obtained":[{"floor":6,"key":"Darkstone Periapt"},{"floor":12,"key":"Boot"}],"event_choices":[{"cards_removed":["alterego_mod:Defend"],"damage_healed":0,"gold_gain":0,"player_choice":"Card Removal","damage_taken":0,"max_hp_gain":0,"max_hp_loss":0,"event_name":"The Cleric","floor":2,"gold_loss":50},{"damage_healed":0,"gold_gain":0,"player_choice":"Box","damage_taken":0,"relics_obtained":["MawBank"],"max_hp_gain":0,"max_hp_loss":0,"event_name":"Big Fish","floor":11,"gold_loss":0,"cards_obtained":["Regret"]},{"damage_healed":0,"gold_gain":0,"player_choice":"Damaged","damage_taken":9,"max_hp_gain":0,"max_hp_loss":0,"event_name":"Wheel of Change","floor":13,"gold_loss":0}],"is_beta":false,"boss_relics":[],"items_purged_floors":[],"is_endless":false,"potions_floor_spawned":[3,5,8],"killed_by":"Hexaghost","ascension_level":0}}