{"host":"oigynbtg272c19pw","time":1611001882,"event":{"mods":["BaseMod","Colored Map","Minty Spire (QoL Compilation)","Relic Stats","Slay the Relics Exporter","StSLib"],"gold_per_floor":[112,131,150,162,237,237,271,271,271,271,304,304,384,55,55,55,55],"floor_reached":16,"playtime":674,"items_purged":["Strike_R"],"score":216,"play_id":"6fc078a9-0c38-4bc4-9eb9-35fe3c4018c6","local_time":"20210118213122","is_ascension_mode":true,"campfire_choices":[{"data":"Feel No Pain","floor":6,"key":"SMITH"},{"data":"Disarm","floor":8,"key":"SMITH"},{"data":"Seeing Red","floor":10,"key":"SMITH"},{"data":"True Grit","floor":15,"key":"SMITH"}],"circlet_count":0,"master_deck":["AscendersBane","Strike_R","Strike_R","Strike_R","Strike_R","Defend_R","Defend_R","Defend_R","Defend_R","Bash","Seeing Red+1","Battle Trance","Feel No Pain+1","Disarm+1","Burning Pact","Shrug It Off","Dark Embrace","Second Wind","Uppercut","True Grit+1"],"relics":["Burning Blood","MealTicket","Bronze Scales","HornCleat","CaptainsWheel","Matryoshka"],"acts_visited":["Exordium"],"potions_floor_usage":[3,11,16],"damage_taken":[{"damage":7,"enemies":"Cultist","floor":1,"turns":4},{"damage":9,"enemies":"Small Slimes","floor":2,"turns":4},{"damage":3,"enemies":"2 Louse","floor":3,"turns":3},{"damage":16,"enemies":"Blue Slaver","floor":4,"turns":5},{"damage":15,"enemies":"3 Sentries","floor":7,"turns":15},{"damage":28,"enemies":"Gremlin Nob","floor":11,"turns":4},{"damage":28,"enemies":"Slime Boss","floor":16,"turns":12}],"seed_played":"5910741136169404860","potions_obtained":[{"floor":1,"key":"Swift Potion"},{"floor":2,"key":"SpeedPotion"},{"floor":7,"key":"Fire Potion"}],"is_trial":false,"path_per_floor":["M","M","M","M","?","R","E","R","T","R","E","?","T","$","R","B"],"character_chosen":"IRONCLAD","items_purchased":["Dark Embrace","Second Wind","Uppercut","True Grit"],"campfire_rested":0,"item_purchase_floors":[14,14,14,14],"current_hp_per_floor":[67,64,67,57,46,46,37,37,37,37,15,15,15,30,30,2,2],"gold":55,"neow_bonus":"RANDOM_COMMON_RELIC","is_daily":false,"chose_seed":false,"campfire_upgraded":4,"win_rate":0.0,"timestamp":1611001882,"path_taken":["M","?","M","M","?","R","E","R","T","R","E","?","?","?","R","BOSS"],"items_purchased_type":["Card","Card","Card","Card"],"build_version":"2020-12-13","purchased_purges":1,"victory":false,"max_hp_per_floor":[75,75,75,75,75,75,75,75,75,75,75,75,75,75,75,75,75],"relic_stats":{"counters":[7,47],"Bronze Scales":[27],"MealTicket":15,"obtain_stats":[{"CaptainsWheel":11,"HornCleat":9,"Matryoshka":13,"Bronze Scales":7,"MealTicket":0,"Burning Blood":0},{"CaptainsWheel":6,"HornCleat":5,"Matryoshka":6,"Bronze Scales":5,"MealTicket":0,"Burning Blood":0},{"CaptainsWheel":35,"HornCleat":31,"Matryoshka":35,"Bronze Scales":31,"MealTicket":0,"Burning Blood":0}],"Burning Blood":36},"card_choices":[{"not_picked":["Dual Wield","Twin Strike"],"picked":"Seeing Red","floor":1},{"not_picked":["Blood for Blood","Shockwave"],"picked":"Battle Trance","floor":2},{"not_picked":["Thunderclap","Havoc"],"picked":"Feel No Pain","floor":3},{"not_picked":["Shrug It Off","Flex"],"picked":"Disarm","floor":4},{"not_picked":["Rampage","Metallicize"],"picked":"Burning Pact","floor":7},{"not_picked":["Clash","Cleave"],"picked":"Shrug It Off","floor":11}],"player_experience":1435511,"relics_obtained":[{"floor":7,"key":"Bronze Scales"},{"floor":9,"key":"HornCleat"},{"floor":11,"key":"CaptainsWheel"},{"floor":13,"key":"Matryoshka"}],"event_choices":[{"damage_healed":0,"gold_gain":75,"player_choice":"Gather Gold","damage_taken":11,"max_hp_gain":0,"max_hp_loss":0,"event_name":"World of Goop","floor":5,"gold_loss":0},{"damage_healed":0,"gold_gain":0,"player_choice":"Ignored","damage_taken":0,"max_hp_gain":0,"max_hp_loss":0,"event_name":"Shining Light","floor":12,"gold_loss":0}],"is_beta":false,"boss_relics":[],"items_purged_floors":[14],"is_endless":false,"potions_floor_spawned":[1,2,7],"killed_by":"Slime Boss","ascension_level":20}}