{"host":"njruw0b0uprlitpx","time":1611011061,"event":{"mods":["2.2 Compatiblity","BaseMod","Better Altar","Better Match","Better Note","Better Sensory Stone","Better Skull","Better Third Choice","BetterRewards","Block Reminder","Colored Map","Colored Powertips","Downfall","Energized Spire","Jedi Mod","Keyboard Shortcuts","Minty Spire (QoL Compilation)","Quick Restart","Rare Cards Sparkle","Relic Stats","SacredBarkPlus","Spicy Shops","StSLib","SuperFastMode"],"gold_per_floor":[99,99,29,29,29,58,132,142,142,42,27,57,57,232,250,354,354,254,254,254,267,28,28,28,41,59,59,21,21,21,54,70,170,170,170,170,185,185,33,33,33,53,53,53,80,97,97,113,131,131],"floor_reached":51,"language":"ENG","playtime":2612,"items_purged":[],"score":797,"play_id":"596e0966-e512-4854-a14e-eb057415f715","local_time":"20210118170421","is_ascension_mode":false,"campfire_choices":[{"data":"1","floor":10.0,"key":"LIFT"},{"data":"2","floor":13.0,"key":"LIFT"},{"data":"3","floor":18.0,"key":"LIFT"},{"data":"sneckomod:CheapStock","floor":27.0,"key":"SMITH"},{"floor":30.0,"key":"REST"},{"data":"expansioncontent:StudyTheSpire","floor":35.0,"key":"SMITH"},{"data":"expansioncontent:LastStand","floor":40.0,"key":"SMITH"},{"floor":44.0,"key":"REST"},{"floor":47.0,"key":"REST"}],"circlet_count":0,"master_deck":["sneckomod:Strike","sneckomod:Strike","sneckomod:Defend","sneckomod:Defend","sneckomod:Defend","sneckomod:TailWhip","sneckomod:SnekBite","sneckomod:Unknown","bronze:Format","expansioncontent:QuickStudy+1","sneckomod:SnakeSap","sneckomod:SlitherStrike+1","sneckomod:UnknownVulnerable","sneckomod:UnknownCommonAttack","sneckomod:Cheat+1","sneckomod:UnknownBoss","sneckomod:UnknownUncommonPower","sneckomod:UnknownRareSkill+1","downfall:Bewildered","sneckomod:SerpentIdol+1","sneckomod:CheapStock+1","SpiritShield","downfall:Bewildered","sneckomod:UnknownDraw","sneckomod:UnendingSupply","expansioncontent:StudyTheSpire+1","sneckomod:UnknownUncommonSkill","sneckomod:SnakeSap+1","sneckomod:UnknownRareAttack","sneckomod:UnknownDexterity","expansioncontent:YouAreMine","expansioncontent:Chronoboost","expansioncontent:LastStand+1","jedi:frostbite","sneckomod:TrashToTreasure","sneckomod:RainOfDice","sneckomod:SoulCleanse","sneckomod:UnknownRareAttack","sneckomod:UnknownStrength+1","sneckomod:SoulDraw"],"relics":["sneckomod:SneckoSoul","downfall:HeartsMalice","Girya","Letter Opener","Gremlin Horn","downfall:HeartBlessingBlue","InkBottle","Cursed Key","downfall:HeartBlessingGreen","sneckomod:BabySnecko","PreservedInsect","Lizard Tail","War Paint","Sozu","Lantern","Nunchaku","Pocketwatch"],"acts_visited":["Exordium","TheCity","TheBeyond"],"potions_floor_usage":[],"damage_taken":[{"damage":0.0,"enemies":"downfall:FleeingMerchant","floor":3.0,"turns":1.0},{"damage":0.0,"enemies":"Small Slimes","floor":4.0,"turns":1.0},{"damage":0.0,"enemies":"Lagavulin","floor":6.0,"turns":1.0},{"damage":0.0,"enemies":"Cultist","floor":8.0,"turns":2.0},{"damage":0.0,"enemies":"downfall:FleeingMerchant","floor":11.0,"turns":4.0},{"damage":19.0,"enemies":"Gremlin Nob","floor":12.0,"turns":4.0},{"damage":6.0,"enemies":"Jaw Worm","floor":15.0,"turns":2.0},{"damage":34.0,"enemies":"WA_ARCHETYPE_RETAIN","floor":16.0,"turns":4.0},{"damage":10.0,"enemies":"Spheric Guardian","floor":21.0,"turns":3.0},{"damage":24.0,"enemies":"downfall:FleeingMerchant","floor":22.0,"turns":4.0},{"damage":0.0,"enemies":"3 Byrds","floor":25.0,"turns":4.0},{"damage":6.0,"enemies":"Centurion and Healer","floor":26.0,"turns":2.0},{"damage":0.0,"enemies":"downfall:FleeingMerchant","floor":28.0,"turns":1.0},{"damage":12.0,"enemies":"Book of Stabbing","floor":31.0,"turns":5.0},{"damage":15.0,"enemies":"Snake Plant","floor":32.0,"turns":4.0},{"damage":34.0,"enemies":"IC_MUSHROOM_ARCHETYPE","floor":33.0,"turns":5.0},{"damage":4.0,"enemies":"Orb Walker","floor":37.0,"turns":3.0},{"damage":35.0,"enemies":"3 Darklings","floor":42.0,"turns":3.0},{"damage":16.0,"enemies":"Reptomancer","floor":45.0,"turns":3.0},{"damage":17.0,"enemies":"Spire Growth","floor":46.0,"turns":5.0},{"damage":7.0,"enemies":"Transient","floor":48.0,"turns":5.0},{"damage":24.0,"enemies":"Sphere and 2 Shapes","floor":49.0,"turns":3.0},{"damage":61,"enemies":"SI_POISON_ARCHETYPE","floor":50,"turns":10}],"seed_played":"-1845752920159045588","potions_obtained":[{"floor":6.0,"key":"GamblersBrew"},{"floor":8.0,"key":"FairyPotion"},{"floor":15.0,"key":"LiquidMemories"},{"floor":16.0,"key":"Weak Potion"}],"is_trial":false,"path_per_floor":["R","?","$","M","?","E","T","M","T","R","$","E","R","?","M","B",null,"R","?","?","M","$","R","T","M","M","R","$","?","R","E","M","B",null,"R","?","M","?","$","R","T","M","?","R","E","M","R","M","M","B",null],"character_chosen":"THE_SNECKO","items_purchased":["Girya","sneckomod:CheapStock","PreservedInsect","sneckomod:UnendingSupply","expansioncontent:StudyTheSpire","Lantern"],"campfire_rested":3,"item_purchase_floors":[3,22,22,28,28,39],"current_hp_per_floor":[90,90,90,90,95,95,95,95,95,105,105,86,86,86,80,46,105,105,105,105,95,71,71,71,71,65,65,65,57,88,76,61,27,105,105,105,101,91,91,91,91,56,56,87,71,54,85,78,54,3],"gold":131,"neow_bonus":"THREE_ENEMY_KILL","is_daily":false,"chose_seed":false,"campfire_upgraded":3,"win_rate":0.0,"timestamp":1611011061,"path_taken":["R","?","$","?","?","E","T","M","?","R","$","E","R","?","M","BOSS","R","?","?","M","?","R","T","?","M","R","$","?","R","E","M","BOSS","R","?","M","?","$","R","T","M","?","R","E","M","R","M","M","BOSS"],"items_purchased_type":["Relic","Card","Relic","Card","Card","Relic"],"build_version":"2020-12-22","purchased_purges":0,"victory":true,"max_hp_per_floor":[90,90,90,90,95,95,95,95,95,105,105,105,105,105,105,105,105,105,105,105,105,105,105,105,105,105,105,105,105,105,105,105,105,105,105,105,105,105,105,105,105,105,105,105,105,105,105,105,105,105],"relic_stats":{"Sozu":4,"Lizard Tail":0,"Nunchaku":[5],"Gremlin Horn":[10,10],"counters":[23,76],"PreservedInsect":99,"Letter Opener":[143],"War Paint":["sneckomod:Cheat","sneckomod:UnknownRareSkill"],"Cursed Key":2,"obtain_stats":[{"Girya":3,"Lantern":39,"Gremlin Horn":9,"downfall:HeartsMalice":0,"downfall:HeartBlessingGreen":18,"PreservedInsect":22,"Letter Opener":6,"War Paint":31,"sneckomod:SneckoSoul":0,"Cursed Key":17,"Sozu":34,"sneckomod:BabySnecko":19,"Lizard Tail":24,"Nunchaku":41,"downfall:HeartBlessingBlue":10,"InkBottle":12,"Pocketwatch":45},{"Girya":1,"Lantern":17,"Gremlin Horn":4,"downfall:HeartsMalice":0,"downfall:HeartBlessingGreen":8,"PreservedInsect":10,"Letter Opener":3,"War Paint":14,"sneckomod:SneckoSoul":0,"Cursed Key":8,"Sozu":16,"sneckomod:BabySnecko":8,"Lizard Tail":10,"Nunchaku":17,"downfall:HeartBlessingBlue":4,"InkBottle":6,"Pocketwatch":19},{"Girya":0,"Lantern":47,"Gremlin Horn":2,"downfall:HeartsMalice":0,"downfall:HeartBlessingGreen":16,"PreservedInsect":23,"Letter Opener":0,"War Paint":35,"sneckomod:SneckoSoul":0,"Cursed Key":16,"Sozu":44,"sneckomod:BabySnecko":16,"Lizard Tail":23,"Nunchaku":47,"downfall:HeartBlessingBlue":2,"InkBottle":10,"Pocketwatch":53}],"InkBottle":[30],"Pocketwatch":[2]},"card_choices":[{"not_picked":["sneckomod:QuickMove","sneckomod:RainOfDice"],"picked":"sneckomod:SnakeSap","floor":3.0},{"not_picked":["sneckomod:UnknownBlock","sneckomod:UnknownCommonSkill"],"picked":"sneckomod:SlitherStrike","floor":4.0},{"not_picked":["sneckomod:WideSting","sneckomod:DefensiveFlair"],"picked":"sneckomod:UnknownVulnerable","floor":6.0},{"not_picked":["sneckomod:UnknownX","sneckomod:WideSting"],"picked":"sneckomod:UnknownCommonAttack","floor":8.0},{"not_picked":["sneckomod:Unknown3Cost","sneckomod:QuickBite"],"picked":"sneckomod:Cheat","floor":11.0},{"not_picked":["sneckomod:QuickMove","sneckomod:UnknownCommonAttack"],"picked":"sneckomod:UnknownBoss","floor":12.0},{"not_picked":["sneckomod:QuickBite","sneckomod:UnknownUncommonSkill"],"picked":"sneckomod:UnknownUncommonPower","floor":15.0},{"not_picked":["sneckomod:GlitteringGambit","sneckomod:SoulExchange"],"picked":"sneckomod:UnknownRareSkill","floor":16.0},{"not_picked":["sneckomod:UnknownCommonSkill","sneckomod:WideSting+1"],"picked":"sneckomod:SerpentIdol+1","floor":21.0},{"not_picked":["sneckomod:UnknownCommonSkill","sneckomod:UnknownCommonAttack"],"picked":"sneckomod:UnknownBlock","floor":22.0},{"not_picked":["sneckomod:QuickMove","sneckomod:QuickBite"],"picked":"sneckomod:UnknownDraw","floor":25.0},{"not_picked":["sneckomod:RainOfDice","sneckomod:Nope","sneckomod:UnknownCommonAttack"],"picked":"SKIP","floor":26.0},{"not_picked":["sneckomod:Unknown1Cost","sneckomod:DefensiveFlair","sneckomod:UnknownDraw+1"],"picked":"SKIP","floor":28.0},{"not_picked":["sneckomod:QuickBite+1","sneckomod:IronFang"],"picked":"sneckomod:UnknownUncommonSkill","floor":31.0},{"not_picked":["sneckomod:MorePower","sneckomod:DefensiveFlair+1"],"picked":"sneckomod:SnakeSap+1","floor":32.0},{"not_picked":["sneckomod:UnknownRareSkill","sneckomod:Unknown3Cost"],"picked":"sneckomod:UnknownRareAttack","floor":33.0},{"not_picked":["sneckomod:ImprovisedAttack","sneckomod:UnknownCommonSkill"],"picked":"sneckomod:UnknownDexterity","floor":37.0},{"not_picked":["expansioncontent:Hexaburn","expansioncontent:HyperBeam"],"picked":"expansioncontent:YouAreMine","floor":38.0},{"not_picked":["expansioncontent:HyperBeam","expansioncontent:PrepareCrush"],"picked":"expansioncontent:Chronoboost","floor":38.0},{"not_picked":["expansioncontent:YouAreMine","expansioncontent:PolyBeam"],"picked":"expansioncontent:LastStand","floor":38.0},{"not_picked":["sneckomod:Unknown1Cost","sneckomod:UnknownDraw"],"picked":"sneckomod:TrashToTreasure","floor":42.0},{"not_picked":["sneckomod:Nope+1","sneckomod:UnknownDraw+1"],"picked":"sneckomod:SoulCleanse","floor":45.0},{"not_picked":["sneckomod:UnknownCommonAttack","sneckomod:QuickBite+1"],"picked":"sneckomod:UnknownRareAttack","floor":46.0},{"not_picked":["sneckomod:UnknownExhaust+1","sneckomod:UnknownDraw+1"],"picked":"sneckomod:UnknownStrength+1","floor":48.0},{"not_picked":["sneckomod:QuickBite","sneckomod:RainOfDice+1"],"picked":"sneckomod:SoulDraw","floor":49.0}],"player_experience":1478074,"relics_obtained":[{"floor":6.0,"key":"Letter Opener"},{"floor":9.0,"key":"Gremlin Horn"},{"floor":12.0,"key":"InkBottle"},{"floor":24.0,"key":"Lizard Tail"},{"floor":31.0,"key":"War Paint"},{"floor":41.0,"key":"Nunchaku"},{"floor":45.0,"key":"Pocketwatch"}],"event_choices":[{"cards_removed":["bronze:Format"],"damage_healed":0.0,"max_hp_gain":0.0,"max_hp_loss":0.0,"gold_gain":0.0,"event_name":"betterNote:BetterNote","player_choice":"Take \u0026 Give","floor":2.0,"gold_loss":0.0,"damage_taken":0.0,"cards_obtained":["expansioncontent:QuickStudy"]},{"damage_healed":0.0,"max_hp_gain":5.0,"max_hp_loss":0.0,"gold_gain":0.0,"event_name":"Big Fish","player_choice":"Donut","floor":5.0,"gold_loss":0.0,"damage_taken":0.0},{"damage_healed":0.0,"max_hp_gain":0.0,"max_hp_loss":0.0,"gold_gain":0.0,"event_name":"Vampires","player_choice":"Ignored","floor":20.0,"gold_loss":0.0,"damage_taken":0.0}],"is_beta":false,"boss_relics":[{"not_picked":["Calling Bell","energizedSpire:EnergizedDie"],"picked":"Cursed Key"},{"not_picked":["Philosopher\u0027s Stone","Busted Crown"],"picked":"Sozu"}],"items_purged_floors":[],"is_endless":false,"potions_floor_spawned":[6,8,15,16,25,31,32,33,46,48,49],"ascension_level":0}}