{"host":"0jlfan32iuvwyrwn","time":1611007747,"event":{"mods":["BaseMod","Colored Map","Downfall","Googly Eyes","Minty Spire (QoL Compilation)","StSLib"],"gold_per_floor":[99,116,116,126,226,25,25,58,58,74,106,122,122,39,58,157,157,157,167,177,71,71,71,71,71],"floor_reached":23,"language":"ENG","playtime":1271,"items_purged":[],"score":229,"play_id":"1394bfbf-32b9-4fca-802d-6fef188e6d5d","local_time":"20210118170907","is_ascension_mode":true,"campfire_choices":[{"data":"champ:Taunt","floor":1,"key":"SMITH"},{"floor":13,"key":"REST"},{"data":"champ:StanceDance","floor":18,"key":"SMITH"}],"circlet_count":0,"master_deck":["champ:Strike","champ:Strike","champ:Strike","champ:Strike","champ:Defend","champ:Defend","champ:Defend","champ:Defend","champ:Execute","champ:Taunt+1","champ:FalseCounter","champ:PreciseThrust","champ:PreciseThrust","champ:GutPunch","champ:TornadoPunch","expansioncontent:QuickStudy","champ:EnragedBash","champ:ArenaPreparation","champ:StanceDance+1","champ:RageSigil","champ:IronFortress","champ:ShieldWall","champ:SkillfulDodge","champ:Improvising","champ:DefensiveStyle","champ:DefensiveShout"],"relics":["champ:ChampionCrown","Anchor","Happy Flower","Nunchaku","Philosopher\u0027s Stone","GremlinMask"],"acts_visited":["Exordium","TheCity"],"potions_floor_usage":[11,11,16,16,20],"damage_taken":[{"damage":14,"enemies":"Jaw Worm","floor":2,"turns":4},{"damage":0,"enemies":"Cultist","floor":4,"turns":4},{"damage":20,"enemies":"downfall:FleeingMerchant","floor":6,"turns":4},{"damage":67,"enemies":"Gremlin Nob","floor":8,"turns":6},{"damage":5,"enemies":"Small Slimes","floor":10,"turns":3},{"damage":28,"enemies":"3 Sentries","floor":11,"turns":5},{"damage":0,"enemies":"2 Fungi Beasts","floor":12,"turns":2},{"damage":25,"enemies":"downfall:FleeingMerchant","floor":14,"turns":4},{"damage":0,"enemies":"Lots of Slimes","floor":15,"turns":2},{"damage":45,"enemies":"IC_STATUS_ARCHETYPE","floor":16,"turns":10},{"damage":27,"enemies":"Spheric Guardian","floor":19,"turns":3},{"damage":28,"enemies":"Sentry and Sphere","floor":20,"turns":4},{"damage":38,"enemies":"downfall:FleeingMerchant","floor":21,"turns":4},{"damage":73,"enemies":"Gremlin Leader","floor":23,"turns":3}],"seed_played":"-430023567877681123","potions_obtained":[{"floor":4,"key":"SteroidPotion"},{"floor":10,"key":"Swift Potion"},{"floor":12,"key":"Weak Potion"},{"floor":15,"key":"LiquidMemories"},{"floor":16,"key":"AttackPotion"},{"floor":20,"key":"FairyPotion"}],"is_trial":false,"path_per_floor":["R","M","?","M","?","$","T","E","?","M","E","M","R","$","M","B",null,"R","M","M","$","?","E"],"character_chosen":"THE_CHAMP","items_purchased":["expansioncontent:QuickStudy","champ:ShieldWall","champ:DefensiveStyle","champ:DefensiveShout"],"campfire_rested":1,"item_purchase_floors":[6,14,21,21],"current_hp_per_floor":[90,86,86,86,86,86,86,29,29,29,19,19,46,46,46,21,90,90,78,60,42,42,0,0,0],"gold":71,"neow_bonus":"THREE_CARDS","is_daily":false,"chose_seed":false,"campfire_upgraded":2,"win_rate":0.0,"timestamp":1611007747,"path_taken":["R","M","?","?","?","$","T","E","?","M","E","?","R","$","M","BOSS","R","M","?","$","?","E"],"items_purchased_type":["Card","Card","Card","Card"],"build_version":"2020-12-22","purchased_purges":0,"victory":false,"max_hp_per_floor":[90,90,90,90,90,90,90,90,90,90,90,90,90,90,90,90,90,90,90,90,90,90,90,90,90],"card_choices":[{"not_picked":["champ:RisingSlash","champ:EnGarde"],"picked":"champ:FalseCounter","floor":0},{"not_picked":["champ:PerfectedStrike","champ:RisingSlash"],"picked":"champ:PreciseThrust","floor":2},{"not_picked":["champ:CrownThrow","champ:BladeFlurry"],"picked":"champ:GutPunch","floor":4},{"not_picked":["champ:FocusedBerserking","champ:GutPunch"],"picked":"champ:TornadoPunch","floor":6},{"not_picked":["champ:EnchantCrown","champ:ShieldSlam"],"picked":"champ:EnragedBash","floor":8},{"not_picked":["champ:AdrenalArmor","champ:PreemptiveStrike"],"picked":"champ:ArenaPreparation","floor":10},{"not_picked":["champ:Backstep","champ:FaceSlap"],"picked":"champ:StanceDance","floor":11},{"not_picked":["champ:Parry","champ:BerserkersShout"],"picked":"champ:RageSigil","floor":12},{"not_picked":["champ:BringItOn","champ:CrownThrow"],"picked":"champ:IronFortress","floor":14},{"not_picked":["champ:RisingSlash","champ:CrownThrow"],"picked":"champ:SkillfulDodge","floor":15},{"not_picked":["champ:DancingMaster","champ:IgnorePain"],"picked":"champ:Improvising","floor":16},{"not_picked":["champ:EnGarde","champ:Endure","champ:CrookedStrike"],"picked":"SKIP","floor":19},{"not_picked":["champ:Parry","champ:BerserkersShout","champ:Haymaker"],"picked":"SKIP","floor":20},{"not_picked":["champ:Backstep","champ:ArenaPreparation","champ:FlashCut"],"picked":"SKIP","floor":21}],"player_experience":272704,"relics_obtained":[{"floor":7,"key":"Anchor"},{"floor":8,"key":"Happy Flower"},{"floor":11,"key":"Nunchaku"}],"event_choices":[{"damage_healed":0,"gold_gain":0,"player_choice":"Trade","damage_taken":0,"relics_obtained":["GremlinMask"],"max_hp_gain":0,"max_hp_loss":0,"event_name":"FaceTrader","floor":22,"gold_loss":0}],"is_beta":false,"boss_relics":[{"not_picked":["bronze:MakeshiftBattery","Runic Dome"],"picked":"Philosopher\u0027s Stone"}],"items_purged_floors":[],"is_endless":false,"potions_floor_spawned":[4,10,12,15,16,20],"killed_by":"Gremlin Leader","ascension_level":3}}