{"host":"3oax8yz66k5njorr","time":1611012806,"event":{"mods":["AchievementEnabler","BaseMod","Colored Map","Colored Powertips","DeckTracker","Minty Spire (QoL Compilation)","Rare Cards Sparkle"],"gold_per_floor":[118,118,118,132,148,194,194,208,235,253,69,88,98,108,108,207,207,220,239,239,88,103,103,117,0,25,25,25,25,45,45,45],"floor_reached":31,"language":"KOR","playtime":1080,"items_purged":["Strike_B"],"score":241,"play_id":"96b887f7-fbbb-4b43-8c04-e7c3840813e1","local_time":"20210119083326","is_ascension_mode":false,"campfire_choices":[{"floor":7.0,"key":"REST"},{"floor":15.0,"key":"REST"},{"floor":23,"key":"REST"},{"floor":27,"key":"REST"}],"circlet_count":0,"master_deck":["Strike_B+1","Strike_B","Strike_B","Defend_B","Defend_B","Defend_B","Defend_B","Zap","Dualcast","Sweeping Beam+1","Conserve Battery","Leap","Apotheosis","Compile Driver+1","Echo Form","Amplify","Hologram+1","Redo","Multi-Cast","Consume","Zap","Defragment","Ball Lightning","Reinforced Body","Necronomicurse","Go for the Eyes"],"relics":["Cracked Core","NeowsBlessing","PreservedInsect","Smiling Mask","Nunchaku","Sozu","Whetstone","Pocketwatch","Necronomicon"],"acts_visited":["Exordium","TheCity"],"potions_floor_usage":[],"damage_taken":[{"damage":0.0,"enemies":"Cultist","floor":1.0,"turns":1.0},{"damage":0.0,"enemies":"Jaw Worm","floor":4.0,"turns":1.0},{"damage":0.0,"enemies":"2 Louse","floor":5.0,"turns":1.0},{"damage":35.0,"enemies":"Lagavulin","floor":6.0,"turns":6.0},{"damage":15.0,"enemies":"Exordium Thugs","floor":8.0,"turns":4.0},{"damage":4.0,"enemies":"Red Slaver","floor":10.0,"turns":3.0},{"damage":3.0,"enemies":"Looter","floor":12.0,"turns":4.0},{"damage":0.0,"enemies":"2 Fungi Beasts","floor":13.0,"turns":3.0},{"damage":2.0,"enemies":"Exordium Wildlife","floor":14.0,"turns":3.0},{"damage":2.0,"enemies":"Hexaghost","floor":16.0,"turns":8.0},{"damage":13.0,"enemies":"Chosen","floor":18.0,"turns":5.0},{"damage":10.0,"enemies":"3 Byrds","floor":19.0,"turns":5.0},{"damage":40,"enemies":"3 Cultists","floor":22,"turns":5},{"damage":20,"enemies":"Centurion and Healer","floor":24,"turns":9},{"damage":8,"enemies":"Sentry and Sphere","floor":30,"turns":8},{"damage":16,"enemies":"Snake Plant","floor":31,"turns":2}],"seed_played":"8492238092474502038","potions_obtained":[{"floor":4.0,"key":"ColorlessPotion"},{"floor":5.0,"key":"ColorlessPotion"},{"floor":6.0,"key":"DistilledChaos"},{"floor":14.0,"key":"DistilledChaos"},{"floor":16.0,"key":"FocusPotion"}],"is_trial":false,"path_per_floor":["M","?","?","M","M","E","R","M","T","M","$","M","M","M","R","B",null,"M","M","?","$","M","R","M","?","T","R","?","?","M","M"],"character_chosen":"DEFECT","items_purchased":["Apotheosis","Defragment","Ball Lightning"],"campfire_rested":4,"item_purchase_floors":[11,21,21],"current_hp_per_floor":[75,57,57,57,57,22,44,29,29,25,25,22,22,20,42,40,75,62,52,52,52,12,34,14,14,14,36,36,20,12,0,0],"gold":45,"neow_bonus":"THREE_ENEMY_KILL","is_daily":false,"chose_seed":false,"campfire_upgraded":0,"win_rate":0.0,"timestamp":1611012806,"path_taken":["M","?","?","?","M","E","R","M","T","M","$","M","M","M","R","BOSS","M","M","?","?","M","R","?","?","T","R","?","?","?","M"],"items_purchased_type":["Card","Card","Card"],"build_version":"2020-12-22","purchased_purges":1,"victory":false,"max_hp_per_floor":[75,75,75,75,75,75,75,75,75,75,75,75,75,75,75,75,75,75,75,75,75,75,75,75,75,75,75,75,75,75,75,75],"card_choices":[{"not_picked":["Hologram","Tempest"],"picked":"Sweeping Beam","floor":1.0},{"not_picked":["Redo","Gash"],"picked":"Conserve Battery","floor":4.0},{"not_picked":["Leap","Conserve Battery","Capacitor"],"picked":"SKIP","floor":5.0},{"not_picked":["Capacitor","Go for the Eyes","Steam"],"picked":"SKIP","floor":6.0},{"not_picked":["Conserve Battery","Sweeping Beam"],"picked":"Leap","floor":8.0},{"not_picked":["Darkness","BootSequence","Storm"],"picked":"SKIP","floor":10.0},{"not_picked":["BootSequence","Stack","Cold Snap"],"picked":"SKIP","floor":12.0},{"not_picked":["Rebound","Barrage"],"picked":"Compile Driver","floor":13.0},{"not_picked":["Leap","Stack"],"picked":"Echo Form","floor":14.0},{"not_picked":["Biased Cognition","All For One"],"picked":"Amplify","floor":16.0},{"not_picked":["Rebound","Barrage"],"picked":"Hologram+1","floor":18.0},{"not_picked":["Coolheaded","Go for the Eyes"],"picked":"Redo","floor":19.0},{"not_picked":["Redo","White Noise","Rebound"],"picked":"SKIP","floor":22},{"not_picked":["FTL","Cold Snap+1"],"picked":"Reinforced Body","floor":24},{"not_picked":["Steam Power+1","Compile Driver"],"picked":"Go for the Eyes","floor":30}],"player_experience":61501,"relics_obtained":[{"floor":6.0,"key":"Smiling Mask"},{"floor":9.0,"key":"Nunchaku"},{"floor":26,"key":"Whetstone"},{"floor":29,"key":"Necronomicon"}],"event_choices":[{"damage_healed":0.0,"max_hp_gain":0.0,"max_hp_loss":0.0,"gold_gain":0.0,"event_name":"Scrap Ooze","player_choice":"Success","floor":2.0,"gold_loss":0.0,"damage_taken":18.0,"relics_obtained":["PreservedInsect"]},{"damage_healed":0.0,"max_hp_gain":0.0,"max_hp_loss":0.0,"gold_gain":0.0,"event_name":"Accursed Blacksmith","player_choice":"Forge","floor":3.0,"gold_loss":0.0,"damage_taken":0.0,"cards_upgraded":["Sweeping Beam"]},{"damage_healed":0,"gold_gain":0,"player_choice":"3 cards matched","damage_taken":0,"max_hp_gain":0,"max_hp_loss":0,"event_name":"Match and Keep!","floor":20,"gold_loss":0,"cards_obtained":["Multi-Cast","Consume","Zap"]},{"damage_healed":0,"gold_gain":0,"player_choice":"Paid Fearfully","damage_taken":0,"max_hp_gain":0,"max_hp_loss":0,"event_name":"Masked Bandits","floor":25,"gold_loss":117},{"damage_healed":0,"gold_gain":0,"player_choice":"Opened","damage_taken":0,"relics_obtained":["Pocketwatch"],"max_hp_gain":0,"max_hp_loss":0,"event_name":"The Mausoleum","floor":28,"gold_loss":0},{"damage_healed":0,"gold_gain":0,"player_choice":"Obtained Book","damage_taken":16,"max_hp_gain":0,"max_hp_loss":0,"event_name":"Cursed Tome","floor":29,"gold_loss":0}],"is_beta":false,"boss_relics":[{"not_picked":["Black Star","Nuclear Battery"],"picked":"Sozu"}],"items_purged_floors":[21],"is_endless":false,"potions_floor_spawned":[4,5,6,14,16,22,30],"killed_by":"Snake Plant","ascension_level":0}}