{"host":"n264v15x7h51zqzc","time":1611008687,"event":{"mods":["AchievementEnabler","BaseMod","BetterRewards","Colored Powertips","Hermit","Hubris","Infinite Spire","Minty Spire (QoL Compilation)","Replay The Spire","StSLib","The Construct"],"gold_per_floor":[110,60,9999,8924,8941,8968,8968,8995,8995,8995,9005,9032,9050,9050,9050,9050,9050],"floor_reached":16,"language":"ENG","playtime":626,"items_purged":["Strike_P"],"score":108,"play_id":"1ceb1529-86da-4a60-b6c7-f1cc8f388ea2","local_time":"20210118162447","is_ascension_mode":false,"campfire_choices":[{"data":"Vault","floor":7,"key":"SMITH"},{"data":"Panache","floor":10,"key":"SMITH"},{"floor":15,"key":"REST"}],"circlet_count":0,"master_deck":["Strike_P","Strike_P","Strike_P","Defend_P","Defend_P","Defend_P","Defend_P","Eruption+1","Vigilance","hermit:Covet","Vault+1","Prostrate","Prostrate","Panache+1","Prostrate","CutThroughFate"],"relics":["Sizzling Blood","infinitespire:Cubic Diamond","DollysMirror","infinitespire:Bottled Soul","hubris:BottledRain","Omamori","Odd Mushroom","Garlic","ReplayFunnel"],"acts_visited":["Exordium"],"potions_floor_usage":[5,6,6,6,12,12],"damage_taken":[{"damage":0,"enemies":"2 Louse","floor":1,"turns":2},{"damage":1,"enemies":"Small Slimes","floor":5,"turns":7},{"damage":10,"enemies":"Lagavulin","floor":6,"turns":7},{"damage":1,"enemies":"The Mushroom Lair","floor":8,"turns":8},{"damage":12,"enemies":"Jaw Worm","floor":11,"turns":3},{"damage":34,"enemies":"Gremlin Nob","floor":12,"turns":5},{"damage":10,"enemies":"Looter","floor":13,"turns":4},{"damage":69,"enemies":"Fading Forest","floor":16,"turns":12}],"seed_played":"-3335547523647211885","potions_obtained":[{"floor":5,"key":"Fire Potion"},{"floor":6,"key":"Adrenaline Potion"},{"floor":11,"key":"LiquidMemories"}],"is_trial":false,"path_per_floor":["M","?","?","$","M","E","R","?","T","R","M","E","M","?","R","B"],"character_chosen":"WATCHER","items_purchased":["DollysMirror","infinitespire:Bottled Soul","Panache","ColorlessPotion","BlessingOfTheForge","Reflective Coating","hubris:BottledRain"],"campfire_rested":1,"item_purchase_floors":[4,4,4,4,4,4,4],"current_hp_per_floor":[72,72,72,72,72,66,66,69,69,69,61,31,25,25,46,0,0],"gold":9050,"neow_bonus":"THREE_RARE_CARDS","is_daily":false,"chose_seed":false,"campfire_upgraded":2,"win_rate":0.0,"timestamp":1611008687,"path_taken":["M","?","?","$","M","E","R","?","T","R","?","E","M","?","R","BOSS"],"items_purchased_type":["Relic","Relic","Card","Potion","Potion","Potion","Relic"],"build_version":"2020-12-22","purchased_purges":1,"victory":false,"max_hp_per_floor":[72,72,72,72,72,72,72,72,72,72,72,72,72,72,72,72,72],"card_choices":[{"not_picked":["Blasphemy","Omniscience"],"picked":"Vault","floor":0},{"not_picked":["SashWhip","Evaluate"],"picked":"Prostrate","floor":1},{"not_picked":["WindmillStrike","PathToVictory","Halt"],"picked":"SKIP","floor":5},{"not_picked":["Replay:Cycle","Evaluate","Weave"],"picked":"SKIP","floor":6},{"not_picked":["FollowUp","BattleHymn"],"picked":"Prostrate","floor":8},{"not_picked":["DeceiveReality","PathToVictory","Conclude"],"picked":"SKIP","floor":11},{"not_picked":["Replay:AllIn","PathToVictory"],"picked":"CutThroughFate","floor":12},{"not_picked":["SignatureMove","Sanctity","ReachHeaven"],"picked":"SKIP","floor":13}],"player_experience":208305,"relics_obtained":[{"floor":6,"key":"Omamori"},{"floor":8,"key":"Odd Mushroom"},{"floor":9,"key":"Garlic"},{"floor":12,"key":"ReplayFunnel"}],"event_choices":[{"cards_removed":["construct:Defend_Gold"],"damage_healed":0,"gold_gain":0,"player_choice":"Card Removal","damage_taken":0,"max_hp_gain":0,"max_hp_loss":0,"event_name":"The Cleric","floor":2,"gold_loss":50},{"damage_healed":0,"gold_gain":0,"player_choice":"Fought Mushrooms","damage_taken":0,"max_hp_gain":0,"max_hp_loss":0,"event_name":"Mushrooms","floor":8,"gold_loss":0},{"damage_healed":0,"gold_gain":0,"player_choice":"Upgraded","damage_taken":0,"max_hp_gain":0,"max_hp_loss":0,"event_name":"Upgrade Shrine","floor":14,"gold_loss":0,"cards_upgraded":["Eruption"]}],"is_beta":false,"boss_relics":[],"items_purged_floors":[4],"is_endless":false,"potions_floor_spawned":[5,6,11],"killed_by":"Fading Forest","ascension_level":0}}