{"host":"16bdbdkejmwbwkj8","time":1611004420,"event":{"mods":["BaseMod","Colored Map","Downfall","Minty Spire (QoL Compilation)","StSLib"],"gold_per_floor":[118,137,154,154,154,168,168,183,211,111,130,144,162,192,192,192,192,192],"floor_reached":16,"language":"ENG","playtime":1510,"items_purged":[],"score":106,"play_id":"83339cc4-64df-4fc9-b97a-1cc6aa6711ef","local_time":"20210118161340","is_ascension_mode":false,"campfire_choices":[{"floor":10,"key":"REST"},{"floor":15,"key":"REST"}],"circlet_count":0,"master_deck":["champ:Strike","champ:Strike","champ:Strike","champ:Strike","champ:Defend","champ:Defend","champ:Defend","champ:Defend","champ:Execute","champ:Taunt","champ:PreciseThrust","champ:BerserkersShout","champ:DefensiveShout","champ:GladiatorStyle","champ:ShieldWall","champ:PreemptiveStrike","champ:Circumvent","champ:Circumvent","champ:TornadoPunch"],"relics":["champ:ChampionCrown","Matryoshka","downfall:BrokenWingStatue","champ:FightingForDummies","Singing Bowl","Happy Flower","downfall:HeartBlessingGreen"],"acts_visited":["Exordium"],"potions_floor_usage":[8,8,11],"damage_taken":[{"damage":10,"enemies":"Cultist","floor":1,"turns":5},{"damage":13,"enemies":"Jaw Worm","floor":2,"turns":4},{"damage":7,"enemies":"Small Slimes","floor":3,"turns":3},{"damage":6,"enemies":"Gremlin Gang","floor":6,"turns":8},{"damage":40,"enemies":"Large Slime","floor":8,"turns":7},{"damage":45,"enemies":"Lagavulin","floor":9,"turns":8},{"damage":17,"enemies":"Lots of Slimes","floor":11,"turns":3},{"damage":10,"enemies":"Exordium Wildlife","floor":12,"turns":4},{"damage":38,"enemies":"2 Fungi Beasts","floor":13,"turns":5},{"damage":122,"enemies":"DF_ARCHETYPE_STREAMLINE","floor":16,"turns":14}],"seed_played":"-5347202608222615077","potions_obtained":[{"floor":2,"key":"DuplicationPotion"},{"floor":6,"key":"Fire Potion"},{"floor":9,"key":"ColorlessPotion"},{"floor":11,"key":"CultistPotion"}],"is_trial":false,"path_per_floor":["M","M","M","?","?","M","T","M","E","R","M","M","M","?","R","B"],"character_chosen":"THE_CHAMP","items_purchased":[],"campfire_rested":2,"item_purchase_floors":[],"current_hp_per_floor":[99,96,94,52,52,51,51,46,29,58,51,51,38,38,67,0,0,0],"gold":192,"neow_bonus":"TEN_PERCENT_HP_BONUS","is_daily":false,"chose_seed":false,"campfire_upgraded":0,"win_rate":0.0,"timestamp":1611004420,"path_taken":["M","M","M","?","?","M","T","M","E","R","M","M","M","?","R","BOSS"],"items_purchased_type":[],"build_version":"2020-12-22","purchased_purges":0,"victory":false,"max_hp_per_floor":[99,99,99,99,99,99,99,99,99,99,99,99,99,99,99,99,99,99],"card_choices":[{"not_picked":["champ:Shatter","champ:BladeFlurry"],"picked":"champ:PreciseThrust","floor":1},{"not_picked":["champ:RecklessLeap","champ:ArenaPreparation"],"picked":"champ:BerserkersShout","floor":2},{"not_picked":["champ:FancyFootwork","champ:EndlessRage"],"picked":"champ:DefensiveShout","floor":3},{"not_picked":["champ:HeavySlash","champ:BladeFlurry"],"picked":"champ:GladiatorStyle","floor":6},{"not_picked":["champ:BladeFlurry","champ:PreciseThrust"],"picked":"champ:ShieldWall","floor":8},{"not_picked":["champ:Encircle","champ:EnGarde"],"picked":"champ:PreemptiveStrike","floor":9},{"not_picked":["champ:HeartStrike","champ:EnGarde"],"picked":"champ:Circumvent","floor":11},{"not_picked":["champ:Encircle","champ:SetATrap"],"picked":"champ:Circumvent","floor":12},{"not_picked":["champ:FanOfKnives","champ:DefensiveShout"],"picked":"champ:TornadoPunch","floor":13}],"player_experience":118871,"relics_obtained":[{"floor":7,"key":"champ:FightingForDummies"},{"floor":7,"key":"Singing Bowl"},{"floor":9,"key":"Happy Flower"}],"event_choices":[{"damage_healed":0,"gold_gain":0,"player_choice":"Success","damage_taken":42,"relics_obtained":["Matryoshka"],"max_hp_gain":0,"max_hp_loss":0,"event_name":"Scrap Ooze","floor":4,"gold_loss":0}],"is_beta":false,"boss_relics":[],"items_purged_floors":[],"is_endless":false,"potions_floor_spawned":[2,6,9,11],"killed_by":"DF_ARCHETYPE_STREAMLINE","ascension_level":0}}