{"host":"ip2n7evpd0qt0hgd","time":1611014366,"event":{"mods":["BaseMod","Downfall","Minty Spire (QoL Compilation)","Quick Restart","StSLib"],"gold_per_floor":[99,116,134,145,145,156,156,168,197,208,224,224,244,244,262,262,262,262],"floor_reached":16,"language":"ENG","playtime":711,"items_purged":[],"score":108,"play_id":"fb98814a-1ec8-43e1-b7c7-e2ce2c696a95","local_time":"20210118185926","is_ascension_mode":false,"campfire_choices":[{"data":"Slimebound:Split","floor":1,"key":"SMITH"},{"data":"Slimebound:FlameTackle","floor":12,"key":"SMITH"}],"circlet_count":0,"master_deck":["Slimebound:Strike_Slimebound","Slimebound:Strike_Slimebound","Slimebound:Strike_Slimebound","Slimebound:Tackle","Slimebound:Defend_Slimebound","Slimebound:Defend_Slimebound","Slimebound:Defend_Slimebound","Slimebound:Defend_Slimebound","Slimebound:Split+1","Slimebound:CorrosiveSpit","Slimebound:ItLooksTasty","Slimebound:ComboTackle","Slimebound:GoopSpray","Slimebound:RainOfGoop","Slimebound:FlameTackle+1","Slimebound:BestDefense","Slimebound:RollThrough","Slimebound:PrepareCrush","Slimebound:SamplingLick","Slimebound:RollThrough"],"relics":["Slimebound:AbsorbEndCombat","Toy Ornithopter","HornCleat","PreservedInsect"],"acts_visited":["Exordium"],"potions_floor_usage":[9,16,16,16],"damage_taken":[{"damage":6,"enemies":"Cultist","floor":2,"turns":3},{"damage":9,"enemies":"Jaw Worm","floor":3,"turns":3},{"damage":6,"enemies":"Small Slimes","floor":4,"turns":3},{"damage":7,"enemies":"Blue Slaver","floor":6,"turns":3},{"damage":7,"enemies":"Gremlin Gang","floor":8,"turns":3},{"damage":21,"enemies":"Lagavulin","floor":9,"turns":5},{"damage":5,"enemies":"Exordium Thugs","floor":10,"turns":3},{"damage":2,"enemies":"3 Louse","floor":11,"turns":2},{"damage":7,"enemies":"Large Slime","floor":13,"turns":4},{"damage":0,"enemies":"Blue Slaver","floor":15,"turns":3},{"damage":68,"enemies":"WA_ARCHETYPE_RETAIN","floor":16,"turns":6}],"seed_played":"-8421686374306044418","potions_obtained":[{"floor":3,"key":"DistilledChaos"},{"floor":6,"key":"Regen Potion"},{"floor":8,"key":"Swift Potion"},{"floor":13,"key":"Block Potion"}],"is_trial":false,"path_per_floor":["R","M","M","M","?","M","T","M","E","M","M","R","M","?","M","B"],"character_chosen":"SLIMEBOUND","items_purchased":[],"campfire_rested":0,"item_purchase_floors":[],"current_hp_per_floor":[71,66,59,54,54,50,50,47,35,33,34,34,29,17,19,0,0,0],"gold":262,"neow_bonus":"TEN_PERCENT_HP_BONUS","is_daily":false,"chose_seed":false,"campfire_upgraded":2,"win_rate":0.0,"timestamp":1611014366,"path_taken":["R","M","?","M","?","M","T","M","E","?","M","R","M","?","M","BOSS"],"items_purchased_type":[],"build_version":"2020-12-22","purchased_purges":0,"victory":false,"max_hp_per_floor":[71,71,71,71,71,71,71,71,71,71,71,71,71,71,71,71,71,71],"card_choices":[{"not_picked":["Slimebound:SplitMire","Slimebound:SamplingLick"],"picked":"Slimebound:ItLooksTasty","floor":2},{"not_picked":["Slimebound:ProtectTheBoss","Slimebound:FormOfPuddle"],"picked":"Slimebound:ComboTackle","floor":3},{"not_picked":["Slimebound:Chomp","Slimebound:SplitMire"],"picked":"Slimebound:GoopSpray","floor":4},{"not_picked":["Slimebound:Dissolve","Slimebound:Grow"],"picked":"Slimebound:RainOfGoop","floor":6},{"not_picked":["Slimebound:MegaLick","Slimebound:Dissolve"],"picked":"Slimebound:FlameTackle","floor":8},{"not_picked":["Slimebound:Replication","Slimebound:SlimeTap"],"picked":"Slimebound:BestDefense","floor":9},{"not_picked":["Slimebound:PressTheAttack","Slimebound:Replication"],"picked":"Slimebound:RollThrough","floor":10},{"not_picked":["Slimebound:RejuvenatingLick","Slimebound:SamplingLick"],"picked":"Slimebound:PrepareCrush","floor":11},{"not_picked":["Slimebound:SplitAcid","Slimebound:Nibble"],"picked":"Slimebound:SamplingLick","floor":13},{"not_picked":["Slimebound:LeechingTouch","Slimebound:ItLooksTasty"],"picked":"Slimebound:RollThrough","floor":15}],"player_experience":337018,"relics_obtained":[{"floor":7,"key":"Toy Ornithopter"},{"floor":9,"key":"HornCleat"}],"event_choices":[{"damage_healed":0,"gold_gain":0,"player_choice":"Ignored","damage_taken":0,"max_hp_gain":0,"max_hp_loss":0,"event_name":"NoteForYourself","floor":5,"gold_loss":0},{"damage_healed":0,"gold_gain":0,"player_choice":"Success","damage_taken":12,"relics_obtained":["PreservedInsect"],"max_hp_gain":0,"max_hp_loss":0,"event_name":"Scrap Ooze","floor":14,"gold_loss":0}],"is_beta":false,"boss_relics":[],"items_purged_floors":[],"is_endless":false,"potions_floor_spawned":[3,6,8,13,15],"killed_by":"WA_ARCHETYPE_RETAIN","ascension_level":0}}