{"host":"0c22z74nxhh6l98a","time":1611011212,"event":{"mods":["BaseMod","BetterRewards","Card Forge","GungeonMod","Hubris","Infinite Spire","Minty Spire (QoL Compilation)","Potionbrewer","Shop Mod","StSLib"],"gold_per_floor":[109,216,322,322,431,553,553,553,553,632,757,757,757,757,757,950,950,950,1057,1107,1120,548,670,771,57,108,209,209,258,360,464,464,655,655,733,843,946,1056,1073,1192,1192,1316,1342,1478,1582,1657,1657,1758,1758,1878,1878,1878,1514,1632,1722],"floor_reached":56,"language":"ENG","playtime":8231,"items_purged":[],"score":2975,"play_id":"4a3c3ac5-402d-4c03-8229-9130e2aad777","local_time":"20210118170652","is_ascension_mode":true,"campfire_choices":[{"floor":7.0,"key":"RECALL"},{"data":"Footwork","floor":15,"key":"SMITH"},{"data":"Escape Plan","floor":32,"key":"SMITH"},{"data":"Footwork","floor":41,"key":"SMITH"},{"data":"A Thousand Cuts","floor":49,"key":"SMITH"},{"data":"After Image","floor":52,"key":"SMITH"}],"circlet_count":0,"master_deck":["AscendersBane","After Image+1","Adrenaline+1","Venomology+1","Blade Dance","Calculated Gamble+1","Escape Plan+1","infinitespire:Neurotoxin+1","Prepared","Reflex","hubris:Sniper","Tactician","DemoMod:Deposit+1","Adrenaline+1","Venomology+1","Calculated Gamble+1","Escape Plan","DemoMod:Deposit+1","DemoMod:Deposit+1","Footwork+1","A Thousand Cuts+1","Escape Plan","Prepared","Master of Strategy","Footwork+1","Terror+1","Calculated Gamble","Prepared","Prepared"],"relics":["Ring of the Snake","Hammer of Thor","Seething Fire","Anvil of the Gods","MerchantsRug","Pocketwatch","hubris:ToyBattleship","hubris:EmptyBottle","DemoMod:LamentConfigurum","potionbrewer:AlchemistFlask","DemoMod:RingOfEthereal","HandDrill","Frozen Eye","Ninja Scroll","White Beast Statue","potionbrewer:Torch","infinitespire:BottledMercury","DemoMod:GlassGuonStoneRelic","hubris:MysteriousPyramids","WristBlade","DemoMod:ResourcefulSack","hubris:Icosahedron","infinitespire:Bottled Soul","DemoMod:PartiallyEatenCheese","TwistedFunnel","DemoMod:Metronome","Shuriken","Bag of Preparation","hubris:SlimyHat","potionbrewer:Keyblade","Akabeko","hubris:Metronome","Pandora\u0027s Box","hubris:MedicalManual","infinitespire:FocusingShard","hubris:AncientText","Ancient Tea Set","DemoMod:MonsterBlood","infinitespire:ShieldingShard","Blood Vial","Du-Vu Doll"],"acts_visited":["Exordium","TheCity","TheBeyond","TheEnding"],"potions_floor_usage":[10,10,11,11,11,11,11,11,16,16,19,19,19,19,19,19,19,19,19,19,21,21,21,21,21,21,23,23,23,23,24,24,24,24,24,24,24,24,24,24,24,24,27,27,27,29,29,30,30,30,30,30,30,30,30,31,31,31,31,31,31,31,31,33,33,35,35,35,35,36,36,36,36,37,37,37,37,38,38,38,38,38,38,38,38,38,38,38,39,39,39,40,40,40,40,40,40,40,40,40,40,42,42,42,42,44,44,44,44,44,44,44,44,44,44,44,44,45,45,45,45,45,45,45,45,46,46,46,46,48,48,48,48,48,48,50,50,50,50,50,50,50,50,50,50,50,50,53,54,54,54,54,55,55,55,55,55,55,55,55,55,55,55,55,55,55],"damage_taken":[{"damage":11.0,"enemies":"infinitespire:Voidling","floor":1.0,"turns":3.0},{"damage":3.0,"enemies":"Jaw Worm","floor":2.0,"turns":2.0},{"damage":1.0,"enemies":"Small Slimes","floor":3.0,"turns":5.0},{"damage":0.0,"enemies":"2 Fungi Beasts","floor":5.0,"turns":2.0},{"damage":0.0,"enemies":"3 Sentries","floor":6.0,"turns":1.0},{"damage":0,"enemies":"Exordium Thugs","floor":10,"turns":1},{"damage":0,"enemies":"Nightmare","floor":11,"turns":5},{"damage":0,"enemies":"The Guardian","floor":16,"turns":3},{"damage":0,"enemies":"Chosen","floor":19,"turns":2},{"damage":0,"enemies":"Snecko","floor":21,"turns":1},{"damage":0,"enemies":"Gremlin Leader","floor":23,"turns":3},{"damage":0,"enemies":"Sentry and Sphere","floor":24,"turns":4},{"damage":0,"enemies":"Centurion and Healer","floor":27,"turns":2},{"damage":0,"enemies":"Snecko","floor":29,"turns":1},{"damage":0,"enemies":"Snake Plant","floor":30,"turns":1},{"damage":0,"enemies":"Centurion and Healer","floor":31,"turns":1},{"damage":0,"enemies":"Champ","floor":33,"turns":2},{"damage":0,"enemies":"3 Shapes","floor":35,"turns":2},{"damage":0,"enemies":"3 Darklings","floor":36,"turns":1},{"damage":0,"enemies":"4 Shapes","floor":37,"turns":3},{"damage":0,"enemies":"Transient","floor":38,"turns":4},{"damage":0,"enemies":"Spire Growth","floor":39,"turns":1},{"damage":0,"enemies":"Nemesis","floor":40,"turns":3},{"damage":0,"enemies":"Reptomancer","floor":42,"turns":1},{"damage":0,"enemies":"Nemesis","floor":44,"turns":3},{"damage":0,"enemies":"Writhing Mass","floor":45,"turns":2},{"damage":0,"enemies":"3 Darklings","floor":46,"turns":1},{"damage":0,"enemies":"Maw","floor":48,"turns":3},{"damage":0,"enemies":"infinitespire:MassOfShapes","floor":50,"turns":4},{"damage":0,"enemies":"Shield and Spear","floor":54,"turns":2},{"damage":0,"enemies":"The Heart","floor":55,"turns":4}],"seed_played":"7280427267966937941","potions_obtained":[{"floor":1.0,"key":"ColorlessPotion"},{"floor":11,"key":"Dexterity Potion"},{"floor":21,"key":"Dexterity Potion"},{"floor":29,"key":"potionbrewer:NoxiousPotion"},{"floor":30,"key":"SkillPotion"},{"floor":31,"key":"potionbrewer:CleansingPotion"},{"floor":35,"key":"BlessingOfTheForge"},{"floor":37,"key":"potionbrewer:ToxicPotion"},{"floor":44,"key":"SteroidPotion"},{"floor":48,"key":"potionbrewer:DiscountPotion"},{"floor":54,"key":"PowerPotion"}],"is_trial":false,"path_per_floor":["M","M","M","?","M","E","R","M","T","M","NM","?","AVR","?","R","B",null,"M","M","?","M","$","E","M","$","T","M","?","M","M","M","R","B",null,"M","M","M","M","M","E","R","E","T","E","M","M","?","M","R","B",null,"R","$","E","B",null],"character_chosen":"THE_SILENT","items_purchased":["MerchantsRug","hubris:ToyBattleship","hubris:EmptyBottle","DemoMod:LamentConfigurum","potionbrewer:AlchemistFlask","HandDrill","Frozen Eye","Ninja Scroll","White Beast Statue","DemoMod:PartiallyEatenCheese","TwistedFunnel","DemoMod:Metronome","Bag of Preparation","hubris:SlimyHat","potionbrewer:Keyblade","Escape Plan","Prepared","Master of Strategy","infinitespire:ShieldingShard","Blood Vial"],"campfire_rested":0,"item_purchase_floors":[0,0,0,0,0,0,0,0,0,22,22,22,25,25,25,25,25,25,53,53],"current_hp_per_floor":[57,54,53,53,53,53,53,53,53,53,53,53,53,53,53,53,66,66,66,66,66,66,66,66,66,66,66,80,80,80,80,80,80,80,80,80,80,80,80,80,80,80,80,87,87,87,87,87,87,87,87,87,87,87,87],"gold":1722,"neow_bonus":"","is_daily":false,"chose_seed":false,"campfire_upgraded":5,"win_rate":0.0,"timestamp":1611011212,"path_taken":["M","?","M","?","?","E","R","M","T","M","NM","?","AVR","?","R","BOSS","M","M","?","M","$","E","M","?","T","M","?","M","M","M","R","BOSS","M","M","M","M","M","E","R","E","T","E","M","M","?","M","R","BOSS","R","$","E","BOSS"],"items_purchased_type":["Relic","Relic","Relic","Relic","Relic","Relic","Relic","Relic","Relic","Relic","Relic","Relic","Relic","Relic","Relic","Card","Card","Card","Relic","Relic"],"build_version":"2020-12-22","purchased_purges":0,"victory":true,"max_hp_per_floor":[70,70,70,70,70,70,70,70,70,70,70,70,70,70,70,70,70,70,70,70,70,70,70,70,70,70,70,80,80,80,80,80,80,80,80,80,80,80,80,80,80,80,80,87,87,87,87,87,87,87,87,87,87,87,87],"card_choices":[{"not_picked":["Heel Hook","Flying Knee","Cloak And Dagger"],"picked":"SKIP","floor":1.0},{"not_picked":["Dodge and Roll","Slice","Choke"],"picked":"SKIP","floor":2.0},{"not_picked":["Dagger Throw","hubris:SlightOfHand","Setup"],"picked":"SKIP","floor":3.0},{"not_picked":["Caltrops","Bane","Cloak And Dagger"],"picked":"SKIP","floor":5.0},{"not_picked":["Finisher","Corpse Explosion"],"picked":"Footwork","floor":6.0},{"not_picked":["Deflect","Underhanded Strike","Calculated Gamble"],"picked":"SKIP","floor":10},{"not_picked":["Deflect","Underhanded Strike","Dagger Throw"],"picked":"SKIP","floor":11},{"not_picked":["Grand Finale","Burst"],"picked":"A Thousand Cuts","floor":16},{"not_picked":["Underhanded Strike","Blade Dance","Dagger Throw"],"picked":"SKIP","floor":19},{"not_picked":["Underhanded Strike","Blade Dance","Dagger Throw"],"picked":"SKIP","floor":19},{"not_picked":["PiercingWail","Crippling Poison","Quick Slash+1"],"picked":"SKIP","floor":21},{"not_picked":["Deadly Poison","Leg Sweep","Dagger Throw"],"picked":"SKIP","floor":23},{"not_picked":["PiercingWail","Bouncing Flask","Acrobatics"],"picked":"SKIP","floor":24},{"not_picked":["Poisoned Stab","PiercingWail","Crippling Poison"],"picked":"SKIP","floor":27},{"not_picked":["Flying Knee","Dodge and Roll","Sucker Punch"],"picked":"SKIP","floor":29},{"not_picked":["Dodge and Roll","Underhanded Strike","Riddle With Holes"],"picked":"SKIP","floor":30},{"not_picked":["Underhanded Strike","Sucker Punch"],"picked":"Footwork","floor":31},{"not_picked":["Choke","Blur","Bane"],"picked":"SKIP","floor":35},{"not_picked":["Catalyst","Leg Sweep"],"picked":"Terror+1","floor":36},{"not_picked":["Backflip","Setup","Quick Slash"],"picked":"SKIP","floor":37},{"not_picked":["Dodge and Roll","Blur+1","Flying Knee+1"],"picked":"SKIP","floor":38},{"not_picked":["Dodge and Roll","Slice","Cloak And Dagger+1"],"picked":"SKIP","floor":39},{"not_picked":["Predator+1","PiercingWail+1"],"picked":"Calculated Gamble","floor":40},{"not_picked":["Night Terror","Masterful Stab"],"picked":"Prepared","floor":42},{"not_picked":["Outmaneuver","Terror"],"picked":"Prepared","floor":44},{"not_picked":["hubris:Counter","Cloak And Dagger+1","Backstab"],"picked":"SKIP","floor":45},{"not_picked":["Accuracy","Dagger Spray+1","Cloak And Dagger"],"picked":"SKIP","floor":46},{"not_picked":["hubris:Counter","Terror+1","Dagger Throw"],"picked":"SKIP","floor":48},{"not_picked":["Dagger Throw+1","Predator","Flying Knee"],"picked":"SKIP","floor":54}],"player_experience":906473,"relics_obtained":[{"floor":6.0,"key":"potionbrewer:Torch"},{"floor":11,"key":"hubris:MysteriousPyramids"},{"floor":23,"key":"Shuriken"},{"floor":26,"key":"Akabeko"},{"floor":40,"key":"infinitespire:FocusingShard"},{"floor":42,"key":"hubris:AncientText"},{"floor":43,"key":"Ancient Tea Set"},{"floor":44,"key":"DemoMod:MonsterBlood"},{"floor":54,"key":"Du-Vu Doll"}],"event_choices":[{"damage_healed":0.0,"max_hp_gain":0.0,"max_hp_loss":0.0,"gold_gain":0.0,"event_name":"The Woman in Blue","player_choice":"Bought 0 Potions","floor":4.0,"gold_loss":0.0,"damage_taken":0.0},{"damage_healed":0,"gold_gain":100,"player_choice":"Bet on Murderer","damage_taken":0,"max_hp_gain":0,"max_hp_loss":0,"event_name":"The Joust","floor":20,"gold_loss":50},{"cards_removed":["A Thousand Cuts"],"damage_healed":4,"gold_gain":0,"player_choice":"Offered Rare","damage_taken":0,"max_hp_gain":10,"max_hp_loss":0,"event_name":"Bonfire Elementals","floor":28,"gold_loss":0},{"damage_healed":0,"gold_gain":0,"player_choice":"Ignored","damage_taken":0,"max_hp_gain":0,"max_hp_loss":0,"event_name":"Tomb of Lord Red Mask","floor":47,"gold_loss":0}],"is_beta":false,"boss_relics":[{"not_picked":["hubris:TerracottaHorce","hubris:CrackedHourglass","hubris:GrandSneckoEye"]},{"not_picked":["hubris:VirtuousBlindfold","Empty Cage"],"picked":"Pandora\u0027s Box"}],"items_purged_floors":[],"is_endless":false,"potions_floor_spawned":[1,2,3,5,6,10,11,16,19,21,23,24,27,29,30,31,33,35,36,37,38,39,40,42,44,45,46,48,54],"ascension_level":12}}