{"host":"5h8f6t3uzont4xhm","time":1611001977,"event":{"mods":["BaseMod","Decade(王小明)","GifTheSpireLib","KinomotoSakuraMod(木之本樱)","Koishi","LagranYue(拉格朗・月)","Marisa（F雨　魔理沙）","Minty Spire (QoL Compilation)","Prisma Mod","RumiaBox-露米娅的神秘盒子","Shop Mod","StSLib","Td1madao Mod","The Administrix","The Alterego","The Animator","The Runesmith","The Servant 0.9.4","TheSwordswoman","Waifu the Spire","Youmu（魂魄妖梦）"],"gold_per_floor":[115,135,135,135,154,154,180,180,232,232,245,272,286,286,286,383,383,397,417,342,342,441,441,441,44,70,82,82,82,12,12,12,107,107,125,125,135,0,0,999,999],"floor_reached":40,"language":"ZHS","playtime":3286,"items_purged":[],"score":442,"play_id":"9e867cd9-f7c4-461b-96b4-22c6e80af348","local_time":"20210119043257","is_ascension_mode":false,"campfire_choices":[{"floor":6,"key":"RECALL"},{"floor":8,"key":"REST"},{"floor":10,"key":"REST"},{"floor":15,"key":"REST"},{"floor":23,"key":"REST"},{"floor":29,"key":"REST"},{"data":"DualDimension","floor":32,"key":"SMITH"}],"circlet_count":0,"master_deck":["Strike_S","Strike_S+1","Strike_S","Defend_S","Defend_S","Defend_S","Defend_S","KidneyShot","Exchange","InstantArmor","Ricochet+1","Revamp","FloweringNight","Revamp+1","TimeWarp","Rearm","Starlight","Dilation","Rearm","TheWorld","CurseOfTheBell","GearUp","Dilation","Dilation+1","Unruled+1","ShatteredReality+1","Apotheosis","Defy","DualDimension+1","Snipe","SurpressingFire","Sunlight","Potential+1","Panache","ReturningBlade+1","FlawlessForm"],"relics":["Uniform","LagranYue:RandomDrawCardRelic","NeowsBlessing","Dream Catcher","Whetstone","Mercury Hourglass","Calling Bell","Potion Belt","Question Card","LagranYue:WskJewelryRelic","Medical Kit","Ccalipers","Baka2","SlaversCollar"],"acts_visited":["Exordium","TheCity","TheBeyond"],"potions_floor_usage":[],"damage_taken":[{"damage":0,"enemies":"Jaw Worm","floor":1,"turns":1},{"damage":0,"enemies":"Small Slimes","floor":2,"turns":1},{"damage":0,"enemies":"Small Slimes","floor":3,"turns":1},{"damage":0,"enemies":"Cultist","floor":5,"turns":2},{"damage":38,"enemies":"3 Sentries","floor":7,"turns":9},{"damage":6,"enemies":"2 Fungi Beasts","floor":11,"turns":2},{"damage":15,"enemies":"Lagavulin","floor":12,"turns":8},{"damage":0,"enemies":"Blue Slaver","floor":13,"turns":1},{"damage":24,"enemies":"Hexaghost","floor":16,"turns":12},{"damage":16,"enemies":"Shell Parasite","floor":18,"turns":8},{"damage":26,"enemies":"3 Byrds","floor":19,"turns":5},{"damage":21,"enemies":"3 Cultists","floor":21,"turns":6},{"damage":0,"enemies":"Snake Plant","floor":27,"turns":4},{"damage":17,"enemies":"Collector","floor":33,"turns":15},{"damage":14,"enemies":"Orb Walker","floor":35,"turns":3},{"damage":41,"enemies":"3 Shapes","floor":37,"turns":4},{"damage":10,"enemies":"3 Darklings","floor":40,"turns":2}],"seed_played":"887840873233393985","potions_obtained":[{"floor":2,"key":"Explosive Potion"},{"floor":3,"key":"Block Potion"},{"floor":11,"key":"Strength Potion"},{"floor":16,"key":"Swift Potion"},{"floor":18,"key":"LiquidBronze"},{"floor":27,"key":"Block Potion"}],"is_trial":false,"path_per_floor":["M","M","?","T","M","R","E","R","T","R","M","E","M","?","R","B",null,"M","M","?","M","?","R","?","$","T","M","?","R","$","$","R","B",null,"M","?","M","$","?","M"],"character_chosen":"THE_SERVANT","items_purchased":["Apotheosis","InstantArmor","Medical Kit","SurpressingFire","FlawlessForm"],"campfire_rested":5,"item_purchase_floors":[25,25,25,30,38],"current_hp_per_floor":[65,65,65,65,65,65,27,46,46,65,59,44,44,44,63,39,65,49,23,23,2,2,21,21,21,21,21,42,61,61,61,61,44,65,51,51,10,10,10,0,0],"gold":999,"neow_bonus":"THREE_ENEMY_KILL","is_daily":false,"chose_seed":false,"campfire_upgraded":1,"win_rate":0.0,"timestamp":1611001977,"path_taken":["M","M","?","?","M","R","E","R","T","R","M","E","M","?","R","BOSS","M","?","?","M","?","R","?","?","T","M","?","R","?","$","R","BOSS","M","?","M","$","?","M"],"items_purchased_type":["Card","Card","Relic","Card","Card"],"build_version":"2020-12-22","purchased_purges":0,"victory":false,"max_hp_per_floor":[65,65,65,65,65,65,65,65,65,65,65,65,65,65,65,65,65,65,65,65,65,65,65,65,65,65,65,65,65,65,65,65,65,65,65,65,65,65,65,65,65],"card_choices":[{"not_picked":["Replace","ShiftingGears"],"picked":"InstantArmor","floor":1},{"not_picked":["Spin","DoubleEdge"],"picked":"Ricochet","floor":2},{"not_picked":["GearUp","BottledTime"],"picked":"Revamp","floor":5},{"not_picked":["Starlight","Read"],"picked":"FloweringNight","floor":7},{"not_picked":["Alleviate","Ricochet"],"picked":"Revamp","floor":8},{"not_picked":["Misdirection","Reset"],"picked":"TimeWarp","floor":10},{"not_picked":["TimeWarp","Ricochet"],"picked":"Rearm","floor":11},{"not_picked":["Ricochet","Rewind"],"picked":"Starlight","floor":12},{"not_picked":["Replace","MoonPhase"],"picked":"Dilation","floor":13},{"not_picked":["Potential","Unruled"],"picked":"Rearm","floor":15},{"not_picked":["Solidify","PendulumOfEternity"],"picked":"TheWorld","floor":16},{"not_picked":["DoubleEdge+1","Collapse","Starlight"],"picked":"GearUp","floor":18},{"not_picked":["Rearm","Unruled+1","ShiftingGears+1"],"picked":"Dilation","floor":19},{"not_picked":["Potential","Alleviate+1","Revamp"],"picked":"Unruled+1","floor":21},{"not_picked":["Alleviate+1","Misdirection","StarChef"],"picked":"ShatteredReality+1","floor":23},{"not_picked":["ShatteredReality","Alleviate+1","GearUp"],"picked":"DualDimension","floor":27},{"not_picked":["Starlight","Solidify","RealityMarble"],"picked":"Snipe","floor":29},{"not_picked":["Duplication","MurderousAura","LightFlow"],"picked":"Sunlight","floor":33},{"not_picked":["Ricochet","Starlight","Rewind+1"],"picked":"Potential+1","floor":35},{"not_picked":["Blind","Purity","Flash of Steel"],"picked":"Panache","floor":36},{"not_picked":["Replace+1","FastForward+1","Revamp+1"],"picked":"ReturningBlade+1","floor":37}],"player_experience":73356,"relics_obtained":[{"floor":1,"key":"Baka"},{"floor":7,"key":"Dream Catcher"},{"floor":9,"key":"Whetstone"},{"floor":12,"key":"Mercury Hourglass"},{"floor":17,"key":"Potion Belt"},{"floor":17,"key":"Question Card"},{"floor":17,"key":"LagranYue:WskJewelryRelic"},{"floor":26,"key":"Ccalipers"},{"floor":33,"key":"Baka2"}],"event_choices":[{"damage_healed":0,"gold_gain":0,"player_choice":"Upgraded","damage_taken":0,"max_hp_gain":0,"max_hp_loss":0,"event_name":"Upgrade Shrine","floor":14,"gold_loss":0,"cards_upgraded":["Revamp"]},{"cards_removed":["Strike_S"],"damage_healed":0,"gold_gain":0,"player_choice":"Gave Gold","damage_taken":0,"max_hp_gain":0,"max_hp_loss":0,"event_name":"Beggar","floor":20,"gold_loss":75},{"damage_healed":0,"gold_gain":99,"player_choice":"Stole From Cult","damage_taken":0,"max_hp_gain":0,"max_hp_loss":0,"event_name":"Nest","floor":22,"gold_loss":0},{"damage_healed":0,"gold_gain":0,"player_choice":"Ignored","damage_taken":0,"max_hp_gain":0,"max_hp_loss":0,"event_name":"Ghosts","floor":24,"gold_loss":0},{"damage_healed":21,"gold_gain":0,"player_choice":"Heal","damage_taken":0,"max_hp_gain":0,"max_hp_loss":0,"event_name":"The Library","floor":28,"gold_loss":0},{"damage_healed":0,"gold_gain":0,"player_choice":"Memory 1","damage_taken":0,"max_hp_gain":0,"max_hp_loss":0,"event_name":"SensoryStone","floor":36,"gold_loss":0},{"cards_removed":["InstantArmor"],"damage_healed":0,"gold_gain":0,"player_choice":"Removed Skill","damage_taken":0,"max_hp_gain":0,"max_hp_loss":0,"event_name":"Falling","floor":39,"gold_loss":0}],"is_beta":false,"boss_relics":[{"not_picked":["Tiny House","Philosopher\u0027s Stone"],"picked":"Calling Bell"},{"not_picked":["Fusion Hammer","Busted Crown"],"picked":"SlaversCollar"}],"items_purged_floors":[],"is_endless":false,"potions_floor_spawned":[2,3,11,16,18,27],"killed_by":"3 Darklings","ascension_level":0}}