{"host":"utcbn1j9ebmpc40m","time":1611001615,"event":{"mods":["BaseMod","Better Altar","Better Match","GifTheSpireLib","Minty Spire (QoL Compilation)","Poor People Problems","StSLib","SuperFastMode","The IronCluck","The Servant 0.9.4"],"gold_per_floor":[110,128,128,178,115,115,126,157,157,157,157,0,15,34,34,34,34],"floor_reached":16,"language":"ENG","playtime":298,"items_purged":[],"score":150,"play_id":"8ebf0b24-1e15-4135-8c70-f2c4cfe47d89","local_time":"20210118152655","is_ascension_mode":true,"campfire_choices":[{"floor":6,"key":"REST"},{"floor":11,"key":"REST"},{"floor":15,"key":"REST"}],"circlet_count":0,"master_deck":["AscendersBane","Survivor+1","Neutralize","Doppelganger","Concentrate+1","Riddle With Holes","Masterful Stab","All Out Attack","Flying Knee","Deadly Poison","Outmaneuver","Phantasmal Killer","Escape Plan","Dagger Spray","Infinite Blades","Bane","Leg Sweep","Corpse Explosion","Prepared","Deadly Poison"],"relics":["Pandora\u0027s Box","MawBank","Toy Ornithopter","Mummified Hand"],"acts_visited":["Exordium"],"potions_floor_usage":[14],"damage_taken":[{"damage":1,"enemies":"Cultist","floor":1,"turns":3},{"damage":12,"enemies":"Jaw Worm","floor":2,"turns":3},{"damage":3,"enemies":"Small Slimes","floor":7,"turns":3},{"damage":24,"enemies":"Lagavulin","floor":8,"turns":5},{"damage":7,"enemies":"Gremlin Gang","floor":13,"turns":2},{"damage":7,"enemies":"Looter","floor":14,"turns":2},{"damage":70,"enemies":"The Guardian","floor":16,"turns":8}],"seed_played":"-3413728344703502060","potions_obtained":[{"floor":1,"key":"EssenceOfSteel"},{"floor":2,"key":"Energy Potion"},{"floor":7,"key":"BlessingOfTheForge"}],"is_trial":false,"path_per_floor":["M","M","?","T","$","R","M","E","T","$","R","$","M","M","R","B"],"character_chosen":"THE_SILENT","items_purchased":["Infinite Blades","Corpse Explosion"],"campfire_rested":3,"item_purchase_floors":[5,12],"current_hp_per_floor":[62,50,36,36,36,57,54,30,30,30,51,51,44,42,63,0,0],"gold":34,"neow_bonus":"BOSS_RELIC","is_daily":false,"chose_seed":false,"campfire_upgraded":0,"win_rate":0.0,"timestamp":1611001615,"path_taken":["M","M","?","?","$","R","M","E","T","$","R","$","M","M","R","BOSS"],"items_purchased_type":["Card","Card"],"build_version":"2020-12-22","purchased_purges":0,"victory":false,"max_hp_per_floor":[70,70,70,70,70,70,70,70,70,70,70,70,70,70,70,70,70],"card_choices":[{"not_picked":["Concentrate","Slice"],"picked":"Dagger Spray","floor":1},{"not_picked":["Flechettes","Sucker Punch","Dagger Spray"],"picked":"SKIP","floor":2},{"not_picked":["Leg Sweep","Underhanded Strike"],"picked":"Bane","floor":7},{"not_picked":["Slice","Dagger Spray"],"picked":"Leg Sweep","floor":8},{"not_picked":["Blade Dance","Riddle With Holes"],"picked":"Prepared","floor":13},{"not_picked":["Caltrops","Dodge and Roll"],"picked":"Deadly Poison","floor":14}],"player_experience":499606,"relics_obtained":[{"floor":4,"key":"MawBank"},{"floor":8,"key":"Toy Ornithopter"},{"floor":9,"key":"Mummified Hand"}],"event_choices":[{"damage_healed":0,"gold_gain":0,"player_choice":"Entered Light","damage_taken":14,"max_hp_gain":0,"max_hp_loss":0,"event_name":"Shining Light","floor":3,"gold_loss":0,"cards_upgraded":["Concentrate","Survivor"]}],"is_beta":false,"boss_relics":[],"items_purged_floors":[],"is_endless":false,"potions_floor_spawned":[1,2,7],"killed_by":"The Guardian","ascension_level":10}}