{"host":"s58r5yp46srrl8k0","time":1611002335,"event":{"mods":["BaseMod","BetterRewards","Colored Powertips","Energized Spire","Infinite Spire","Minty Spire (QoL Compilation)","Permanent Neow","Relic Stats","Replay The Spire","StSLib"],"gold_per_floor":[10118,10130,9604,9623,9635,9663,9663,9676,9676,9078,9088,8426,8426,8461,8461,8587,8587,8611,8684,8684,8704,7797,7837,7858,6852,6907,6940,6855,6867,6918,6930,6942,7503,7515,8035,8585,9176,9188,9247,9894,9906,9933,9945,9957,10634,10646,10658,10093,10093,10848,10798,10798],"floor_reached":51,"language":"ENG","playtime":4257,"items_purged":["Strike_B","Defend_B","Static Discharge","ReplayTheSpireMod:Splinters","Amplify","Parasite"],"score":838,"play_id":"72acd0c2-6f63-4f11-8356-610169cebe4b","local_time":"20210118153855","is_ascension_mode":true,"campfire_choices":[{"data":"Crystallizer","floor":7.0,"key":"SMITH"},{"floor":15.0,"key":"REST"},{"data":"ReplayTheSpireMod:Private Reserves","floor":29.0,"key":"SMITH"},{"data":"infinitespire:FutureSight","floor":32.0,"key":"SMITH"},{"data":"Madness","floor":41,"key":"SMITH"},{"data":"Madness","floor":44,"key":"SMITH"},{"data":"Storm","floor":49,"key":"SMITH"}],"circlet_count":0,"master_deck":["Defend_B","Zap","Dualcast","Cold Snap","Static Discharge","Crystallizer+1","Capacitor","Bandage Up","Go for the Eyes+1","Glacier","Leap","Coolheaded","Electrodynamics","Barrage+1","Consume","RitualDagger+1","Capacitor","Redo","ReplayTheSpireMod:Private Reserves+1","Storm","infinitespire:FutureSight+1","Thunder Strike","Coolheaded","Go for the Eyes+1","Madness+1","Madness+1","FIFO Queue","Storm+1","ReplayGash","Echo Form","Strike_B","Cold Snap","Decay","ReplayTheSpireMod:Splinters"],"relics":["FrozenCore","Replay:Antivirus Software","Replay:Bottled Flurry","Juzu Bracelet","Dead Branch","ReplayTheSpireMod:Shallot","Centennial Puzzle","Eternal Feather","DataDisk","Bloody Idol","Thread and Needle","ReplayTheSpireMod:TigerMarble","Chameleon Ring","DollysMirror","Blue Candle","Whetstone","Mango","Lee\u0027s Waffle","Emotion Chip","Geode","Red Mask","MawBank","Nunchaku","infinitespire:EvilPickle","Black Star","Lizard Tail","Simple Rune","Sundial","CaptainsWheel","Philosopher\u0027s Stone","Calipers","Bronze Scales","Cauldron","Replay:Grab Bag","Painkiller Herb","energizedSpire:HugeHouse","Kintsugi"],"acts_visited":["Exordium","TheCity","TheBeyond","Exordium"],"potions_floor_usage":[39,39,40,50,50],"damage_taken":[{"damage":15.0,"enemies":"Small Slimes","floor":1.0,"turns":3.0},{"damage":2.0,"enemies":"Jaw Worm","floor":2.0,"turns":4.0},{"damage":9.0,"enemies":"2 Louse","floor":4.0,"turns":2.0},{"damage":1.0,"enemies":"2 Fungi Beasts","floor":5.0,"turns":3.0},{"damage":17.0,"enemies":"Lagavulin","floor":6.0,"turns":7.0},{"damage":17.0,"enemies":"Blue Slaver","floor":8.0,"turns":3.0},{"damage":12.0,"enemies":"Exordium Thugs","floor":11.0,"turns":10.0},{"damage":0.0,"enemies":"3 Sentries","floor":14.0,"turns":9.0},{"damage":3.0,"enemies":"Slime Boss","floor":16.0,"turns":16.0},{"damage":2.0,"enemies":"Chosen","floor":18.0,"turns":9.0},{"damage":0.0,"enemies":"3 Byrds","floor":21.0,"turns":2.0},{"damage":3.0,"enemies":"Book of Stabbing","floor":23.0,"turns":8.0},{"damage":9.0,"enemies":"Snake Plant","floor":24.0,"turns":6.0},{"damage":7.0,"enemies":"Masked Bandits","floor":27.0,"turns":6.0},{"damage":0.0,"enemies":"Nightmare","floor":30.0,"turns":8.0},{"damage":8.0,"enemies":"Pondfish","floor":33.0,"turns":12.0},{"damage":1,"enemies":"Orb Walker","floor":35,"turns":5},{"damage":1,"enemies":"3 Shapes","floor":36,"turns":3},{"damage":23,"enemies":"Transient","floor":37,"turns":5},{"damage":23,"enemies":"2 Orb Walkers","floor":39,"turns":6},{"damage":0,"enemies":"Nemesis","floor":40,"turns":13},{"damage":7,"enemies":"Writhing Mass","floor":42,"turns":4},{"damage":15,"enemies":"Maw","floor":45,"turns":5},{"damage":26,"enemies":"Replay:Hell Engine","floor":50,"turns":9}],"seed_played":"4997700156632389931","potions_obtained":[{"floor":4.0,"key":"Dexterity Potion"},{"floor":5.0,"key":"CultistPotion"},{"floor":8.0,"key":"Fire Potion"},{"floor":11.0,"key":"Block Potion"},{"floor":16.0,"key":"SkillPotion"},{"floor":18.0,"key":"Adrenaline Potion"},{"floor":19.0,"key":"EssenceOfDarkness"},{"floor":30.0,"key":"SkillPotion"},{"floor":33.0,"key":"Venom Potion"},{"floor":36,"key":"Adrenaline Potion"},{"floor":39,"key":"Cursed Concoction"},{"floor":42,"key":"EssenceOfDarkness"},{"floor":48,"key":"PotionOfCapacity"},{"floor":48,"key":"DuplicationPotion"},{"floor":48,"key":"FairyPotion"}],"is_trial":false,"path_per_floor":["M","M","$","M","M","E","R","M","T","$","M","$","?","E","R","B",null,"M","?","?","M","$","E","M","$","T","?","?","R","NM","?","R","B",null,"M","M","M","?","?","E","R","M","T","R","M","?","AVR","$","R","B",null],"character_chosen":"DEFECT","items_purchased":["Replay:Antivirus Software","Replay:Bottled Flurry","SkillPotion","ReplayTheSpireMod:Shallot","Bandage Up","Centennial Puzzle","Eternal Feather","DataDisk","Glacier","Leap","Chameleon Ring","DollysMirror","Blue Candle","Leap","Strength Potion","Mango","Lee\u0027s Waffle","Emotion Chip","ReplayTheSpireMod:Private Reserves","Bronze Scales","Cauldron","ReplayGash"],"campfire_rested":1,"item_purchase_floors":[3,3,3,10,10,10,12,12,12,12,22,22,22,22,22,25,25,25,25,48,48,48],"current_hp_per_floor":[67,65,65,56,55,38,38,21,21,21,13,13,13,17,48,49,76,76,76,70,74,74,73,68,97,97,94,94,97,97,97,97,97,97,97,97,84,77,68,87,97,95,97,97,96,97,97,94,94,78,89,89],"gold":10798,"neow_bonus":"TEN_PERCENT_HP_BONUS","is_daily":false,"chose_seed":false,"campfire_upgraded":6,"win_rate":0.0,"timestamp":1611002335,"path_taken":["M","M","$","M","M","E","R","M","T","$","M","$","?","E","R","BOSS","M","?","?","M","$","E","M","$","T","?","?","R","NM","?","R","BOSS","M","M","M","?","?","E","R","M","T","R","M","?","AVR","?","R","BOSS"],"items_purchased_type":["Relic","Relic","Potion","Relic","Card","Relic","Relic","Relic","Card","Card","Relic","Relic","Relic","Card","Potion","Relic","Relic","Relic","Card","Relic","Relic","Card"],"build_version":"2020-12-22","purchased_purges":6,"victory":false,"max_hp_per_floor":[82,82,82,82,82,82,82,82,82,82,82,82,76,76,76,76,76,76,76,76,76,76,76,76,97,97,97,97,97,97,97,97,97,97,97,97,97,97,97,97,97,97,97,97,97,97,97,94,94,94,89,89],"relic_stats":{"Lee\u0027s Waffle":15,"counters":[24,158],"Dead Branch":[99],"Blue Candle":[0],"Eternal Feather":22,"Juzu Bracelet":1,"Whetstone":["Go for the Eyes","RitualDagger"],"MawBank":240,"FrozenCore":[34],"Centennial Puzzle":[42],"Emotion Chip":[114,57,57,0,0],"Nunchaku":[6],"Lizard Tail":0,"Sundial":[0],"Bloody Idol":74,"Bronze Scales":[13],"Black Star":1,"obtain_stats":[{"Calipers":47,"Mango":25,"Painkiller Herb":51,"Juzu Bracelet":6,"Whetstone":23,"FrozenCore":17,"Centennial Puzzle":10,"Emotion Chip":25,"Nunchaku":30,"Lizard Tail":39,"Chameleon Ring":22,"DollysMirror":22,"Sundial":40,"Philosopher\u0027s Stone":47,"Replay:Bottled Flurry":3,"Red Mask":27,"energizedSpire:HugeHouse":51,"Replay:Antivirus Software":3,"Cracked Core":0,"Lee\u0027s Waffle":25,"Golden Idol":13,"Dead Branch":9,"Blue Candle":22,"Replay:Grab Bag":51,"Eternal Feather":12,"Thread and Needle":14,"Geode":26,"MawBank":28,"infinitespire:EvilPickle":33,"Cauldron":48,"DataDisk":12,"CaptainsWheel":43,"ReplayTheSpireMod:Shallot":10,"Bloody Idol":31,"Bronze Scales":48,"Simple Rune":40,"ReplayTheSpireMod:TigerMarble":19,"Black Star":34,"Kintsugi":51},{"Calipers":23,"Mango":13,"Painkiller Herb":24,"Juzu Bracelet":5,"Whetstone":12,"FrozenCore":9,"Centennial Puzzle":6,"Emotion Chip":13,"Nunchaku":15,"Lizard Tail":20,"Chameleon Ring":11,"DollysMirror":11,"Sundial":21,"Philosopher\u0027s Stone":23,"Replay:Bottled Flurry":2,"Red Mask":14,"energizedSpire:HugeHouse":24,"Replay:Antivirus Software":2,"Cracked Core":0,"Lee\u0027s Waffle":13,"Golden Idol":7,"Dead Branch":6,"Blue Candle":11,"Replay:Grab Bag":24,"Eternal Feather":7,"Thread and Needle":8,"Geode":13,"MawBank":14,"infinitespire:EvilPickle":16,"Cauldron":23,"DataDisk":7,"CaptainsWheel":22,"ReplayTheSpireMod:Shallot":6,"Bloody Idol":15,"Bronze Scales":23,"Simple Rune":21,"ReplayTheSpireMod:TigerMarble":10,"Black Star":16,"Kintsugi":24},{"Calipers":149,"Mango":82,"Painkiller Herb":158,"Juzu Bracelet":19,"Whetstone":76,"FrozenCore":57,"Centennial Puzzle":22,"Emotion Chip":82,"Nunchaku":96,"Lizard Tail":127,"Chameleon Ring":68,"DollysMirror":68,"Sundial":140,"Philosopher\u0027s Stone":149,"Replay:Bottled Flurry":7,"Red Mask":88,"energizedSpire:HugeHouse":158,"Replay:Antivirus Software":7,"Cracked Core":0,"Lee\u0027s Waffle":82,"Golden Idol":32,"Dead Branch":22,"Blue Candle":68,"Replay:Grab Bag":158,"Eternal Feather":32,"Thread and Needle":41,"Geode":82,"MawBank":88,"infinitespire:EvilPickle":108,"Cauldron":149,"DataDisk":32,"CaptainsWheel":144,"ReplayTheSpireMod:Shallot":22,"Bloody Idol":96,"Bronze Scales":149,"Simple Rune":140,"ReplayTheSpireMod:TigerMarble":66,"Black Star":108,"Kintsugi":158}]},"card_choices":[{"not_picked":["Coolheaded","Hologram"],"picked":"Cold Snap","floor":1.0},{"not_picked":["Fusion","Barrage"],"picked":"Static Discharge","floor":2.0},{"not_picked":["Go for the Eyes","Redo"],"picked":"Static Discharge","floor":4.0},{"not_picked":["Rebound","ReplayTheSpireMod:GoodbyeWorld"],"picked":"Amplify","floor":5.0},{"not_picked":["Redo","Cold Snap"],"picked":"Crystallizer","floor":6.0},{"not_picked":["Go for the Eyes","Sweeping Beam"],"picked":"Capacitor","floor":8.0},{"not_picked":["Rebound","ReplayTheSpireMod:System Scan"],"picked":"Go for the Eyes","floor":11.0},{"not_picked":["Crystallizer","Panic Button"],"picked":"Coolheaded","floor":14.0},{"not_picked":["ReplayTheSpireMod:Omega Cannon","Seek"],"picked":"Electrodynamics","floor":16.0},{"not_picked":["Stack","Beam Cell+1"],"picked":"Barrage+1","floor":18.0},{"not_picked":["Darkness","Sweeping Beam"],"picked":"Consume","floor":19.0},{"not_picked":["Reinforced Body+1","Gash","Chaos"],"picked":"SKIP","floor":21.0},{"not_picked":["Creative AI","BasicCrystalCard","Cold Snap"],"picked":"SKIP","floor":23.0},{"not_picked":["Streamline","Compile Driver"],"picked":"Redo","floor":24.0},{"not_picked":["Static Discharge+1","Melter"],"picked":"Storm","floor":27.0},{"not_picked":["infinitespire:Fortify","infinitespire:NeuralNetwork"],"picked":"infinitespire:FutureSight","floor":30.0},{"not_picked":["Steam","Hologram","Undo"],"picked":"SKIP","floor":30.0},{"not_picked":["Amplify","Buffer"],"picked":"Thunder Strike","floor":33.0},{"not_picked":["Streamline+1","Capacitor+1"],"picked":"Coolheaded","floor":35},{"not_picked":["Heatsinks","Leap","BasicCrystalCard"],"picked":"SKIP","floor":36},{"not_picked":["BasicCrystalCard","Stack"],"picked":"Go for the Eyes+1","floor":37},{"not_picked":["Leap","Conserve Battery+1"],"picked":"FIFO Queue","floor":39},{"not_picked":["Tempest","Conserve Battery","Time Bomb+1"],"picked":"SKIP","floor":40},{"not_picked":["Go for the Eyes+1","Crystallizer","Tempest"],"picked":"SKIP","floor":42},{"not_picked":["Coolheaded","Stack"],"picked":"Storm","floor":45},{"not_picked":["ReplayRNGCard","Seek"],"picked":"Echo Form","floor":50}],"player_experience":312551,"relics_obtained":[{"floor":6.0,"key":"Juzu Bracelet"},{"floor":9.0,"key":"Dead Branch"},{"floor":14.0,"key":"Thread and Needle"},{"floor":19.0,"key":"ReplayTheSpireMod:TigerMarble"},{"floor":23.0,"key":"Whetstone"},{"floor":26.0,"key":"Geode"},{"floor":27.0,"key":"Red Mask"},{"floor":30.0,"key":"Nunchaku"},{"floor":39,"key":"Lizard Tail"},{"floor":40,"key":"Simple Rune"},{"floor":40,"key":"Sundial"},{"floor":43,"key":"CaptainsWheel"}],"event_choices":[{"damage_healed":0.0,"max_hp_gain":0.0,"max_hp_loss":6.0,"gold_gain":0.0,"event_name":"Golden Idol","player_choice":"Lose Max HP","floor":13.0,"gold_loss":0.0,"damage_taken":0.0,"relics_obtained":["Golden Idol"]},{"damage_healed":0.0,"max_hp_gain":0.0,"max_hp_loss":0.0,"gold_gain":0.0,"event_name":"Nest","player_choice":"Joined the Cult","floor":20.0,"gold_loss":0.0,"damage_taken":6.0,"cards_obtained":["RitualDagger"]},{"damage_healed":0.0,"max_hp_gain":0.0,"max_hp_loss":0.0,"gold_gain":0.0,"event_name":"Masked Bandits","player_choice":"Fought Bandits","floor":27.0,"gold_loss":0.0,"damage_taken":0.0},{"damage_healed":0.0,"max_hp_gain":0.0,"max_hp_loss":0.0,"gold_gain":0.0,"event_name":"Addict","player_choice":"Obtained Relic","floor":28.0,"gold_loss":85.0,"damage_taken":0.0,"relics_obtained":["MawBank"]},{"damage_healed":0.0,"max_hp_gain":0.0,"max_hp_loss":0.0,"gold_gain":0.0,"event_name":"Forgotten Altar","player_choice":"Gave Idol","floor":31.0,"relics_lost":["Golden Idol"],"gold_loss":0.0,"damage_taken":0.0,"relics_obtained":["Bloody Idol"]},{"damage_healed":0,"gold_gain":0,"player_choice":"Embrace Madness","damage_taken":12,"max_hp_gain":0,"max_hp_loss":0,"event_name":"Winding Halls","floor":38,"gold_loss":0,"cards_obtained":["Madness","Madness"]},{"damage_healed":0,"gold_gain":0,"player_choice":"Fight","damage_taken":0,"max_hp_gain":0,"max_hp_loss":0,"event_name":"Mysterious Sphere","floor":39,"gold_loss":0},{"damage_healed":0,"gold_gain":0,"player_choice":"Ignored","damage_taken":0,"max_hp_gain":0,"max_hp_loss":0,"event_name":"Tomb of Lord Red Mask","floor":46,"gold_loss":0}],"is_beta":false,"boss_relics":[{"not_picked":["Ring of Chaos","Calling Bell"],"picked":"FrozenCore"},{"not_picked":["Astrolabe","Fusion Hammer"],"picked":"Black Star"},{"not_picked":["Pandora\u0027s Box","Busted Crown"],"picked":"Replay:Grab Bag"},{"not_picked":["energizedSpire:SpiderWeb","Cursed Key"],"picked":"Painkiller Herb"},{"not_picked":["energizedSpire:MagnifyingGlass","energizedSpire:UnstableMolecules"],"picked":"energizedSpire:HugeHouse"},{"not_picked":["Snecko Eye","Nuclear Battery"],"picked":"Kintsugi"}],"items_purged_floors":[3,10,12,22,25,48],"is_endless":true,"potions_floor_spawned":[4,5,8,11,14,16,18,24,30,33,35,36,39,42],"ascension_level":2}}