{"host":"c5slkkw8hp42e20v","time":1611003152,"event":{"mods":["AchievementEnabler","BaseMod","Better Note","BetterRewards","Clawfect","Colored Powertips","DeckTracker","Friendly Minions","GifTheSpireLib","Hermit","Highlight Path","Minty Spire (QoL Compilation)","Quick Restart","Rare Cards Sparkle","Replay The Spire","Spicy Shops","StSLib","The Administrix","The Animator","The Bug Knight","The Hierophant","The Necromancer","The Poker Player","The Runesmith","The Senshi","The Servant 0.9.4","????"],"gold_per_floor":[117,127,143,155,169,198,198,227,252,20,33,33,48,64,64,168,168,187,62,81,81,81,107,206,80,106,106,125,136,136,136],"floor_reached":30,"language":"ENG","playtime":1292,"items_purged":["Parasite","Injury","Replay:Hysterical Blindness"],"score":389,"play_id":"1c08739c-d4cc-4f57-811f-9e954a2063ba","local_time":"20210118145232","is_ascension_mode":false,"campfire_choices":[{"data":"Gash","floor":7,"key":"SMITH"},{"floor":12,"key":"REST"},{"floor":15,"key":"REST"},{"floor":27,"key":"REST"}],"circlet_count":0,"master_deck":["Gash+1","Gash+1","Gash+1","Gash+1","Defend_B","Defend_B","Defend_B","Defend_B","Defend_B","Clawfect:ClawSnap","Reinforced Body","Clawfect:Clawrage","Capacitor","Clawfect:Clawter","Clawfect:ClawSnap","Clawfect:ClawingBeam","Rebound","Clawfect:Clawter","Gash+1","Clawfect:ClawSnap","Stack","Clawfect:ClawForTheEyes","Mirror Shield","Clawfect:ScrapingClaw+1","Turbo","Clawfect:ClawingBeam","Capacitor","Gash+1","Clawfect:ScrapingClaw+1","Hello World"],"relics":["Clawfect:DRClaw","Centennial Puzzle","Replay:Towering Pillar of Hats","Replay:Mystery Machine","ReplayTheSpireMod:Lightbulb","ReplayTheSpireMod:CursedCoin","Replay:Bottled Eggs","Nuclear Battery","Lantern","Ancient Tea Set"],"acts_visited":["Exordium","TheCity"],"potions_floor_usage":[],"damage_taken":[{"damage":0,"enemies":"Cultist","floor":1,"turns":5},{"damage":0,"enemies":"Jaw Worm","floor":2,"turns":5},{"damage":5,"enemies":"2 Louse","floor":3,"turns":4},{"damage":11,"enemies":"Large Slime","floor":4,"turns":5},{"damage":3,"enemies":"Red Slaver","floor":5,"turns":4},{"damage":16,"enemies":"3 Sentries","floor":6,"turns":6},{"damage":16,"enemies":"Lagavulin","floor":8,"turns":5},{"damage":12,"enemies":"2 Fungi Beasts","floor":11,"turns":4},{"damage":6,"enemies":"Large Slime","floor":13,"turns":3},{"damage":3,"enemies":"Looter","floor":14,"turns":3},{"damage":19,"enemies":"Slime Boss","floor":16,"turns":6},{"damage":0,"enemies":"Chosen","floor":18,"turns":4},{"damage":1,"enemies":"Spheric Guardian","floor":20,"turns":3},{"damage":14,"enemies":"Book of Stabbing","floor":23,"turns":5},{"damage":1,"enemies":"Cultist and Chosen","floor":28,"turns":3},{"damage":19,"enemies":"Centurion and Healer","floor":29,"turns":5},{"damage":55,"enemies":"Slavers","floor":30,"turns":4}],"seed_played":"-1693737549815908384","potions_obtained":[{"floor":2,"key":"PowerPotion"},{"floor":3,"key":"Adrenaline Potion"},{"floor":5,"key":"DistilledChaos"},{"floor":23,"key":"Regen Potion"}],"is_trial":false,"path_per_floor":["M","M","M","M","M","E","R","E","T","$","M","R","M","M","R","B",null,"M","$","M","?","?","E","?","R","T","R","M","M","E"],"character_chosen":"DEFECT","items_purchased":["Centennial Puzzle","Clawfect:ClawSnap","ReplayTheSpireMod:CursedCoin","Replay:Bottled Eggs","Gash+1","Capacitor","Gash"],"campfire_rested":3,"item_purchase_floors":[0,0,10,10,10,25,25],"current_hp_per_floor":[72,72,67,56,53,37,37,21,21,21,9,30,24,21,42,23,72,72,72,71,71,71,57,57,57,57,72,71,52,0,0],"gold":136,"neow_bonus":"","is_daily":false,"chose_seed":false,"campfire_upgraded":1,"win_rate":0.0,"timestamp":1611003152,"path_taken":["M","?","?","M","M","E","R","E","T","$","M","R","M","M","R","BOSS","M","$","M","?","?","E","?","R","T","R","M","M","E"],"items_purchased_type":["Relic","Card","Relic","Relic","Card","Card","Card"],"build_version":"2020-12-22","purchased_purges":3,"victory":false,"max_hp_per_floor":[72,72,72,72,72,72,72,72,72,72,72,72,72,72,72,72,72,72,72,72,72,72,72,72,72,72,72,72,72,72,72],"card_choices":[{"not_picked":["ReplayTheSpireMod:Calculation Training","Clawfect:ClawLightning"],"picked":"Clawfect:Clawrage","floor":1},{"not_picked":["Turbo","Steam"],"picked":"Capacitor","floor":2},{"not_picked":["Leap","Consume"],"picked":"Clawfect:Clawter","floor":3},{"not_picked":["Conserve Battery","Loop"],"picked":"Clawfect:ClawSnap","floor":4},{"not_picked":["Reprogram","Steam"],"picked":"Clawfect:ClawingBeam","floor":5},{"not_picked":["ReplayRNGCard","Leap"],"picked":"Rebound","floor":6},{"not_picked":["Creative AI","Hologram"],"picked":"Clawfect:Clawter","floor":8},{"not_picked":["Lockon","Clawfect:ClawpileDriver"],"picked":"Clawfect:ClawSnap","floor":11},{"not_picked":["BootSequence","Reprogram"],"picked":"Stack","floor":13},{"not_picked":["Coolheaded","ReplayTheSpireMod:Calculation Training"],"picked":"Clawfect:ClawForTheEyes","floor":14},{"not_picked":["Echo Form","Hyperbeam"],"picked":"Mirror Shield","floor":16},{"not_picked":["Steam","Sunder"],"picked":"Clawfect:ScrapingClaw+1","floor":18},{"not_picked":["Static Discharge","Force Field"],"picked":"Turbo","floor":20},{"not_picked":["Thunder Strike","Recycle"],"picked":"Clawfect:ClawingBeam","floor":23},{"not_picked":["Conserve Battery+1","Hologram"],"picked":"Clawfect:ScrapingClaw+1","floor":28},{"not_picked":["Leap","Reprogram"],"picked":"Hello World","floor":29}],"player_experience":82166,"relics_obtained":[{"floor":6,"key":"Replay:Towering Pillar of Hats"},{"floor":8,"key":"Replay:Mystery Machine"},{"floor":9,"key":"ReplayTheSpireMod:Lightbulb"},{"floor":23,"key":"Lantern"},{"floor":26,"key":"Ancient Tea Set"}],"event_choices":[{"damage_healed":0,"gold_gain":0,"player_choice":"Got Potions","damage_taken":0,"max_hp_gain":0,"max_hp_loss":0,"event_name":"Lab","floor":21,"gold_loss":0},{"damage_healed":0,"gold_gain":0,"player_choice":"Ignored","damage_taken":0,"max_hp_gain":0,"max_hp_loss":0,"event_name":"betterNote:BetterNote","floor":22,"gold_loss":0,"cards_obtained":["Slice"]},{"damage_healed":0,"gold_gain":99,"player_choice":"Stole From Cult","damage_taken":0,"max_hp_gain":0,"max_hp_loss":0,"event_name":"Nest","floor":24,"gold_loss":0}],"is_beta":false,"boss_relics":[{"not_picked":["Replay:Ancient Bell","Painkiller Herb"],"picked":"Nuclear Battery"}],"items_purged_floors":[0,10,19],"is_endless":false,"potions_floor_spawned":[2,3,5,13,14,16,23,29],"killed_by":"Slavers","ascension_level":0}}