{"host":"q9718omregw4er46","time":1611002248,"event":{"mods":["BaseMod","Bestiary","Colored Powertips","Minty Spire (QoL Compilation)","Quick Restart","Relic Stats"],"gold_per_floor":[109,134,284,284,48,48,79,91,127,167,49,80,95,111,111,182,182,199,199,212,230,250,250,279,279,306,306,331,431,441,470,470,549,549,560,607,631,228,198,198,215,248,248,264,275,303,303,317,317,317,317],"floor_reached":50,"language":"ENG","playtime":2052,"items_purged":["Doubt","Strike_B","Strike_B"],"score":1252,"play_id":"c2e17ac1-7a42-487f-a580-42160827039f","local_time":"20210119013728","is_ascension_mode":true,"campfire_choices":[{"floor":6.0,"key":"REST"},{"floor":8.0,"key":"REST"},{"data":"Electrodynamics","floor":15.0,"key":"SMITH"},{"data":"Buffer","floor":23.0,"key":"SMITH"},{"floor":27.0,"key":"REST"},{"data":"Defragment","floor":32.0,"key":"SMITH"},{"data":"Amplify","floor":40.0,"key":"SMITH"},{"floor":49.0,"key":"RECALL"}],"circlet_count":0,"master_deck":["AscendersBane","Strike_B","Strike_B","Defend_B","Defend_B","Defend_B","Defend_B","Zap","Reboot","Chill","Self Repair","Glacier","Core Surge","Loop","Ball Lightning","Electrodynamics+1","Buffer+1","Self Repair","Glacier","Defragment+1","White Noise","Amplify+1","Skim","Static Discharge","Injury","Compile Driver"],"relics":["Cracked Core","Strawberry","Oddly Smooth Stone","MawBank","Omamori","Vajra","Darkstone Periapt","Cursed Key","Bag of Preparation","Enchiridion","Eternal Feather","Ice Cream","Singing Bowl","DataDisk","Busted Crown","Unceasing Top","MealTicket","Membership Card","Bottled Lightning","Bag of Marbles","Peace Pipe","Dream Catcher"],"acts_visited":["Exordium","TheCity","TheBeyond"],"potions_floor_usage":[],"damage_taken":[{"damage":6.0,"enemies":"Cultist","floor":1.0,"turns":3.0},{"damage":26.0,"enemies":"3 Sentries","floor":7.0,"turns":18.0},{"damage":16.0,"enemies":"Gremlin Nob","floor":10.0,"turns":4.0},{"damage":0.0,"enemies":"3 Sentries","floor":12.0,"turns":3.0},{"damage":6.0,"enemies":"Jaw Worm","floor":13.0,"turns":2.0},{"damage":0.0,"enemies":"2 Louse","floor":14.0,"turns":1.0},{"damage":20.0,"enemies":"Slime Boss","floor":16.0,"turns":6.0},{"damage":8.0,"enemies":"Spheric Guardian","floor":18.0,"turns":4.0},{"damage":9.0,"enemies":"Chosen","floor":20.0,"turns":5.0},{"damage":5.0,"enemies":"Centurion and Healer","floor":21.0,"turns":4.0},{"damage":15.0,"enemies":"Chosen and Byrds","floor":22.0,"turns":5.0},{"damage":31.0,"enemies":"Slavers","floor":24.0,"turns":4.0},{"damage":11.0,"enemies":"Gremlin Leader","floor":28.0,"turns":10.0},{"damage":13.0,"enemies":"Colosseum Slavers","floor":29.0,"turns":3.0},{"damage":7.0,"enemies":"Colosseum Nobs","floor":29.0,"turns":2.0},{"damage":0.0,"enemies":"Snecko","floor":30.0,"turns":5.0},{"damage":10.0,"enemies":"Slavers","floor":31.0,"turns":3.0},{"damage":7.0,"enemies":"Collector","floor":33.0,"turns":9.0},{"damage":0.0,"enemies":"Orb Walker","floor":35.0,"turns":3.0},{"damage":15.0,"enemies":"2 Orb Walkers","floor":36.0,"turns":3.0},{"damage":3.0,"enemies":"3 Darklings","floor":41.0,"turns":6.0},{"damage":33.0,"enemies":"Reptomancer","floor":42.0,"turns":5.0},{"damage":21.0,"enemies":"Spire Growth","floor":44.0,"turns":7.0},{"damage":0.0,"enemies":"Sphere and 2 Shapes","floor":45.0,"turns":4.0},{"damage":59.0,"enemies":"Giant Head","floor":46.0,"turns":11.0},{"damage":0.0,"enemies":"3 Darklings","floor":48.0,"turns":4.0},{"damage":87,"enemies":"Awakened One","floor":50,"turns":9}],"seed_played":"-4135955013615143840","potions_obtained":[{"floor":7.0,"key":"Weak Potion"},{"floor":10.0,"key":"PowerPotion"},{"floor":16.0,"key":"SneckoOil"},{"floor":21.0,"key":"Block Potion"},{"floor":28.0,"key":"SneckoOil"},{"floor":30.0,"key":"Explosive Potion"},{"floor":31.0,"key":"Block Potion"},{"floor":39.0,"key":"LiquidMemories"},{"floor":42.0,"key":"LiquidMemories"},{"floor":44.0,"key":"Dexterity Potion"},{"floor":45.0,"key":"Ancient Potion"}],"is_trial":false,"path_per_floor":["M","T","?","?","$","R","E","R","T","E","$","E","M","M","R","B",null,"M","?","M","M","M","R","E","?","T","R","E","?","M","E","R","B",null,"M","?","T","$","?","R","M","E","T","M","M","E","?","M","R","B"],"character_chosen":"DEFECT","items_purchased":["Self Repair","Glacier","Ball Lightning","Membership Card","Bottled Lightning","Static Discharge"],"campfire_rested":3,"item_purchase_floors":[5,5,11,38,38,38],"current_hp_per_floor":[40,47,47,12,12,35,16,39,39,30,30,30,24,24,24,11,61,60,60,58,67,66,66,49,28,28,51,54,50,64,56,68,75,80,82,74,74,84,84,84,86,69,75,84,98,53,53,69,84,0,0],"gold":317,"neow_bonus":"THREE_RARE_CARDS","is_daily":false,"chose_seed":false,"campfire_upgraded":4,"win_rate":0.0,"timestamp":1611002248,"path_taken":["M","?","?","?","$","R","E","R","T","E","?","E","M","M","R","BOSS","M","?","M","M","M","R","E","?","T","R","E","?","M","E","R","BOSS","M","?","?","$","?","R","M","E","T","?","M","E","?","M","R","BOSS"],"items_purchased_type":["Card","Card","Card","Relic","Relic","Card"],"build_version":"2020-12-22","purchased_purges":3,"victory":false,"max_hp_per_floor":[71,78,78,78,78,78,78,78,78,78,78,78,78,78,78,78,78,78,78,78,78,78,78,78,78,78,78,78,80,80,82,82,82,82,84,84,84,84,84,84,86,88,94,96,98,98,98,100,100,100,100],"relic_stats":{"Darkstone Periapt":6,"Singing Bowl":16,"counters":[27,141],"Eternal Feather":27,"Bag of Preparation":[30],"MawBank":48,"Cursed Key":3,"Peace Pipe":0,"Dream Catcher":0,"Busted Crown":16,"MealTicket":10,"obtain_stats":[{"Darkstone Periapt":12,"Ice Cream":29,"Singing Bowl":29,"Oddly Smooth Stone":4,"Vajra":10,"Enchiridion":25,"Eternal Feather":28,"Omamori":9,"Bag of Preparation":24,"MawBank":7,"Cursed Key":17,"Peace Pipe":43,"DataDisk":31,"Dream Catcher":46,"Busted Crown":34,"Strawberry":2,"MealTicket":37,"Bag of Marbles":42,"Membership Card":38,"Bottled Lightning":38,"Cracked Core":0,"Unceasing Top":36},{"Darkstone Periapt":4,"Ice Cream":15,"Singing Bowl":15,"Oddly Smooth Stone":1,"Vajra":3,"Enchiridion":12,"Eternal Feather":13,"Omamori":2,"Bag of Preparation":12,"MawBank":2,"Cursed Key":7,"Peace Pipe":22,"DataDisk":17,"Dream Catcher":25,"Busted Crown":18,"Strawberry":1,"MealTicket":20,"Bag of Marbles":22,"Membership Card":20,"Bottled Lightning":20,"Cracked Core":0,"Unceasing Top":20},{"Darkstone Periapt":28,"Ice Cream":74,"Singing Bowl":74,"Oddly Smooth Stone":3,"Vajra":25,"Enchiridion":59,"Eternal Feather":69,"Omamori":21,"Bag of Preparation":59,"MawBank":21,"Cursed Key":37,"Peace Pipe":108,"DataDisk":82,"Dream Catcher":128,"Busted Crown":91,"Strawberry":3,"MealTicket":97,"Bag of Marbles":108,"Membership Card":97,"Bottled Lightning":97,"Cracked Core":0,"Unceasing Top":97}],"Unceasing Top":[3]},"card_choices":[{"not_picked":["Meteor Strike","Amplify"],"picked":"Reboot","floor":0.0},{"not_picked":["Go for the Eyes","Double Energy"],"picked":"Chill","floor":1.0},{"not_picked":["Steam Power","Redo"],"picked":"Core Surge","floor":7.0},{"not_picked":["Doom and Gloom","Consume"],"picked":"Loop","floor":10.0},{"not_picked":["Beam Cell","Streamline"],"picked":"Electrodynamics","floor":12.0},{"not_picked":["Beam Cell","Double Energy","Streamline"],"picked":"SKIP","floor":13.0},{"not_picked":["Scrape","Beam Cell","Hologram"],"picked":"SKIP","floor":14.0},{"not_picked":["Electrodynamics","Creative AI"],"picked":"Buffer","floor":16.0},{"not_picked":["Ball Lightning","Coolheaded","Stack"],"picked":"SKIP","floor":18.0},{"not_picked":["Undo","Doom and Gloom+1"],"picked":"Self Repair","floor":20.0},{"not_picked":["Scrape","Turbo","Barrage"],"picked":"SKIP","floor":21.0},{"not_picked":["Thunder Strike","Turbo","Conserve Battery"],"picked":"SKIP","floor":22.0},{"not_picked":["Thunder Strike","Turbo","Conserve Battery"],"picked":"SKIP","floor":22.0},{"not_picked":["Beam Cell","Rainbow"],"picked":"Glacier","floor":24.0},{"not_picked":["Beam Cell+1","Tempest+1"],"picked":"Defragment","floor":28.0},{"not_picked":["Redo","Stack","Consume"],"picked":"Singing Bowl","floor":29.0},{"not_picked":["All For One","Skim"],"picked":"White Noise","floor":30.0},{"not_picked":["Go for the Eyes","Hologram","Streamline"],"picked":"Singing Bowl","floor":31.0},{"not_picked":["Core Surge","Biased Cognition"],"picked":"Amplify","floor":33.0},{"not_picked":["Aggregate+1"],"picked":"Singing Bowl","floor":35.0},{"not_picked":[],"picked":"Skim","floor":36.0},{"not_picked":["Conserve Battery"],"picked":"Singing Bowl","floor":41.0},{"not_picked":["Beam Cell"],"picked":"Singing Bowl","floor":42.0},{"not_picked":["Consume"],"picked":"Singing Bowl","floor":44.0},{"not_picked":["Streamline+1"],"picked":"Singing Bowl","floor":45.0},{"not_picked":[],"picked":"Compile Driver","floor":46.0},{"not_picked":["Steam Power"],"picked":"Singing Bowl","floor":48.0}],"player_experience":1226488,"relics_obtained":[{"floor":2.0,"key":"Strawberry"},{"floor":7.0,"key":"MawBank"},{"floor":9.0,"key":"Omamori"},{"floor":10.0,"key":"Vajra"},{"floor":12.0,"key":"Darkstone Periapt"},{"floor":24.0,"key":"Bag of Preparation"},{"floor":25.0,"key":"Enchiridion"},{"floor":28.0,"key":"Eternal Feather"},{"floor":29.0,"key":"Ice Cream"},{"floor":29.0,"key":"Singing Bowl"},{"floor":31.0,"key":"DataDisk"},{"floor":36.0,"key":"Unceasing Top"},{"floor":37.0,"key":"MealTicket"},{"floor":42.0,"key":"Bag of Marbles"},{"floor":43.0,"key":"Peace Pipe"},{"floor":46.0,"key":"Dream Catcher"}],"event_choices":[{"damage_healed":0.0,"max_hp_gain":0.0,"max_hp_loss":0.0,"gold_gain":150.0,"event_name":"Liars Game","player_choice":"AGREE","floor":3.0,"gold_loss":0.0,"damage_taken":0.0,"cards_obtained":["Doubt"]},{"damage_healed":0.0,"max_hp_gain":0.0,"max_hp_loss":0.0,"gold_gain":0.0,"event_name":"Scrap Ooze","player_choice":"Success","floor":4.0,"gold_loss":0.0,"damage_taken":35.0,"relics_obtained":["Oddly Smooth Stone"]},{"damage_healed":0.0,"max_hp_gain":0.0,"max_hp_loss":0.0,"gold_gain":0.0,"event_name":"The Mausoleum","player_choice":"Ignored","floor":19.0,"gold_loss":0.0,"damage_taken":0.0},{"damage_healed":0.0,"max_hp_gain":0.0,"max_hp_loss":0.0,"gold_gain":0.0,"event_name":"Cursed Tome","player_choice":"Obtained Book","floor":25.0,"gold_loss":0.0,"damage_taken":21.0},{"damage_healed":0.0,"max_hp_gain":0.0,"max_hp_loss":0.0,"gold_gain":0.0,"event_name":"Colosseum","player_choice":"Fight","floor":29.0,"gold_loss":0.0,"damage_taken":0.0},{"damage_healed":0.0,"max_hp_gain":0.0,"max_hp_loss":0.0,"gold_gain":0.0,"event_name":"Colosseum","player_choice":"Fought Nobs","floor":29.0,"gold_loss":0.0,"damage_taken":0.0},{"damage_healed":0.0,"max_hp_gain":0.0,"max_hp_loss":0.0,"gold_gain":0.0,"event_name":"Mysterious Sphere","player_choice":"Fight","floor":36.0,"gold_loss":0.0,"damage_taken":0.0},{"damage_healed":0.0,"max_hp_gain":0.0,"max_hp_loss":0.0,"gold_gain":0.0,"event_name":"The Woman in Blue","player_choice":"Bought 2 Potions","floor":39.0,"gold_loss":0.0,"damage_taken":0.0},{"cards_removed":["Dualcast"],"damage_healed":0.0,"max_hp_gain":0.0,"max_hp_loss":0.0,"gold_gain":0.0,"event_name":"Falling","player_choice":"Removed Skill","floor":47.0,"gold_loss":0.0,"damage_taken":0.0}],"is_beta":false,"boss_relics":[{"not_picked":["Sozu","Astrolabe"],"picked":"Cursed Key"},{"not_picked":["Empty Cage","FrozenCore"],"picked":"Busted Crown"}],"items_purged_floors":[5,11,38],"is_endless":false,"potions_floor_spawned":[7,10,16,21,28,29,30,31,42,44,45,48],"killed_by":"Awakened One","ascension_level":20}}