{"host":"vm3f1ccwgbs4oygt","time":1611008786,"event":{"mods":["BaseMod","BetterRewards","Colored Powertips","Minty Spire (QoL Compilation)","Permanent Neow","Shop Mod","StSLib"],"gold_per_floor":[117,134,144,144,144,144,101,101,177,208,222,222,253,263,263,365,365,365,365],"floor_reached":18,"language":"ENG","playtime":1523,"items_purged":[],"score":187,"play_id":"e62793d2-7c94-48eb-8d3f-ae5bf63bd963","local_time":"20210118232626","is_ascension_mode":true,"campfire_choices":[{"data":"Armaments","floor":6,"key":"SMITH"},{"data":"Flame Barrier","floor":8,"key":"SMITH"},{"data":"Bash","floor":12,"key":"SMITH"},{"floor":15,"key":"REST"}],"circlet_count":0,"master_deck":["Bash+1","Flame Barrier+1","Armaments+1","Heavy Blade","Cleave","Exhume","Iron Wave","Hemokinesis","Thunderclap","Iron Wave","Perfected Strike","Intimidate","Sentinel","Warcry"],"relics":["Burning Blood","Letter Opener","Paper Frog","Lantern","Pandora\u0027s Box"],"acts_visited":["Exordium","TheCity"],"potions_floor_usage":[10,16,16,16],"damage_taken":[{"damage":7,"enemies":"Small Slimes","floor":1,"turns":4},{"damage":2,"enemies":"Jaw Worm","floor":2,"turns":4},{"damage":1,"enemies":"2 Louse","floor":3,"turns":3},{"damage":25,"enemies":"3 Sentries","floor":10,"turns":16},{"damage":2,"enemies":"2 Fungi Beasts","floor":11,"turns":4},{"damage":25,"enemies":"Gremlin Nob","floor":13,"turns":4},{"damage":0,"enemies":"Large Slime","floor":14,"turns":6},{"damage":37,"enemies":"Hexaghost","floor":16,"turns":8},{"damage":11,"enemies":"Spheric Guardian","floor":18,"turns":3}],"seed_played":"1539880574182631500","potions_obtained":[{"floor":1,"key":"GamblersBrew"},{"floor":2,"key":"Dexterity Potion"},{"floor":11,"key":"CultistPotion"},{"floor":14,"key":"SmokeBomb"},{"floor":16,"key":"Fruit Juice"}],"is_trial":false,"path_per_floor":["M","M","M","?","?","R","?","R","T","E","M","R","E","M","R","B",null,"M"],"character_chosen":"IRONCLAD","items_purchased":[],"campfire_rested":1,"item_purchase_floors":[],"current_hp_per_floor":[79,80,80,80,85,85,85,85,85,66,70,70,51,57,82,56,90,79,79],"gold":365,"neow_bonus":"REMOVE_CARD","is_daily":false,"chose_seed":false,"campfire_upgraded":3,"win_rate":0.0,"timestamp":1611008786,"path_taken":["M","M","M","?","?","R","?","R","T","E","M","R","E","M","R","BOSS","M"],"items_purchased_type":[],"build_version":"2020-12-22","purchased_purges":0,"victory":false,"max_hp_per_floor":[80,80,80,80,85,85,85,85,85,85,85,85,85,85,85,90,90,90,90],"card_choices":[{"not_picked":["Rupture","Rage"],"picked":"Flame Barrier","floor":1},{"not_picked":["Flex","Iron Wave"],"picked":"Armaments","floor":2},{"not_picked":["Pummel","Iron Wave"],"picked":"Heavy Blade","floor":3},{"not_picked":["Rage","Wild Strike"],"picked":"Cleave","floor":10},{"not_picked":["Wild Strike","Flame Barrier","Dark Embrace"],"picked":"SKIP","floor":11},{"not_picked":["Twin Strike","Cleave","Armaments"],"picked":"SKIP","floor":13},{"not_picked":["True Grit","Heavy Blade","Metallicize"],"picked":"SKIP","floor":14},{"not_picked":["Bludgeon","Offering"],"picked":"Exhume","floor":16}],"player_experience":541212,"relics_obtained":[{"floor":9,"key":"Letter Opener"},{"floor":10,"key":"Paper Frog"},{"floor":13,"key":"Lantern"}],"event_choices":[{"damage_healed":0,"gold_gain":0,"player_choice":"Ignored","damage_taken":0,"max_hp_gain":0,"max_hp_loss":0,"event_name":"Liars Game","floor":4,"gold_loss":0},{"damage_healed":0,"gold_gain":0,"player_choice":"Donut","damage_taken":0,"max_hp_gain":5,"max_hp_loss":0,"event_name":"Big Fish","floor":5,"gold_loss":0},{"damage_healed":0,"gold_gain":0,"player_choice":"Left Gold","damage_taken":0,"max_hp_gain":0,"max_hp_loss":0,"event_name":"World of Goop","floor":7,"gold_loss":43}],"is_beta":false,"boss_relics":[{"not_picked":["Cursed Key","Runic Pyramid"],"picked":"Pandora\u0027s Box"}],"items_purged_floors":[],"is_endless":false,"potions_floor_spawned":[1,2,11,14,16],"killed_by":"Spheric Guardian","ascension_level":2}}