{"host":"c5slkkw8hp42e20v","time":1611000714,"event":{"mods":["AchievementEnabler","BaseMod","Better Note","BetterRewards","Clawfect","Colored Powertips","DeckTracker","Friendly Minions","GifTheSpireLib","Hermit","Highlight Path","Minty Spire (QoL Compilation)","Quick Restart","Rare Cards Sparkle","Replay The Spire","Spicy Shops","StSLib","The Administrix","The Animator","The Bug Knight","The Hierophant","The Necromancer","The Poker Player","The Runesmith","The Senshi","The Servant 0.9.4","????"],"gold_per_floor":[112,112,129,129,144,144,157,157,157,173,183,183,210,228,228,329,329,348,348,365,365,365,365,376,121,121,131,147,147,22,51,51,155,205,220,62,75,125,111,142,142,157,237,237,87,98,133,147,147,147],"floor_reached":51,"language":"ENG","playtime":29388,"items_purged":["Sickly","Defend_B","Meteor Strike","Amnesia"],"score":1004,"play_id":"dda2048b-e2bc-42e0-aa43-26c304c57f89","local_time":"20210118141154","is_ascension_mode":false,"campfire_choices":[{"data":"Gash","floor":6,"key":"SMITH"},{"data":"Gash","floor":6,"key":"SMITH"},{"data":"Gash","floor":8,"key":"SMITH"},{"data":"Clawfect:ClawSnap","floor":8,"key":"SMITH"},{"floor":15,"key":"REST"},{"data":"Clawfect:ClawSnap","floor":23,"key":"SMITH"},{"data":"Clawfect:ClawSnap","floor":23,"key":"SMITH"},{"data":"FTL","floor":29,"key":"SMITH"},{"data":"Clawfect:ClawpileDriver","floor":29,"key":"SMITH"},{"floor":32,"key":"REST"},{"data":"Clawfect:ClawForOne","floor":41,"key":"SMITH"},{"data":"Gash","floor":41,"key":"SMITH"},{"data":"Clawfect:ClawLightning","floor":44,"key":"SMITH"},{"data":"Clawfect:ClawpileDriver","floor":44,"key":"SMITH"},{"floor":49,"key":"REST"}],"circlet_count":0,"master_deck":["Gash+1","Gash+1","Gash+1","Gash+1","Defend_B+1","Defend_B","Defend_B","Defend_B","Skim+1","Clawfect:ClawSnap+1","Clawfect:ScrapingClaw+1","Reprogram","Clawfect:ClawSnap+1","Clawfect:ClawpileDriver+1","Clawfect:ClawSnap+1","Clawfect:ClawLightning+1","White Noise","Clawfect:ClawpileDriver+1","Seek","Clawfect:ClawLightning+1","Hologram","Gash+1","FTL+1","Clawfect:ClawAndGloom+1","Genetic Algorithm+1","Gash+1","Seek","Leap","Clawfect:Clawrage","Clawfect:ClawForOne+1","Clawfect:Clawter","Leap","Crystallizer+1","Clawfect:Clawline+1","ReplayTheSpireMod:Faulty Equipment","Rebound+1","Chaos+1","FTL"],"relics":["Clawfect:DRClaw","ReplayTheSpireMod:CursedCoin","Replay:Ringing Soul","Replay:Arrowhead","Ornamental Fan","Dead Branch","Ring of Chaos","HandDrill","Replay:Accelerometer","Bag of Preparation","Tiny House","Ring of Greed","Blue Doll","MealTicket","Ring of Panic","Replay:Rubber Ducky","Snack Pack","FossilizedHelix"],"acts_visited":["Exordium","TheCity","TheBeyond"],"potions_floor_usage":[],"damage_taken":[{"damage":6,"enemies":"Jaw Worm","floor":1,"turns":3},{"damage":7,"enemies":"2 Louse","floor":3,"turns":3},{"damage":0,"enemies":"Small Slimes","floor":5,"turns":4},{"damage":3,"enemies":"Blue Slaver","floor":7,"turns":4},{"damage":6,"enemies":"3 Louse","floor":10,"turns":3},{"damage":0,"enemies":"Exordium Thugs","floor":11,"turns":3},{"damage":11,"enemies":"3 Sentries","floor":13,"turns":6},{"damage":1,"enemies":"Lots of Slimes","floor":14,"turns":3},{"damage":24,"enemies":"The Guardian","floor":16,"turns":6},{"damage":0,"enemies":"Chosen","floor":18,"turns":4},{"damage":0,"enemies":"Spheric Guardian","floor":20,"turns":3},{"damage":2,"enemies":"Cultist and Chosen","floor":24,"turns":4},{"damage":15,"enemies":"Chosen and Byrds","floor":27,"turns":5},{"damage":5,"enemies":"Centurion and Healer","floor":28,"turns":4},{"damage":53,"enemies":"Slavers","floor":31,"turns":5},{"damage":34,"enemies":"Automaton","floor":33,"turns":6},{"damage":39,"enemies":"3 Shapes","floor":35,"turns":3},{"damage":3,"enemies":"Orb Walker","floor":37,"turns":3},{"damage":17,"enemies":"Nemesis","floor":40,"turns":7},{"damage":17,"enemies":"Sphere and 2 Shapes","floor":42,"turns":4},{"damage":29,"enemies":"3 Darklings","floor":46,"turns":4},{"damage":63,"enemies":"Giant Head","floor":47,"turns":8},{"damage":0,"enemies":"Maw","floor":48,"turns":5},{"damage":88,"enemies":"Awakened One","floor":50,"turns":8}],"seed_played":"4390795039215112065","potions_obtained":[{"floor":1,"key":"CultistPotion"},{"floor":3,"key":"EntropicBrew"}],"is_trial":false,"path_per_floor":["M","?","M","?","M","R","M","R","T","M","M","?","E","M","R","B",null,"M","?","M","?","?","R","M","R","T","M","M","R","$","E","R","B",null,"M","$","M","?","$","E","R","M","T","R","$","M","E","M","R","B",null],"character_chosen":"DEFECT","items_purchased":["ReplayTheSpireMod:CursedCoin","Replay:Ringing Soul","Replay:Arrowhead","HandDrill","Clawfect:ClawAndGloom+1","Clawfect:ClawForOne","Leap"],"campfire_rested":3,"item_purchase_floors":[0,0,0,25,25,36,39],"current_hp_per_floor":[75,78,74,57,60,60,60,60,60,57,60,60,52,54,85,64,108,111,111,114,117,117,117,118,121,121,109,107,107,107,57,96,65,143,107,110,110,113,131,117,117,103,106,106,121,103,57,70,122,50],"gold":147,"neow_bonus":"","is_daily":false,"chose_seed":false,"campfire_upgraded":12,"win_rate":0.0,"timestamp":1611000714,"path_taken":["M","?","M","?","M","R","M","R","T","M","M","?","E","M","R","BOSS","M","?","M","?","?","R","M","R","T","M","M","R","?","E","R","BOSS","M","$","M","?","$","E","R","M","T","R","$","M","E","M","R","BOSS"],"items_purchased_type":["Relic","Relic","Relic","Relic","Card","Card","Card"],"build_version":"2020-12-22","purchased_purges":4,"victory":true,"max_hp_per_floor":[81,84,87,87,90,90,93,93,93,96,99,99,102,105,105,108,108,111,111,114,117,117,117,120,123,123,126,129,129,129,132,132,135,143,146,149,152,155,158,161,161,164,167,167,167,170,173,176,176,176],"card_choices":[{"not_picked":["Clawfect:ScrapingClaw","Clawfect:Clawline"],"picked":"Clawfect:ClawSnap","floor":1},{"not_picked":["Clawfect:Clawter","Conserve Battery"],"picked":"Reprogram","floor":3},{"not_picked":["Undo","Panic Button"],"picked":"Clawfect:ClawSnap","floor":5},{"not_picked":["BasicCrystalCard","Force Field"],"picked":"Clawfect:ClawpileDriver","floor":7},{"not_picked":["Loop","Clawfect:Clawter"],"picked":"Clawfect:ClawSnap","floor":10},{"not_picked":["BasicCrystalCard","Force Field"],"picked":"Clawfect:ClawLightning","floor":11},{"not_picked":["Loop","Sunder"],"picked":"White Noise","floor":13},{"not_picked":["Redo","Thunder Strike"],"picked":"Clawfect:ClawpileDriver","floor":14},{"not_picked":["Thunder Strike","ReplayTheSpireMod:Omega Cannon"],"picked":"Seek","floor":16},{"not_picked":["Leap+1","Clawfect:ScrapingClaw"],"picked":"Clawfect:ClawLightning+1","floor":18},{"not_picked":["Turbo+1","Glacier"],"picked":"Hologram","floor":20},{"not_picked":["Reinforced Body","Gash"],"picked":"FTL","floor":24},{"not_picked":["Steam+1","Hologram"],"picked":"Meteor Strike","floor":27},{"not_picked":["Clawfect:Clawrage","Turbo+1"],"picked":"Genetic Algorithm+1","floor":28},{"not_picked":["Aggregate","Machine Learning"],"picked":"Gash","floor":31},{"not_picked":["Buffer","ReplayTheSpireMod:Omega Cannon"],"picked":"Seek","floor":33},{"not_picked":["Consume+1","Heatsinks"],"picked":"Leap","floor":34},{"not_picked":["ReplayTheSpireMod:Calculation Training+1","Leap+1"],"picked":"Clawfect:Clawrage","floor":35},{"not_picked":["FTL+1","Clawfect:Clawrage+1"],"picked":"Clawfect:Clawter","floor":37},{"not_picked":["Amplify","Chaos+1"],"picked":"Crystallizer+1","floor":40},{"not_picked":["Defragment+1","Darkness+1"],"picked":"Clawfect:Clawline+1","floor":42},{"not_picked":["Force Field+1","BasicCrystalCard+1"],"picked":"Rebound+1","floor":46},{"not_picked":["Glacier+1","Turbo"],"picked":"Chaos+1","floor":47},{"not_picked":["Heatsinks","Turbo+1"],"picked":"FTL","floor":48}],"player_experience":82166,"relics_obtained":[{"floor":9,"key":"Ornamental Fan"},{"floor":13,"key":"Dead Branch"},{"floor":26,"key":"Replay:Accelerometer"},{"floor":31,"key":"Bag of Preparation"},{"floor":38,"key":"Ring of Greed"},{"floor":38,"key":"Blue Doll"},{"floor":38,"key":"MealTicket"},{"floor":38,"key":"Ring of Panic"},{"floor":40,"key":"Replay:Rubber Ducky"},{"floor":43,"key":"Snack Pack"},{"floor":47,"key":"FossilizedHelix"}],"event_choices":[{"damage_healed":0,"gold_gain":0,"player_choice":"Entered Light","damage_taken":17,"max_hp_gain":0,"max_hp_loss":0,"event_name":"Shining Light","floor":4,"gold_loss":0,"cards_upgraded":["Gash","Defend_B"]},{"damage_healed":0,"gold_gain":0,"player_choice":"Ignored","damage_taken":0,"max_hp_gain":0,"max_hp_loss":0,"event_name":"Liars Game","floor":12,"gold_loss":0},{"damage_healed":0,"gold_gain":0,"player_choice":"Got Potions","damage_taken":0,"max_hp_gain":0,"max_hp_loss":0,"event_name":"Lab","floor":19,"gold_loss":0},{"damage_healed":0,"gold_gain":0,"player_choice":"Copied","damage_taken":0,"max_hp_gain":0,"max_hp_loss":0,"event_name":"Duplicator","floor":21,"gold_loss":0,"cards_obtained":["Gash"]},{"damage_healed":0,"gold_gain":0,"player_choice":"Ignored","damage_taken":0,"max_hp_gain":0,"max_hp_loss":0,"event_name":"betterNote:BetterNote","floor":22,"gold_loss":0,"cards_obtained":["Slice"]}],"is_beta":false,"boss_relics":[{"not_picked":["Busted Crown","ChewingGum"],"picked":"Ring of Chaos"},{"not_picked":["Philosopher\u0027s Stone","Honey Jar"],"picked":"Tiny House"}],"items_purged_floors":[0,25,30,45],"is_endless":false,"potions_floor_spawned":[1,3,10,20,27,31,33,35,42,48],"ascension_level":0}}