{"host":"och2iitg9ibgz06n","time":1611011327,"event":{"mods":["Abigail Mod","AchievementEnabler","Aspiration","BaseMod","Colored Powertips","Dio Mod","FruityMod","Hubris","Hyrulean Relics","Infinite Spire","Minty Spire (QoL Compilation)","Replay The Spire","Small Relic Pack","StSLib","The Animator","The Bug Knight","The Hierophant","The Jungle","The Saiyan","TheHero","Wandering Minibosses","everything is the same but u backflip on backflip","slay the spire mod where everything is the same but ironclad has a cowboy hat","vexMod"],"gold_per_floor":[112,123,138,138,153,197,83,83,83,83,48,48,79,99,99,99,99],"floor_reached":16,"language":"ENG","playtime":529,"items_purged":[],"score":121,"play_id":"f149e95a-0607-4097-8bd2-25072ac2e402","local_time":"20210118170847","is_ascension_mode":true,"campfire_choices":[{"floor":10,"key":"REST"},{"data":"dioMod:TripleThreat","floor":12,"key":"SMITH"},{"floor":15,"key":"RECALL"}],"circlet_count":0,"master_deck":["dioMod:Strike","dioMod:Strike","dioMod:Strike","dioMod:Strike","Bite+1","dioMod:Defend","dioMod:Defend","dioMod:Defend","dioMod:Defend","dioMod:TripleThreat+1","dioMod:DominatingPresence+1","dioMod:ComboFever","dioMod:Refresh","dioMod:BloodShield","dioMod:BloodSuck","dioMod:DisarmingVoice","dioMod:TripleThreat","dioMod:Freeze"],"relics":["dioMod:VampireBlood","Golden Idol","infinitespire:EmpoweringShard","White Beast Statue"],"acts_visited":["Exordium"],"potions_floor_usage":[6,16],"damage_taken":[{"damage":6,"enemies":"2 Louse","floor":1,"turns":4},{"damage":8,"enemies":"Small Slimes","floor":2,"turns":4},{"damage":1,"enemies":"Cultist","floor":3,"turns":3},{"damage":13,"enemies":"Blue Slaver","floor":5,"turns":4},{"damage":34,"enemies":"Gremlin Nob","floor":6,"turns":5},{"damage":34,"enemies":"3 Sentries","floor":13,"turns":11},{"damage":13,"enemies":"Red Slaver","floor":14,"turns":3},{"damage":85,"enemies":"Slime Boss","floor":16,"turns":10}],"seed_played":"5597390926932789274","potions_obtained":[{"floor":1,"key":"Fire Potion"},{"floor":3,"key":"Venom Potion"},{"floor":14,"key":"SkillPotion"}],"is_trial":false,"path_per_floor":["M","M","M","?","M","E","$","?","T","R","?","R","E","M","R","B"],"character_chosen":"THE_DEFAULT","items_purchased":["dioMod:BloodSuck","dioMod:DisarmingVoice"],"campfire_rested":1,"item_purchase_floors":[7,7],"current_hp_per_floor":[75,75,75,57,53,28,28,28,28,50,68,68,62,69,69,0,0],"gold":99,"neow_bonus":"UPGRADE_CARD","is_daily":false,"chose_seed":false,"campfire_upgraded":1,"win_rate":0.0,"timestamp":1611011327,"path_taken":["M","M","M","?","M","E","$","?","T","R","?","R","E","M","R","BOSS"],"items_purchased_type":["Card","Card"],"build_version":"2020-12-22","purchased_purges":0,"victory":false,"max_hp_per_floor":[75,75,75,75,75,75,75,75,75,75,75,75,75,75,75,75,75],"card_choices":[{"not_picked":["dioMod:ComposedMuda","dioMod:CautiousMuda"],"picked":"dioMod:TripleThreat","floor":1},{"not_picked":["dioMod:Donut","dioMod:BlendIn"],"picked":"dioMod:DominatingPresence","floor":2},{"not_picked":["dioMod:Roundabout","dioMod:Muda"],"picked":"dioMod:ComboFever","floor":3},{"not_picked":["dioMod:ComposedMuda","dioMod:LaserVision"],"picked":"dioMod:Refresh","floor":5},{"not_picked":["dioMod:ComboFever","dioMod:ComposedMuda"],"picked":"dioMod:BloodShield","floor":6},{"not_picked":["dioMod:WRYYY","dioMod:BloodSplash"],"picked":"dioMod:TripleThreat","floor":13},{"not_picked":["dioMod:BloodSplash","dioMod:BlendIn"],"picked":"dioMod:Freeze","floor":14}],"player_experience":411377,"relics_obtained":[{"floor":6,"key":"infinitespire:EmpoweringShard"},{"floor":13,"key":"White Beast Statue"}],"event_choices":[{"damage_healed":0,"gold_gain":0,"player_choice":"Take Damage","damage_taken":18,"relics_obtained":["Golden Idol"],"max_hp_gain":0,"max_hp_loss":0,"event_name":"Golden Idol","floor":4,"gold_loss":0},{"damage_healed":0,"gold_gain":0,"player_choice":"Grow","damage_taken":0,"max_hp_gain":0,"max_hp_loss":0,"event_name":"Living Wall","floor":8,"gold_loss":0,"cards_upgraded":["dioMod:DominatingPresence"]},{"damage_healed":18,"gold_gain":0,"player_choice":"Healed","damage_taken":0,"max_hp_gain":0,"max_hp_loss":0,"event_name":"The Cleric","floor":11,"gold_loss":35}],"is_beta":false,"boss_relics":[],"items_purged_floors":[],"is_endless":false,"potions_floor_spawned":[1,3,14],"killed_by":"Slime Boss","ascension_level":2}}