{"host":"ibckqdmmf9y74ymf","time":1611012042,"event":{"mods":["2.2 Compatiblity","BaseMod","Colored Map","Curses Come First","Highlight Path","Minty Spire (QoL Compilation)","Quick Restart","Rare Cards Sparkle","Relic Stats","StSLib"],"gold_per_floor":[215,109,109,125,135,135,135,167,167,167,107,142,142,167,198,210,222,222],"floor_reached":16,"language":"ENG","playtime":676,"items_purged":[],"score":236,"play_id":"4053e29a-100a-460f-957f-c7b25a52a80b","local_time":"20210119002042","is_ascension_mode":true,"campfire_choices":[{"data":"CutThroughFate","floor":6.0,"key":"SMITH"},{"floor":8.0,"key":"REST"},{"data":"EmptyFist","floor":12.0,"key":"SMITH"},{"floor":15,"key":"REST"}],"circlet_count":0,"master_deck":["AscendersBane","Strike_P","Strike_P","Strike_P","Strike_P","Defend_P+1","Defend_P","Defend_P","Defend_P+1","Eruption","Vigilance","CutThroughFate+1","EmptyBody","Scrawl","EmptyFist+1","FollowUp","Consecrate","LikeWater","Halt"],"relics":["Black Star","Yang","Pear","War Paint","White Beast Statue","Mummified Hand","Ornamental Fan","Question Card","MawBank"],"acts_visited":["Exordium"],"potions_floor_usage":[13,13,14,16],"damage_taken":[{"damage":2.0,"enemies":"Cultist","floor":1.0,"turns":3.0},{"damage":0.0,"enemies":"Small Slimes","floor":3.0,"turns":2.0},{"damage":7.0,"enemies":"2 Louse","floor":4.0,"turns":4.0},{"damage":35.0,"enemies":"Gremlin Nob","floor":7.0,"turns":4.0},{"damage":6.0,"enemies":"Looter","floor":10.0,"turns":5.0},{"damage":2.0,"enemies":"3 Sentries","floor":11.0,"turns":6.0},{"damage":37,"enemies":"Gremlin Nob","floor":13,"turns":5},{"damage":0,"enemies":"2 Fungi Beasts","floor":14,"turns":3},{"damage":31,"enemies":"Hexaghost","floor":16,"turns":10}],"seed_played":"-4808101316973315536","potions_obtained":[{"floor":7.0,"key":"PowerPotion"},{"floor":10.0,"key":"Block Potion"},{"floor":11.0,"key":"SteroidPotion"},{"floor":13,"key":"Energy Potion"},{"floor":14,"key":"StancePotion"}],"is_trial":false,"path_per_floor":["M","$","M","M","T","R","E","R","T","M","E","R","E","M","R","B"],"character_chosen":"WATCHER","items_purchased":[],"campfire_rested":2,"item_purchase_floors":[],"current_hp_per_floor":[3,59,59,59,52,52,52,27,50,50,44,42,42,5,5,28,0,0],"gold":222,"neow_bonus":"BOSS_RELIC","is_daily":false,"chose_seed":false,"campfire_upgraded":2,"win_rate":0.0,"timestamp":1611012042,"path_taken":["M","?","M","?","?","R","E","R","T","M","E","R","E","M","R","BOSS"],"items_purchased_type":[],"build_version":"2020-12-22","purchased_purges":0,"victory":false,"max_hp_per_floor":[73,68,68,68,68,68,68,78,78,78,78,78,78,78,78,78,78,78],"relic_stats":{"counters":[9,42],"Mummified Hand":[1],"Ornamental Fan":[32],"Yang":[72],"Black Star":3,"War Paint":["Defend_P","Defend_P"],"Question Card":1,"MawBank":36,"obtain_stats":[{"Pear":7,"Mummified Hand":11,"Ornamental Fan":11,"Yang":5,"Black Star":0,"PureWater":0,"War Paint":7,"Question Card":13,"MawBank":13,"White Beast Statue":9},{"Pear":4,"Mummified Hand":6,"Ornamental Fan":6,"Yang":3,"Black Star":0,"PureWater":0,"War Paint":4,"Question Card":7,"MawBank":7,"White Beast Statue":4},{"Pear":13,"Mummified Hand":24,"Ornamental Fan":24,"Yang":9,"Black Star":0,"PureWater":0,"War Paint":13,"Question Card":29,"MawBank":29,"White Beast Statue":13}]},"card_choices":[{"not_picked":["CrushJoints","DeceiveReality"],"picked":"CutThroughFate","floor":1.0},{"not_picked":["ThirdEye","Weave"],"picked":"EmptyBody","floor":3.0},{"not_picked":["Adaptation","Consecrate"],"picked":"Scrawl","floor":4.0},{"not_picked":["EmptyMind","WindmillStrike"],"picked":"EmptyFist","floor":7.0},{"not_picked":["EmptyBody","ForeignInfluence"],"picked":"FollowUp","floor":10.0},{"not_picked":["Protect","SashWhip"],"picked":"Consecrate","floor":11.0},{"not_picked":["Devotion","Study"],"picked":"LikeWater","floor":13},{"not_picked":["JustLucky","Nirvana","SashWhip"],"picked":"Halt","floor":14}],"player_experience":927316,"relics_obtained":[{"floor":5.0,"key":"Yang"},{"floor":7.0,"key":"Pear"},{"floor":7.0,"key":"War Paint"},{"floor":9.0,"key":"White Beast Statue"},{"floor":11.0,"key":"Mummified Hand"},{"floor":11.0,"key":"Ornamental Fan"},{"floor":13,"key":"Question Card"},{"floor":13,"key":"MawBank"}],"event_choices":[],"is_beta":false,"boss_relics":[],"items_purged_floors":[],"is_endless":false,"potions_floor_spawned":[7,10,11,13,14],"killed_by":"Hexaghost","ascension_level":20}}