{"host":"a3oe3gstxz77c7qu","time":1611006292,"event":{"mods":["2.2 Compatiblity","Act Like it!","Astrologer","BaseMod","Bestiary","Better Altar","Better Match","Better Note","Better Skull","Better Third Choice","Block Reminder","Curses Come First","Custom Start","Dark Map","Downfall","Fox Events","Friendly Minions","GifTheSpireLib","Hallownest","Hermit","Jorbs\u0027s Wanderer Trilogy","Lobotomy","LobotomyExtend","Marisa????????","Minty Spire (QoL Compilation)","Permanent Neow","Quick Restart","Relic Stats","StSLib","The Bug Knight","The Cursed","The Disciple","The Jungle","Uncapped","Unknown Chances","Wandering Minibosses"],"gold_per_floor":[0,14,33,46,56,56,81,81,13,33,33,66,66,51,63,63,63],"floor_reached":16,"language":"ENG","playtime":1005,"items_purged":[],"score":102,"play_id":"427b1067-4a26-4198-9b57-8016b48c4dc3","local_time":"20210118214452","is_ascension_mode":false,"campfire_choices":[{"data":"bronze:Mutator","floor":1.0,"key":"SMITH"},{"data":"bronze:BugBarrage","floor":6.0,"key":"SMITH"},{"floor":11.0,"key":"RECALL"},{"data":"bronze:Return","floor":13.0,"key":"SMITH"}],"circlet_count":0,"master_deck":["bronze:Strike","bronze:Strike","bronze:Strike","bronze:Defend","bronze:Defend","bronze:Defend","bronze:Defend","bronze:Replicate+1","bronze:Goto","bronze:Mutator+1","bronze:Shell","bronze:BugBarrage+1","bronze:Shield","bronze:FindAndReplace","bronze:Return+1","bronze:Iterate","bronze:BugBarrage+1","bronze:ItsAFeature"],"relics":["bronze:BronzeCore","Whetstone"],"acts_visited":["Exordium"],"potions_floor_usage":[16],"damage_taken":[{"damage":1.0,"enemies":"2 Louse","floor":2.0,"turns":3.0},{"damage":1.0,"enemies":"Cultist","floor":3.0,"turns":4.0},{"damage":0.0,"enemies":"Small Slimes","floor":4.0,"turns":3.0},{"damage":6.0,"enemies":"Exordium Thugs","floor":5.0,"turns":6.0},{"damage":0.0,"enemies":"downfall:FleeingMerchant","floor":9.0,"turns":4.0},{"damage":12.0,"enemies":"Blue Slaver","floor":10.0,"turns":6.0},{"damage":10.0,"enemies":"Lagavulin","floor":12.0,"turns":6.0},{"damage":0.0,"enemies":"downfall:FleeingMerchant","floor":14.0,"turns":4.0},{"damage":7.0,"enemies":"3 Louse","floor":15.0,"turns":4.0},{"damage":51,"enemies":"WA_ARCHETYPE_RETAIN","floor":16,"turns":7}],"seed_played":"6825108437402426333","potions_obtained":[{"floor":4.0,"key":"LiquidMemories"},{"floor":12.0,"key":"Fire Potion"},{"floor":15.0,"key":"Weak Potion"}],"is_trial":false,"path_per_floor":["R","M","M","M","M","R","T","?","$","M","R","E","R","$","M","B"],"character_chosen":"THE_AUTOMATON","items_purchased":["bronze:Iterate"],"campfire_rested":0,"item_purchase_floors":[9],"current_hp_per_floor":[70,69,68,68,62,62,62,62,62,50,50,40,40,40,33,0,0],"gold":63,"neow_bonus":"THREE_RARE_CARDS","is_daily":false,"chose_seed":false,"campfire_upgraded":3,"win_rate":0.0,"timestamp":1611006292,"path_taken":["R","M","M","M","M","R","T","?","?","M","R","E","R","$","M","BOSS"],"items_purchased_type":["Card"],"build_version":"2020-12-22","purchased_purges":0,"victory":false,"max_hp_per_floor":[70,70,70,70,70,70,70,70,70,70,70,70,70,70,70,70,70],"relic_stats":{"counters":[10,47],"Whetstone":["bronze:BugBarrage","bronze:Replicate"],"obtain_stats":[{"bronze:BronzeCore":0,"Whetstone":12},{"bronze:BronzeCore":0,"Whetstone":7},{"bronze:BronzeCore":0,"Whetstone":32}]},"card_choices":[{"not_picked":["bronze:ThunderWave","bronze:HyperBeam"],"picked":"bronze:Mutator","floor":0.0},{"not_picked":["bronze:Branch","bronze:Overload"],"picked":"bronze:Shell","floor":2.0},{"not_picked":["bronze:DelayedSlice","bronze:Overload"],"picked":"bronze:BugBarrage","floor":3.0},{"not_picked":["bronze:Separator","bronze:DigitalCarnage"],"picked":"bronze:Shield","floor":4.0},{"not_picked":["bronze:Repulsor","bronze:Overload"],"picked":"bronze:FindAndReplace","floor":5.0},{"not_picked":["bronze:WhirlingStrike","bronze:WildBeam"],"picked":"bronze:Return","floor":9.0},{"not_picked":["bronze:Safeguard","bronze:Iterate"],"picked":"bronze:BugBarrage","floor":10.0},{"not_picked":["bronze:Overheat","bronze:Flail","bronze:RecursiveStrike"],"picked":"SKIP","floor":12.0},{"not_picked":["bronze:Deprecate","bronze:Terminator"],"picked":"bronze:ItsAFeature","floor":14.0},{"not_picked":["bronze:Branch","bronze:Fortify","bronze:BugBarrage"],"picked":"SKIP","floor":15.0}],"player_experience":1052314,"relics_obtained":[{"floor":12.0,"key":"Whetstone"}],"event_choices":[],"is_beta":false,"boss_relics":[],"items_purged_floors":[],"is_endless":false,"potions_floor_spawned":[4,12,15],"killed_by":"WA_ARCHETYPE_RETAIN","ascension_level":0}}