{"host":"3zhcrllo23fhqv4x","time":1611003975,"event":{"mods":["AchievementEnabler","BaseMod","Downfall","Hermit","Jorbs\u0027s Wanderer Trilogy","Marisa????????","Minty Spire (QoL Compilation)","Remilia??????","StSLib","The Cursed","The Disciple","The Hierophant","The Runesmith","The Servant 0.9.4"],"gold_per_floor":[99,117,136,201,213,113,168,180,180,80,97,115,115,215,235,339,339,339,349,367,467,567,567,567,567,577,577,587,605,705,731,762,875,887,899,931,610,672,475,490,490,425,425,406,437,449,449,468,485,485,485],"floor_reached":50,"language":"ENG","playtime":765,"items_purged":["Pain","downfall:Aged","downfall:Aged"],"score":614,"play_id":"dff7ca31-87c3-4f4d-8c61-54cb6744e34e","local_time":"20210118160615","is_ascension_mode":true,"campfire_choices":[{"floor":1,"key":"RECALL"},{"floor":6,"key":"REST"},{"floor":10,"key":"REST"},{"data":"bronze:Backtrace","floor":13,"key":"SMITH"},{"data":"bronze:WildBeam","floor":18,"key":"SMITH"},{"floor":23,"key":"REST"},{"data":"1","floor":35,"key":"LIFT"},{"data":"2","floor":43,"key":"LIFT"}],"circlet_count":0,"master_deck":["bronze:Strike","bronze:Strike","bronze:Defend","bronze:Defend","bronze:Defend","bronze:Defend","bronze:Replicate+1","bronze:Goto","bronze:CutThrough+1","bronze:DelayedSlice+1","bronze:Backtrace+1","bronze:ChosenStrike+1","bronze:Constructor+1","bronze:Invalidate+1","bronze:DelayedGuard+1","bronze:WildBeam+1","bronze:Deprecate+1","bronze:Boost+1","bronze:ForceShield+1","bronze:FineTuning+1","bronze:DonuBeam","bronze:DecaBeam+1","bronze:WhirlingStrike+1","Parasite","bronze:Iterate+1","bronze:OilSpill","bronze:Repulsor","bronze:FineTuning+1","bronze:Flail+1","bronze:Format+1","bronze:WhirlingStrike+1","bronze:ClassDefault+1","bronze:ItsAFeature+1","bronze:GetLatest+1","stsjorbsmod:Procrastination","bronze:Frontload+1","bronze:FineTuning+1","bronze:WildBeam","bronze:OilSpill+1","bronze:InfiniteLoop","bronze:BugBarrage+1"],"relics":["bronze:BronzeCore","Toxic Egg 2","downfall:HeartBlessingRed","downfall:HeartBlessingBlue","Cursed Key","TungstenRod","Smiling Mask","CaptainsWheel","Girya","Frozen Egg 2","MawBank","Philosopher\u0027s Stone","Dead Branch","Happy Flower","Eternal Feather","Omamori","Chemical X","Boot"],"acts_visited":["Exordium","TheCity","TheBeyond"],"potions_floor_usage":[16,22,33,33,33,50],"damage_taken":[{"damage":1,"enemies":"Jaw Worm","floor":2,"turns":4},{"damage":1,"enemies":"Cultist","floor":3,"turns":3},{"damage":44,"enemies":"Gremlin Nob","floor":4,"turns":5},{"damage":0,"enemies":"Small Slimes","floor":5,"turns":1},{"damage":0,"enemies":"Blue Slaver","floor":8,"turns":2},{"damage":4,"enemies":"2 Fungi Beasts","floor":11,"turns":2},{"damage":6,"enemies":"3 Louse","floor":12,"turns":2},{"damage":46,"enemies":"downfall:Heads","floor":14,"turns":5},{"damage":0,"enemies":"Gremlin Gang","floor":15,"turns":3},{"damage":27,"enemies":"DF_ARCHETYPE_STREAMLINE","floor":16,"turns":5},{"damage":0,"enemies":"Chosen","floor":19,"turns":3},{"damage":10,"enemies":"Shell Parasite","floor":20,"turns":3},{"damage":27,"enemies":"Shell Parasite","floor":22,"turns":7},{"damage":0,"enemies":"3 Cultists","floor":26,"turns":4},{"damage":13,"enemies":"Centurion and Healer","floor":28,"turns":6},{"damage":0,"enemies":"Snecko","floor":29,"turns":3},{"damage":0,"enemies":"Colosseum Nobs","floor":30,"turns":3},{"damage":4,"enemies":"Cultist and Chosen","floor":32,"turns":3},{"damage":8,"enemies":"WA_ARCHETYPE_CALM","floor":33,"turns":7},{"damage":0,"enemies":"3 Darklings","floor":36,"turns":2},{"damage":10,"enemies":"3 Darklings","floor":38,"turns":5},{"damage":0,"enemies":"downfall:FleeingMerchant","floor":39,"turns":4},{"damage":8,"enemies":"3 Shapes","floor":40,"turns":2},{"damage":0,"enemies":"downfall:FleeingMerchant","floor":42,"turns":4},{"damage":0,"enemies":"downfall:FleeingMerchant","floor":44,"turns":1},{"damage":56,"enemies":"Nemesis","floor":45,"turns":7},{"damage":18,"enemies":"Writhing Mass","floor":46,"turns":5},{"damage":5,"enemies":"3 Darklings","floor":48,"turns":3},{"damage":26,"enemies":"Maw","floor":49,"turns":5},{"damage":91,"enemies":"IC_BLOCK_ARCHETYPE","floor":50,"turns":7}],"seed_played":"-1107758151811284506","potions_obtained":[{"floor":4,"key":"DuplicationPotion"},{"floor":11,"key":"GamblersBrew"},{"floor":12,"key":"FearPotion"},{"floor":14,"key":"Guardian:BlockOnCardUsePotion"},{"floor":19,"key":"BlessingOfTheForge"},{"floor":20,"key":"sneckomod:MuddlingPotion"},{"floor":32,"key":"Fire Potion"},{"floor":33,"key":"Dexterity Potion"},{"floor":36,"key":"GamblersBrew"},{"floor":38,"key":"DuplicationPotion"}],"is_trial":false,"path_per_floor":["R","M","M","?","M","R","T","M","?","R","M","M","R","?","M","B",null,"R","M","M","?","?","R","T","?","M","T","M","M","?","T","M","B",null,"R","M","?","?","$","M","T","$","R","$","E","M","?","M","M","B"],"character_chosen":"THE_AUTOMATON","items_purchased":["Happy Flower","Omamori","Chemical X"],"campfire_rested":3,"item_purchase_floors":[39,44,44],"current_hp_per_floor":[77,76,75,31,31,54,54,54,54,87,83,77,77,31,31,4,87,87,87,77,77,50,76,76,76,76,76,63,63,63,63,59,51,87,87,87,98,88,88,80,80,80,98,98,42,24,108,103,77,0,0],"gold":485,"neow_bonus":"TEN_PERCENT_HP_BONUS","is_daily":false,"chose_seed":false,"campfire_upgraded":2,"win_rate":0.0,"timestamp":1611003975,"path_taken":["R","M","M","?","M","R","T","M","?","R","M","?","R","?","M","BOSS","R","M","M","?","?","R","T","?","?","?","M","M","?","?","M","BOSS","R","M","?","?","$","M","T","$","R","$","E","?","?","M","M","BOSS"],"items_purchased_type":["Relic","Relic","Relic"],"build_version":"2020-12-22","purchased_purges":3,"victory":false,"max_hp_per_floor":[77,77,77,77,77,77,77,77,77,87,87,87,87,87,87,87,87,87,87,87,87,87,87,87,87,87,87,87,87,87,87,87,87,87,87,87,98,98,98,98,98,98,98,98,98,98,108,108,108,108,108],"card_choices":[{"not_picked":["bronze:BugBarrage","bronze:DarkDash"],"picked":"bronze:CutThrough","floor":2},{"not_picked":["bronze:Return","bronze:Frontload"],"picked":"bronze:DelayedSlice","floor":3},{"not_picked":["bronze:Overheat","bronze:Branch"],"picked":"bronze:Backtrace","floor":4},{"not_picked":["bronze:Separator","bronze:Terminator+1"],"picked":"bronze:ChosenStrike","floor":5},{"not_picked":["bronze:Repulsor","bronze:Turbo+1"],"picked":"bronze:Constructor+1","floor":8},{"not_picked":["bronze:ChildClass+1","bronze:Shield+1"],"picked":"bronze:Invalidate+1","floor":11},{"not_picked":["bronze:Overheat","bronze:BuggyMess+1"],"picked":"bronze:DelayedGuard+1","floor":12},{"not_picked":["bronze:ItsAFeature","bronze:DelayedSlice"],"picked":"bronze:Deprecate+1","floor":14},{"not_picked":["bronze:Constructor+1","bronze:Repulsor"],"picked":"bronze:Boost+1","floor":15},{"not_picked":["bronze:InfiniteLoop","bronze:Virus"],"picked":"bronze:Format+1","floor":16},{"not_picked":["bronze:BitShift+1","bronze:Philosophize+1"],"picked":"bronze:ForceShield+1","floor":19},{"not_picked":["bronze:Return+1","bronze:BitShift+1"],"picked":"bronze:FineTuning+1","floor":20},{"not_picked":[],"picked":"bronze:DonuBeam","floor":22},{"not_picked":[],"picked":"bronze:DecaBeam+1","floor":22},{"not_picked":["bronze:Overheat","bronze:WildBeam"],"picked":"bronze:WhirlingStrike+1","floor":22},{"not_picked":["bronze:WhirlingStrike","bronze:MaxOutput"],"picked":"bronze:Iterate+1","floor":26},{"not_picked":["bronze:Branch","bronze:Philosophize+1"],"picked":"bronze:OilSpill","floor":28},{"not_picked":["bronze:ForceShield+1","bronze:BuggyMess+1"],"picked":"bronze:Repulsor","floor":29},{"not_picked":["bronze:Branch","bronze:ShipIt"],"picked":"bronze:FineTuning+1","floor":30},{"not_picked":["bronze:Philosophize+1","bronze:Terminator+1"],"picked":"bronze:Flail+1","floor":32},{"not_picked":["bronze:ShipIt","bronze:FindAndReplace+1"],"picked":"bronze:Format+1","floor":33},{"not_picked":["bronze:Allocate+1","bronze:Turbo+1"],"picked":"bronze:WhirlingStrike+1","floor":36},{"not_picked":["bronze:Boost+1","bronze:MaxOutput+1"],"picked":"bronze:ClassDefault+1","floor":38},{"not_picked":["bronze:Refactor+1","bronze:Terminator+1"],"picked":"bronze:ItsAFeature+1","floor":39},{"not_picked":["bronze:WhirlingStrike","bronze:Shield+1"],"picked":"bronze:GetLatest+1","floor":40},{"not_picked":["bronze:Deprecate+1","bronze:GetLatest+1"],"picked":"bronze:Frontload+1","floor":42},{"not_picked":["bronze:ForceShield+1","bronze:Shield+1"],"picked":"bronze:FineTuning+1","floor":44},{"not_picked":["bronze:Turbo+1","bronze:ChildClass+1"],"picked":"bronze:WildBeam","floor":45},{"not_picked":["bronze:BronzeArmor+1","bronze:Branch+1"],"picked":"bronze:OilSpill+1","floor":46},{"not_picked":["bronze:ChildClass+1","bronze:Invalidate+1"],"picked":"bronze:InfiniteLoop","floor":48},{"not_picked":["bronze:Invalidate+1","bronze:Safeguard+1"],"picked":"bronze:BugBarrage+1","floor":49}],"player_experience":309361,"relics_obtained":[{"floor":4,"key":"Toxic Egg 2"},{"floor":24,"key":"TungstenRod"},{"floor":27,"key":"CaptainsWheel"},{"floor":30,"key":"Girya"},{"floor":30,"key":"Frozen Egg 2"},{"floor":31,"key":"MawBank"},{"floor":38,"key":"Dead Branch"},{"floor":41,"key":"Eternal Feather"},{"floor":45,"key":"Boot"}],"event_choices":[],"is_beta":false,"boss_relics":[{"not_picked":["Coffee Dripper","Velvet Choker"],"picked":"Cursed Key"},{"not_picked":["Runesmith:UraniumAnvil","Busted Crown"],"picked":"Philosopher\u0027s Stone"}],"items_purged_floors":[39,42,44],"is_endless":false,"potions_floor_spawned":[4,11,12,14,19,20,32,33,36,38,46],"killed_by":"IC_BLOCK_ARCHETYPE","ascension_level":1}}