{"host":"hqxy2g3i5ker09hc","time":1611014271,"event":{"mods":["2.2 Compatiblity","AlwaysNeverKeys","Aspiration","BaseMod","Beaked The Cultist","Better Match","Better Note","Better Sensory Stone","Better Silent Start","Better Third Choice","Better-Laid Plans","CCEM","CatGirl Mod","Chen","Conspire","Fireblade Mod","GifTheSpireLib","Gold Saver","Hubris","Ironclad Rager","Minty Spire (QoL Compilation)","MostiFishMod","Permanent Neow","Quarter Circle Forward PUNCH!","Quick Restart","Replay The Spire","Shop Mod","Small Relic Pack","Spikes Relics","StSLib","Stuff the Spire","The Animator","The Bug Knight","The Forsaken","The Wild Card","vexMod"],"gold_per_floor":[788,379,379,404,414,430,450,450,450,478,478,478,478,478,491,273,273,372,372,384,246,10,24,124,124,0,27,73,73,73,73],"floor_reached":30,"language":"ENG","playtime":2911,"items_purged":[],"score":220,"play_id":"9660190e-88b0-420f-b2a6-b9b5b87f3923","local_time":"20210119005751","is_ascension_mode":false,"campfire_choices":[{"data":"animator:Aqua","floor":8.0,"key":"SMITH"},{"data":"animator:Elesis","floor":25.0,"key":"SMITH"}],"circlet_count":0,"master_deck":["animator:Strike_Konosuba","animator:Defend_Konosuba","animator:Strike","animator:Strike","animator:Strike","animator:Defend","animator:Defend","animator:Kazuma","animator:Aqua+1","animator:EmiyaShirou","animator:Witch","animator:LimeBell","animator:MadokaKaname","animator:Megumin+6","animator:IrohaTamaki","animator:YunYun","animator:SayakaMiki","animator:Entoma","animator:Lancer+1","animator:RoyMustang+1","animator:Pride","animator:Elesis+2","animator:ShinjiMatou","animator:Kira+1","animator:GuildGirl","animator:Arpeggio"],"relics":["animator:LivingPicture","animator:TheMissingPiece","DaveBox","animator:PurgingStone","SynthV:TestCard","HollowMod:StagPassRelic","Sundial","Potion Belt","Orichalcum","Dream Catcher","CCEMRelics:Barrel","Replay:Wax Seal"],"acts_visited":["Exordium","TheCity"],"potions_floor_usage":[],"damage_taken":[{"damage":1.0,"enemies":"Small Slimes","floor":1.0,"turns":6.0},{"damage":7.0,"enemies":"Cultist","floor":4.0,"turns":7.0},{"damage":0.0,"enemies":"2 Louse","floor":5.0,"turns":1.0},{"damage":6.0,"enemies":"Blue Slaver","floor":6.0,"turns":5.0},{"damage":9.0,"enemies":"Large Slime","floor":7.0,"turns":8.0},{"damage":0.0,"enemies":"2 Fungi Beasts","floor":10.0,"turns":6.0},{"damage":0.0,"enemies":"Blue Slaver","floor":15.0,"turns":1.0},{"damage":25.0,"enemies":"Slime Boss","floor":18.0,"turns":9.0},{"damage":37.0,"enemies":"conspire:FuzzyDice","floor":20.0,"turns":8.0},{"damage":13.0,"enemies":"2 Thieves","floor":23.0,"turns":5.0},{"damage":31.0,"enemies":"Shelled Parasite and Fungi","floor":27.0,"turns":8.0},{"damage":20,"enemies":"Snecko","floor":30,"turns":5}],"seed_played":"4133400292349920024","potions_obtained":[{"floor":1.0,"key":"Explosive Potion"},{"floor":7.0,"key":"animator:FalseLifePotion"},{"floor":15.0,"key":"Block Potion"},{"floor":23.0,"key":"SpeedPotion"},{"floor":27.0,"key":"SpeedPotion"}],"is_trial":false,"path_per_floor":["M","$","?","M","M","M","M","R","T","M","PTL","PTL","?","?","M","$","R","B",null,"M","?","$","M","?","R","$","M","T","?","M"],"character_chosen":"THE_ANIMATOR","items_purchased":["HollowMod:StagPassRelic","animator:Witch","animator:LimeBell","Dream Catcher","animator:RoyMustang","animator:Kira","AttackPotion","animator:GuildGirl","Adrenaline Potion"],"campfire_rested":0,"item_purchase_floors":[2,2,2,16,16,22,22,26,26],"current_hp_per_floor":[66,66,66,59,59,56,49,49,49,52,52,52,57,14,14,14,35,13,72,38,38,38,36,36,36,36,16,16,16,0,0],"gold":73,"neow_bonus":"HUNDRED_GOLD","is_daily":false,"chose_seed":false,"campfire_upgraded":2,"win_rate":0.0,"timestamp":1611014271,"path_taken":["M","$","?","?","M","M","M","R","T","M","PTL","PTL","?","?","M","$","R","BOSS","M","?","$","M","?","R","?","M","T","?","M"],"items_purchased_type":["Relic","Card","Card","Relic","Card","Card","Potion","Card","Potion"],"build_version":"2020-12-22","purchased_purges":0,"victory":false,"max_hp_per_floor":[66,66,66,66,66,67,67,67,67,67,67,67,72,72,72,72,72,72,72,72,72,72,72,72,72,72,72,72,72,72,72],"card_choices":[{"not_picked":["animator:Alexander","animator:YaoHaDucy"],"picked":"animator:EmiyaShirou","floor":1.0},{"not_picked":["animator:AcuraAkari","animator:Viivi","animator:TukaLunaMarceau","animator:Guy"],"picked":"animator:Megumin","floor":4.0},{"not_picked":["animator:Sebas","animator:AcuraTooru","animator:Rider","animator:Darkness"],"picked":"animator:IrohaTamaki","floor":5.0},{"not_picked":["animator:Mitsurugi","animator:Aqua","animator:Vanir","animator:Megumin"],"picked":"animator:YunYun","floor":6.0},{"not_picked":["animator:OrikoMikuni","animator:ShinjiMatou","animator:AcuraTooru","animator:Layla"],"picked":"animator:SayakaMiki","floor":7.0},{"not_picked":["animator:Megumin","animator:SakuraMatou","animator:OrikoMikuni","animator:Sebas"],"picked":"animator:Entoma","floor":10.0},{"not_picked":["animator:Gillette","animator:Kuribayashi","animator:EmiyaShirou","animator:AcuraTooru"],"picked":"animator:Lancer","floor":15.0},{"not_picked":["animator:Kyubey","animator:KyokoSakura","animator:Illya","animator:Priestess"],"picked":"animator:Pride","floor":17.0},{"not_picked":["animator:Saber","animator:SwordMaiden","animator:Hans","animator:AcuraShin"],"picked":"animator:Elesis","floor":18.0},{"not_picked":["animator:Rider","animator:Berserker","animator:SakuraMatou","animator:Archer"],"picked":"animator:ShinjiMatou","floor":20.0},{"not_picked":["animator:ShinjiMatou+1","animator:Entoma","animator:ElricEdward","animator:RoyMustang","animator:Layla"],"picked":"SKIP","floor":23.0},{"not_picked":["animator:ChaikaBohdan","animator:Layla","animator:YuiTsuruno","animator:GuildGirl"],"picked":"animator:Arpeggio","floor":27.0}],"player_experience":634436,"relics_obtained":[{"floor":1.0,"key":"SynthV:TestCard"},{"floor":9.0,"key":"Sundial"},{"floor":28.0,"key":"Replay:Wax Seal"}],"event_choices":[{"damage_healed":0.0,"max_hp_gain":0.0,"max_hp_loss":0.0,"gold_gain":0.0,"cards_transformed":["animator:Defend"],"event_name":"Transmorgrifier","player_choice":"Transformed","floor":3.0,"gold_loss":0.0,"damage_taken":0.0,"cards_obtained":["animator:MadokaKaname"]},{"damage_healed":0.0,"max_hp_gain":5.0,"max_hp_loss":0.0,"gold_gain":0.0,"event_name":"Big Fish","player_choice":"Donut","floor":13.0,"gold_loss":0.0,"damage_taken":0.0},{"damage_healed":0.0,"max_hp_gain":0.0,"max_hp_loss":0.0,"gold_gain":1.0,"event_name":"betterThird:BetterScrap","player_choice":"Relic Relic Card ","floor":14.0,"gold_loss":0.0,"damage_taken":43.0,"cards_obtained":["MostiFishMod:Zero-Sum","Replay:LoomingThreat"]},{"damage_healed":0.0,"max_hp_gain":0.0,"max_hp_loss":0.0,"gold_gain":0.0,"event_name":"WeMeetAgain","player_choice":"Paid Gold","floor":21.0,"gold_loss":138.0,"damage_taken":0.0,"relics_obtained":["CCEMRelics:Barrel"]},{"damage_healed":0.0,"max_hp_gain":0.0,"max_hp_loss":0.0,"gold_gain":100.0,"event_name":"Golden Shrine","player_choice":"Pray","floor":24.0,"gold_loss":0.0,"damage_taken":0.0},{"damage_healed":0.0,"max_hp_gain":0.0,"max_hp_loss":0.0,"gold_gain":0.0,"event_name":"betterNote:BetterNote","player_choice":"Ignored","floor":29.0,"gold_loss":0.0,"damage_taken":0.0,"cards_obtained":["Defend_G"]}],"is_beta":false,"boss_relics":[{"not_picked":["RhineSuit","aspiration:RitualDagger","GreenFoldingFan"]}],"items_purged_floors":[],"is_endless":false,"potions_floor_spawned":[1,7,15,23,27],"killed_by":"Snecko","ascension_level":0}}