{"host":"56ghxnzsglgdq727","time":1611005452,"event":{"mods":["AchievementEnabler","BaseMod","Downfall","Duelist Mod","Minty Spire (QoL Compilation)","Rare Cards Sparkle","StSLib","The Bug Knight","The Exalted","The Senshi","The Wild Card"],"gold_per_floor":[143,143,167,184,184,219,219,230,230,256,275,275,275,301,301,401,401,414,514,531,543,468,498,525,276,276,276,276,151,151,169,169,274,274,288,338,338,338,338,387,83,115,115,145,169,169,206,129,129,149,149],"floor_reached":50,"language":"ENG","playtime":1512,"items_purged":["theDuelist:Sparks","theDuelist:CastleWalls","theDuelist:CastleWalls","theDuelist:Sparks"],"score":871,"play_id":"593b0f27-c6e8-45e0-93a7-bff677d9ca1f","local_time":"20210118163052","is_ascension_mode":true,"campfire_choices":[{"floor":7,"key":"REST"},{"data":"Dramatic Entrance","floor":12,"key":"SMITH"},{"floor":15,"key":"REST"},{"floor":27,"key":"REST"},{"data":"theDuelist:DragonMastery","floor":32,"key":"SMITH"},{"data":"theDuelist:CyberDragonInfinity","floor":46,"key":"SMITH"},{"floor":49,"key":"RECALL"}],"circlet_count":0,"master_deck":["theDuelist:BabyDragon+1","theDuelist:CaveDragon+1","theDuelist:CaveDragon+1","theDuelist:LesserDragon+1","theDuelist:LesserDragon+1","theDuelist:YamataDragon+1","Dramatic Entrance+1","theDuelist:BlueEyes+1","theDuelist:CastleDragonSouls+1","theDuelist:DragonMastery+1","theDuelist:FiveHeaded+1","theDuelist:Nameless:Greed:BerserkerCrush","theDuelist:CyberDragonInfinity+1","theDuelist:CyberDragonSieger"],"relics":["theDuelist:MillenniumPuzzle","theDuelist:CardPoolRelic","theDuelist:CardPoolBasicRelic","theDuelist:BoosterPackPoolRelic","theDuelist:CardPoolAddRelic","theDuelist:CardPoolMinusRelic","theDuelist:CardPoolSaveRelic","theDuelist:CardPoolOptionsRelic","theDuelist:ZoneToken","Art of War","Unceasing Top","TungstenRod","theDuelist:BoosterPackTrapEgg","Bird Faced Urn","Philosopher\u0027s Stone","Ancient Tea Set","Lantern","Omamori","Singing Bowl","Bromod:ArcaneGrace","Pocketwatch","Bronze Scales","Mercury Hourglass"],"acts_visited":["Exordium","TheCity","TheBeyond"],"potions_floor_usage":[6,6,16,23,23,23,33,36,44,44,50],"damage_taken":[{"damage":0,"enemies":"Small Slimes","floor":1,"turns":3},{"damage":0,"enemies":"Jaw Worm","floor":4,"turns":2},{"damage":15,"enemies":"Gremlin Nob","floor":6,"turns":3},{"damage":0,"enemies":"2 Louse","floor":8,"turns":2},{"damage":17,"enemies":"HollowMod:MossKnight","floor":10,"turns":4},{"damage":4,"enemies":"Exordium Wildlife","floor":11,"turns":2},{"damage":0,"enemies":"Gremlin Nob","floor":14,"turns":2},{"damage":18,"enemies":"Hexaghost","floor":16,"turns":7},{"damage":11,"enemies":"Spheric Guardian","floor":18,"turns":3},{"damage":5,"enemies":"Chosen","floor":20,"turns":3},{"damage":10,"enemies":"Centurion and Healer","floor":21,"turns":6},{"damage":30,"enemies":"Slavers","floor":23,"turns":6},{"damage":8,"enemies":"Snake Plant","floor":31,"turns":2},{"damage":0,"enemies":"Automaton","floor":33,"turns":4},{"damage":1,"enemies":"Orb Walker","floor":35,"turns":2},{"damage":8,"enemies":"Mind Bloom Boss Battle","floor":36,"turns":4},{"damage":35,"enemies":"Nemesis","floor":40,"turns":5},{"damage":12,"enemies":"3 Shapes","floor":42,"turns":4},{"damage":15,"enemies":"Transient","floor":44,"turns":5},{"damage":14,"enemies":"Spire Growth","floor":47,"turns":4},{"damage":47,"enemies":"Donu and Deca","floor":50,"turns":3}],"seed_played":"-4347832275454453665","potions_obtained":[{"floor":1,"key":"Explosive Potion"},{"floor":4,"key":"theDuelist:SolderPotionB"},{"floor":11,"key":"champ:CounterPotion"},{"floor":16,"key":"SkillPotion"},{"floor":18,"key":"Strength Potion"},{"floor":21,"key":"theDuelist:SolderPotionB"},{"floor":31,"key":"DuplicationPotion"},{"floor":35,"key":"theDuelist:BigOrbBottle"},{"floor":40,"key":"theDuelist:WhiteBottle"},{"floor":42,"key":"FearPotion"},{"floor":47,"key":"theDuelist:VoidBottle"}],"is_trial":false,"path_per_floor":["M","?","T","M","?","E","R","M","T","E","M","R","?","E","R","B",null,"M","?","M","M","$","E","T","$","T","R","?","$","?","M","R","B",null,"M","?","?","?","?","E","$","M","T","M","T","R","M","$","R","B"],"character_chosen":"THE_DUELIST","items_purchased":["Omamori","theDuelist:CyberDragonInfinity","theDuelist:CyberDragonSieger"],"campfire_rested":3,"item_purchase_floors":[25,41,48],"current_hp_per_floor":[72,66,66,66,50,35,59,59,59,42,38,38,38,38,62,46,72,63,63,62,56,56,30,30,30,30,54,54,54,54,50,50,54,75,80,78,78,78,78,54,54,52,52,44,44,44,37,37,37,0,0],"gold":149,"neow_bonus":"RANDOM_COLORLESS","is_daily":false,"chose_seed":false,"campfire_upgraded":3,"win_rate":0.0,"timestamp":1611005452,"path_taken":["M","?","?","M","?","E","R","M","T","E","?","R","?","E","R","BOSS","M","?","?","M","$","E","?","$","T","R","?","$","?","?","R","BOSS","M","?","?","?","?","E","$","M","T","M","?","R","?","?","R","BOSS"],"items_purchased_type":["Relic","Card","Card"],"build_version":"2020-12-22","purchased_purges":4,"victory":false,"max_hp_per_floor":[80,80,80,80,80,80,80,80,80,80,80,80,80,80,80,80,80,80,80,80,80,80,80,80,80,80,80,80,80,80,82,82,82,82,84,86,86,86,86,88,88,90,90,92,92,92,94,94,94,94,94],"card_choices":[{"not_picked":["theDuelist:LabyrinthWall","Finesse"],"picked":"Dramatic Entrance","floor":0},{"not_picked":["theDuelist:MadSwordBeast","theDuelist:Lancephorhynchus","theDuelist:DarkDriceratops","theDuelist:BlackBrachios"],"picked":"SKIP","floor":1},{"not_picked":["theDuelist:MadSwordBeast","theDuelist:Anthrosaurus","theDuelist:SnowDragon","theDuelist:DarkHorus"],"picked":"theDuelist:BlueEyes","floor":4},{"not_picked":["theDuelist:SpiralSpearStrike","theDuelist:AxeDespair","theDuelist:SystemDown","theDuelist:DragonMirror","theDuelist:StampingDestruction"],"picked":"SKIP","floor":6},{"not_picked":["theDuelist:YamataDragon","theDuelist:MadSwordBeast","theDuelist:LordD","theDuelist:DefenseDraw","theDuelist:ArmedDragon5"],"picked":"SKIP","floor":8},{"not_picked":["theDuelist:BlackPtera","theDuelist:SphereChaos","theDuelist:Anthrosaurus","theDuelist:BusterDrake","theDuelist:SpiralSpearStrike"],"picked":"SKIP","floor":10},{"not_picked":["theDuelist:Hinotama","theDuelist:BlueBloodedOni","theDuelist:HaneHane","theDuelist:ReinforcementsArmy","theDuelist:ForbiddenChalice"],"picked":"SKIP","floor":11},{"not_picked":["theDuelist:AutorokketDragon+1","theDuelist:ArtifactSanctum+1","theDuelist:SilverWing+1","theDuelist:CyberDragonSieger+1"],"picked":"theDuelist:CastleDragonSouls+1","floor":14},{"not_picked":["theDuelist:Scapegoat","theDuelist:DefensiveTactics+1","theDuelist:CyberDragonInfinity","theDuelist:BlueDuston"],"picked":"theDuelist:DragonMastery","floor":16},{"not_picked":["theDuelist:TyrantWing+1","theDuelist:JurassicImpact+1","theDuelist:DefenseDraw+1","theDuelist:CastleDragonSouls+1","theDuelist:Berserking+1"],"picked":"SKIP","floor":18},{"not_picked":["theDuelist:SpiralSpearStrike","theDuelist:SoulCharge","theDuelist:DragonTreasure","theDuelist:DragonRavine+1"],"picked":"theDuelist:UltraEvolutionPill","floor":20},{"not_picked":["theDuelist:Earthquake","theDuelist:ClawHermos","theDuelist:DragonTreasure+1","theDuelist:DragonRavine","theDuelist:FluteSummoning+1"],"picked":"SKIP","floor":21},{"not_picked":["theDuelist:SystemDown","theDuelist:JurassicImpact+1","theDuelist:DragonTreasure","theDuelist:CastleDragonSouls+1"],"picked":"SKIP","floor":23},{"not_picked":["theDuelist:BattleguardKing","theDuelist:RainbowOverdragon+1","theDuelist:RainbowBridge+1","theDuelist:Wiseman","theDuelist:DestructPotion+1"],"picked":"Singing Bowl","floor":31},{"not_picked":["theDuelist:LostWorld","theDuelist:GaiaDragonChamp","theDuelist:BlasterDragonInfernos","theDuelist:BerserkScales"],"picked":"theDuelist:FiveHeaded+1","floor":33},{"not_picked":["theDuelist:VolcanicEruption+1","theDuelist:GuardragonJusticia+1","theDuelist:GalaxyTyranno","theDuelist:CyberDragonNachster","theDuelist:BabyDragon+1"],"picked":"Singing Bowl","floor":35},{"not_picked":["theDuelist:BlackStego","theDuelist:FrostflameDragon+1","theDuelist:LesserDragon","theDuelist:Freezadon+1","theDuelist:AxeDespair"],"picked":"Singing Bowl","floor":36},{"not_picked":["theDuelist:BattleguardKing+1","theDuelist:BigFire+1","theDuelist:MagicalStone+1","theDuelist:BlockGolem","theDuelist:FeatherPho+1"],"picked":"Singing Bowl","floor":40},{"not_picked":["theDuelist:BigFire","theDuelist:ForbiddenChalice","theDuelist:BlueBloodedOni+1","theDuelist:RainbowBridge+1","theDuelist:Reload"],"picked":"Singing Bowl","floor":42},{"not_picked":["theDuelist:StampingDestruction+2","theDuelist:Earthquake","theDuelist:FluteSummoning+1","theDuelist:Dracocension+1","theDuelist:GoldSarcophagus"],"picked":"Singing Bowl","floor":44},{"not_picked":["theDuelist:TornadoDragon+1","theDuelist:GuardragonJusticia","theDuelist:Dracocension+1","theDuelist:CyberRevsystem","theDuelist:BlueDuston+1"],"picked":"Singing Bowl","floor":47}],"player_experience":284907,"relics_obtained":[{"floor":3,"key":"Art of War"},{"floor":6,"key":"Unceasing Top"},{"floor":9,"key":"TungstenRod"},{"floor":10,"key":"theDuelist:BoosterPackTrapEgg"},{"floor":14,"key":"Bird Faced Urn"},{"floor":23,"key":"Ancient Tea Set"},{"floor":24,"key":"Lantern"},{"floor":26,"key":"Singing Bowl"},{"floor":36,"key":"Pocketwatch"},{"floor":40,"key":"Bronze Scales"},{"floor":43,"key":"Mercury Hourglass"}],"event_choices":[{"damage_healed":0,"gold_gain":0,"player_choice":"Dig - random Duelist relic","duelist":true,"damage_taken":0,"max_hp_gain":0,"max_hp_loss":0,"event_name":"Aknamkanon\u0027s Tomb","floor":2,"gold_loss":0},{"damage_healed":0,"gold_gain":0,"player_choice":"Entered Light","damage_taken":16,"max_hp_gain":0,"max_hp_loss":0,"event_name":"Shining Light","floor":5,"gold_loss":0,"cards_upgraded":["theDuelist:LesserDragon","theDuelist:LesserDragon"]},{"damage_healed":0,"gold_gain":0,"player_choice":"Ignored","damage_taken":0,"max_hp_gain":0,"max_hp_loss":0,"event_name":"Golden Idol","floor":13,"gold_loss":0},{"damage_healed":0,"gold_gain":100,"player_choice":"Pray","damage_taken":0,"max_hp_gain":0,"max_hp_loss":0,"event_name":"Golden Shrine","floor":19,"gold_loss":0},{"damage_healed":0,"gold_gain":0,"player_choice":"Leave","duelist":true,"damage_taken":0,"max_hp_gain":0,"max_hp_loss":0,"event_name":"Relic Duplicator","floor":30,"gold_loss":0},{"damage_healed":0,"gold_gain":0,"player_choice":"Fight","damage_taken":0,"max_hp_gain":0,"max_hp_loss":0,"event_name":"MindBloom","floor":36,"gold_loss":0},{"damage_healed":0,"gold_gain":0,"player_choice":"Leave","duelist":true,"damage_taken":0,"max_hp_gain":0,"max_hp_loss":0,"event_name":"Tomb of the Nameless","floor":37,"gold_loss":0},{"damage_healed":0,"gold_gain":0,"player_choice":"Leave","duelist":true,"damage_taken":0,"max_hp_gain":0,"max_hp_loss":0,"event_name":"Relic Duplicator","floor":38,"gold_loss":0},{"total_magic_score":47,"gold_gain":0,"greed_reward":4,"duelist":true,"damage_taken":0,"relics_obtained":[],"points":4,"max_hp_gain":0,"max_hp_loss":0,"spent_points":{"magic":0,"greed":4,"war":0,"power":0,"hunger":0},"event_name":"Nameless Tomb","floor":39,"gold_loss":0,"cards_obtained":["theDuelist:Nameless:Greed:BerserkerCrush"]}],"is_beta":false,"boss_relics":[{"not_picked":["HoveringKite","Snecko Eye"],"picked":"Philosopher\u0027s Stone"},{"not_picked":["SlaversCollar","theDuelist:ElectricKey"],"picked":"Bromod:ArcaneGrace"}],"items_purged_floors":[22,25,29,41],"is_endless":false,"potions_floor_spawned":[1,4,11,16,18,21,31,35,40,42,47],"killed_by":"Donu and Deca","ascension_level":8}}