{"host":"jwvz9sqego1wo43x","time":1611008140,"event":{"mods":["AchievementEnabler","BaseMod","Colored Map","Downfall","GifTheSpireLib","Minty Spire (QoL Compilation)","StSLib"],"gold_per_floor":[99,99,99,99,99,99,181,206,206,234,384,384,384,417,437,437,437],"floor_reached":16,"language":"ENG","playtime":376,"items_purged":[],"score":102,"play_id":"3905e5bb-06a2-4451-af5d-faf44d1e4ccc","local_time":"20210118221540","is_ascension_mode":false,"campfire_choices":[{"data":"bronze:Replicate","floor":1,"key":"SMITH"},{"data":"bronze:SpaghettiCode","floor":13,"key":"SMITH"}],"circlet_count":0,"master_deck":["bronze:Strike","bronze:Strike","bronze:Strike","bronze:Defend","bronze:Defend","bronze:Defend","bronze:Replicate+1","bronze:Goto","bronze:FineTuning","bronze:Boost","bronze:Fortify","bronze:SpaghettiCode+1","downfall:Icky","bronze:ChosenStrike","bronze:Flail"],"relics":["bronze:BronzeCore","downfall:HeartsMalice","bronze:BottledCode","White Beast Statue","Juzu Bracelet","Darkstone Periapt","Letter Opener","Singing Bowl"],"acts_visited":["Exordium"],"potions_floor_usage":[16,16],"damage_taken":[{"damage":0,"enemies":"2 Louse","floor":2,"turns":1},{"damage":0,"enemies":"Small Slimes","floor":4,"turns":1},{"damage":0,"enemies":"Jaw Worm","floor":9,"turns":1},{"damage":10,"enemies":"Gremlin Nob","floor":10,"turns":5},{"damage":22,"enemies":"3 Sentries","floor":14,"turns":7},{"damage":7,"enemies":"Blue Slaver","floor":15,"turns":5},{"damage":15,"enemies":"WA_ARCHETYPE_RETAIN","floor":16,"turns":9}],"seed_played":"-9131760381865686495","potions_obtained":[{"floor":9,"key":"Block Potion"},{"floor":10,"key":"GamblersBrew"},{"floor":14,"key":"Weak Potion"},{"floor":15,"key":"bronze:FreeFunctionsPotion"}],"is_trial":false,"path_per_floor":["R","M","?","M","?","?","T","T","M","E","?","?","R","E","M","B"],"character_chosen":"THE_AUTOMATON","items_purchased":[],"campfire_rested":0,"item_purchase_floors":[],"current_hp_per_floor":[70,70,60,60,60,60,60,60,60,50,56,44,44,22,15,0,0],"gold":437,"neow_bonus":"THREE_ENEMY_KILL","is_daily":false,"chose_seed":false,"campfire_upgraded":2,"win_rate":0.0,"timestamp":1611008140,"path_taken":["R","M","?","M","?","?","T","?","M","E","?","?","R","E","M","BOSS"],"items_purchased_type":[],"build_version":"2020-12-22","purchased_purges":0,"victory":false,"max_hp_per_floor":[70,70,60,60,60,60,60,60,60,60,66,66,66,66,66,66,66],"card_choices":[{"not_picked":["bronze:CutThrough","bronze:BitShift"],"picked":"bronze:FineTuning","floor":2},{"not_picked":["bronze:BitShift","bronze:Allocate"],"picked":"bronze:Boost","floor":4},{"not_picked":["bronze:Safeguard","bronze:ForLoop"],"picked":"bronze:Fortify","floor":9},{"not_picked":["bronze:ChosenStrike","bronze:OilSpill"],"picked":"bronze:SpaghettiCode","floor":10},{"not_picked":["bronze:Shield","bronze:Overheat"],"picked":"bronze:ChosenStrike","floor":14},{"not_picked":["bronze:Repulsor","bronze:Overheat"],"picked":"bronze:Flail","floor":15}],"player_experience":497765,"relics_obtained":[{"floor":7,"key":"White Beast Statue"},{"floor":8,"key":"Juzu Bracelet"},{"floor":10,"key":"Darkstone Periapt"},{"floor":14,"key":"Singing Bowl"}],"event_choices":[{"cards_removed":["bronze:Defend"],"damage_healed":0,"gold_gain":0,"player_choice":"Card Removal","damage_taken":0,"max_hp_gain":0,"max_hp_loss":0,"event_name":"The Cleric","floor":6,"gold_loss":0},{"damage_healed":0,"gold_gain":0,"player_choice":"Success","damage_taken":12,"relics_obtained":["Letter Opener"],"max_hp_gain":0,"max_hp_loss":0,"event_name":"Scrap Ooze","floor":12,"gold_loss":0}],"is_beta":false,"boss_relics":[],"items_purged_floors":[],"is_endless":false,"potions_floor_spawned":[9,10,14,15],"killed_by":"WA_ARCHETYPE_RETAIN","ascension_level":0}}