{"host":"1a3cjta80tad0aqj","time":1611012097,"event":{"mods":["2.2 Compatiblity","AchievementEnabler","BaseMod","Colored Map","DeckTracker","KOR Keyword Fix","Keyboard Shortcuts","Minty Spire (QoL Compilation)","Permanent Neow","Quick Restart","Random Character Button","StSLib","SuperFastMode","everything is the same but u backflip on backflip"],"gold_per_floor":[113,127,8,83,101,101,120,140,163,163,163,174,185,199,199,278,278,293,293,307,321,337,337,356,373,422,422,422,436,436,455,455,532,532,546,546,562,562,577,577,577,577,653,653,672,672,130,142,142,142,142],"floor_reached":50,"language":"KOR","playtime":2511,"items_purged":["Defend_P","Meditate"],"score":862,"play_id":"dadfb2da-8530-4542-81f3-1e6203221bf0","local_time":"20210119082137","is_ascension_mode":true,"campfire_choices":[{"floor":6.0,"key":"REST"},{"floor":10.0,"key":"REST"},{"data":"Adaptation","floor":15.0,"key":"SMITH"},{"floor":23.0,"key":"REST"},{"data":"SashWhip","floor":27.0,"key":"SMITH"},{"floor":32.0,"key":"REST"},{"data":"Scrawl","floor":40.0,"key":"SMITH"},{"data":"Wallop","floor":42.0,"key":"SMITH"},{"data":"ClearTheMind","floor":44.0,"key":"SMITH"},{"data":"Ragnarok","floor":46.0,"key":"SMITH"},{"data":"TalkToTheHand","floor":49.0,"key":"SMITH"}],"circlet_count":0,"master_deck":["AscendersBane","Eruption+1","Vigilance","EmptyBody","SashWhip+1","Adaptation+1","EmptyFist","ClearTheMind+1","Halt","SpiritShield","FearNoEvil","FlurryOfBlows","DeusExMachina","DeceiveReality+1","Wireheading+1","Tantrum+1","BowlingBash+1","Ragnarok+1","Scrawl+1","Ragnarok","TalkToTheHand+1","Wallop+1"],"relics":["PureWater","Vajra","Astrolabe","Lantern","NlothsMask","Pandora\u0027s Box","InkBottle","Meat on the Bone"],"acts_visited":["Exordium","TheCity","TheBeyond"],"potions_floor_usage":[],"damage_taken":[{"damage":10.0,"enemies":"2 Louse","floor":1.0,"turns":4.0},{"damage":6.0,"enemies":"Jaw Worm","floor":2.0,"turns":4.0},{"damage":1.0,"enemies":"Cultist","floor":5.0,"turns":4.0},{"damage":0.0,"enemies":"Large Slime","floor":7.0,"turns":5.0},{"damage":7.0,"enemies":"2 Fungi Beasts","floor":8.0,"turns":4.0},{"damage":8.0,"enemies":"Looter","floor":12.0,"turns":4.0},{"damage":0.0,"enemies":"Lots of Slimes","floor":13.0,"turns":4.0},{"damage":6.0,"enemies":"Red Slaver","floor":14.0,"turns":3.0},{"damage":50.0,"enemies":"The Guardian","floor":16.0,"turns":11.0},{"damage":3.0,"enemies":"Shell Parasite","floor":18.0,"turns":3.0},{"damage":6.0,"enemies":"3 Byrds","floor":20.0,"turns":2.0},{"damage":0.0,"enemies":"3 Cultists","floor":21.0,"turns":4.0},{"damage":0.0,"enemies":"Snake Plant","floor":22.0,"turns":3.0},{"damage":13.0,"enemies":"Snecko","floor":24.0,"turns":5.0},{"damage":0.0,"enemies":"Sentry and Sphere","floor":25.0,"turns":1.0},{"damage":0.0,"enemies":"Centurion and Healer","floor":29.0,"turns":4.0},{"damage":9.0,"enemies":"Shelled Parasite and Fungi","floor":31.0,"turns":4.0},{"damage":58.0,"enemies":"Champ","floor":33.0,"turns":7.0},{"damage":2.0,"enemies":"3 Darklings","floor":35.0,"turns":3.0},{"damage":7.0,"enemies":"3 Shapes","floor":37.0,"turns":5.0},{"damage":0.0,"enemies":"3 Darklings","floor":39.0,"turns":2.0},{"damage":2.0,"enemies":"Maw","floor":45.0,"turns":7.0},{"damage":0.0,"enemies":"Transient","floor":48.0,"turns":6.0},{"damage":75,"enemies":"Time Eater","floor":50,"turns":5}],"seed_played":"-8722911420671183779","potions_obtained":[{"floor":2.0,"key":"Swift Potion"},{"floor":13.0,"key":"BottledMiracle"},{"floor":16.0,"key":"Explosive Potion"},{"floor":18.0,"key":"Block Potion"},{"floor":21.0,"key":"Ancient Potion"},{"floor":31.0,"key":"GamblersBrew"},{"floor":35.0,"key":"SkillPotion"},{"floor":37.0,"key":"PowerPotion"}],"is_trial":false,"path_per_floor":["M","M","$","?","M","R","M","M","T","R","?","M","M","M","R","B",null,"M","?","M","M","M","R","M","M","T","R","?","M","?","M","R","B",null,"M","?","M","?","M","R","T","R","T","R","M","R","$","M","R","B"],"character_chosen":"WATCHER","items_purchased":["Adaptation","Meat on the Bone","Ancient Potion","Regen Potion"],"campfire_rested":4,"item_purchase_floors":[3,47,47,47],"current_hp_per_floor":[51,45,45,34,33,53,53,46,46,66,66,58,58,52,52,2,52,49,49,43,43,43,63,50,50,50,50,50,50,50,41,61,3,52,50,50,43,43,43,43,43,43,43,43,41,41,41,56,56,0,0],"gold":142,"neow_bonus":"UPGRADE_CARD","is_daily":false,"chose_seed":false,"campfire_upgraded":7,"win_rate":0.0,"timestamp":1611012097,"path_taken":["M","M","$","?","M","R","M","M","T","R","?","M","M","?","R","BOSS","M","?","M","M","M","R","M","M","T","R","?","M","?","?","R","BOSS","M","?","M","?","M","R","?","R","T","R","M","R","$","M","R","BOSS"],"items_purchased_type":["Card","Relic","Potion","Potion"],"build_version":"2020-12-22","purchased_purges":2,"victory":false,"max_hp_per_floor":[68,68,68,68,68,68,68,68,68,68,68,68,68,68,68,68,68,68,68,68,68,68,68,68,68,68,68,68,68,68,68,68,68,68,68,68,68,65,65,65,65,65,65,65,65,65,65,65,65,65,65],"card_choices":[{"not_picked":["Protect","Prostrate"],"picked":"EmptyBody","floor":1.0},{"not_picked":["CutThroughFate","EmptyBody"],"picked":"SashWhip","floor":2.0},{"not_picked":["Consecrate","PathToVictory"],"picked":"EmptyFist","floor":5.0},{"not_picked":["WreathOfFlame","FollowUp"],"picked":"ClearTheMind","floor":7.0},{"not_picked":["Study","CarveReality","SandsOfTime"],"picked":"SKIP","floor":8.0},{"not_picked":["Pray","ForeignInfluence"],"picked":"FearNoEvil","floor":12.0},{"not_picked":["Halt","Conclude"],"picked":"FlurryOfBlows","floor":13.0},{"not_picked":["ThirdEye","Swivel","DeceiveReality"],"picked":"SKIP","floor":14.0},{"not_picked":["SpiritShield","Devotion"],"picked":"DeusExMachina","floor":16.0},{"not_picked":["Evaluate+1","FlyingSleeves","WindmillStrike"],"picked":"SKIP","floor":18.0},{"not_picked":["ReachHeaven","CrushJoints","Weave"],"picked":"SKIP","floor":20.0},{"not_picked":["ThirdEye","SignatureMove","JustLucky"],"picked":"SKIP","floor":21.0},{"not_picked":["Meditate","Protect"],"picked":"BowlingBash+1","floor":22.0},{"not_picked":["Conclude","BowlingBash","FlyingSleeves"],"picked":"SKIP","floor":24.0},{"not_picked":["WreathOfFlame+1","JustLucky","EmptyBody"],"picked":"SKIP","floor":25.0},{"not_picked":["FollowUp","Consecrate"],"picked":"Scrawl","floor":29.0},{"not_picked":["Perseverance","FollowUp","Pray+1"],"picked":"SKIP","floor":31.0},{"not_picked":["CrushJoints","ReachHeaven","JustLucky"],"picked":"SKIP","floor":35.0},{"not_picked":["ForeignInfluence","Collect","Halt"],"picked":"SKIP","floor":37.0},{"not_picked":["EmptyBody","PathToVictory","Crescendo+1"],"picked":"SKIP","floor":39.0},{"not_picked":["Evaluate","EmptyMind","SashWhip"],"picked":"SKIP","floor":45.0},{"not_picked":["FlyingSleeves","ReachHeaven","Protect"],"picked":"SKIP","floor":48.0}],"player_experience":762744,"relics_obtained":[{"floor":9.0,"key":"Vajra"},{"floor":26.0,"key":"Lantern"},{"floor":43.0,"key":"InkBottle"}],"event_choices":[{"damage_healed":0.0,"max_hp_gain":0.0,"max_hp_loss":0.0,"gold_gain":75.0,"event_name":"World of Goop","player_choice":"Gather Gold","floor":4.0,"gold_loss":0.0,"damage_taken":11.0},{"damage_healed":0.0,"max_hp_gain":0.0,"max_hp_loss":0.0,"gold_gain":0.0,"event_name":"Match and Keep!","player_choice":"2 cards matched","floor":11.0,"gold_loss":0.0,"damage_taken":0.0,"cards_obtained":["Halt","SpiritShield"]},{"damage_healed":0.0,"max_hp_gain":0.0,"max_hp_loss":0.0,"gold_gain":0.0,"event_name":"Vampires","player_choice":"Ignored","floor":19.0,"gold_loss":0.0,"damage_taken":0.0},{"damage_healed":0.0,"max_hp_gain":0.0,"max_hp_loss":0.0,"gold_gain":0.0,"event_name":"The Library","player_choice":"Read","floor":28.0,"gold_loss":0.0,"damage_taken":0.0,"cards_obtained":["Ragnarok"]},{"damage_healed":0.0,"max_hp_gain":0.0,"max_hp_loss":0.0,"gold_gain":0.0,"event_name":"FaceTrader","player_choice":"Trade","floor":30.0,"gold_loss":0.0,"damage_taken":0.0,"relics_obtained":["NlothsMask"]},{"damage_healed":0.0,"max_hp_gain":0.0,"max_hp_loss":0.0,"gold_gain":0.0,"event_name":"SensoryStone","player_choice":"Memory 1","floor":36.0,"gold_loss":0.0,"damage_taken":0.0},{"damage_healed":0.0,"max_hp_gain":0.0,"max_hp_loss":3.0,"gold_gain":0.0,"event_name":"Winding Halls","player_choice":"Max HP","floor":38.0,"gold_loss":0.0,"damage_taken":0.0}],"is_beta":false,"boss_relics":[{"not_picked":["Fusion Hammer","Busted Crown"],"picked":"Astrolabe"},{"not_picked":["Black Star","Empty Cage"],"picked":"Pandora\u0027s Box"}],"items_purged_floors":[3,47],"is_endless":false,"potions_floor_spawned":[2,13,14,16,18,21,29,31,35,37],"killed_by":"Time Eater","ascension_level":19}}