{"host":"kjcsj8kbkx3w6fc4","time":1611007888,"event":{"mods":["2.2 Compatiblity","Aspiration","BaseMod","Better Third Choice","Conspire","Downfall","Hermit","Infinite Spire","Minty Spire (QoL Compilation)","Permanent Neow","Reimu??????","Shedinja","StSLib","The Cursed","The Poker Player","The Servant 0.9.4"],"gold_per_floor":[99,119,132,132,144,294,294,310,345,362,83,83,99,131,146,146,146],"floor_reached":16,"language":"ENG","playtime":1114,"items_purged":["downfall:Icky"],"score":114,"play_id":"f0ded290-baee-4ce3-b2ed-5e7db7c95d1f","local_time":"20210118171128","is_ascension_mode":false,"campfire_choices":[{"data":"bronze:Replicate","floor":1,"key":"SMITH"},{"floor":12,"key":"REST"}],"circlet_count":0,"master_deck":["bronze:Strike","bronze:Strike","bronze:Defend","bronze:Defend","bronze:Defend","bronze:Defend","bronze:Replicate+1","bronze:Goto","bronze:ChosenStrike","bronze:CutThrough+1","bronze:Shield","bronze:ClassDefault","bronze:Backtrace","bronze:CloningBeam","bronze:WhirlingStrike+1","bronze:BitShift","bronze:Repair","bronze:ShipIt","bronze:Flail","bronze:DigitalCarnage","bronze:Overload"],"relics":["bronze:BronzeCore","Tea:ReiMu","bronze:SilverBullet","Whetstone"],"acts_visited":["Exordium"],"potions_floor_usage":[16],"damage_taken":[{"damage":1,"enemies":"Jaw Worm","floor":2,"turns":3},{"damage":0,"enemies":"Cultist","floor":3,"turns":3},{"damage":0,"enemies":"Small Slimes","floor":5,"turns":2},{"damage":22,"enemies":"Exordium Thugs","floor":8,"turns":4},{"damage":15,"enemies":"Gremlin Nob","floor":9,"turns":4},{"damage":9,"enemies":"3 Louse","floor":10,"turns":2},{"damage":5,"enemies":"downfall:FleeingMerchant","floor":11,"turns":4},{"damage":3,"enemies":"Lots of Slimes","floor":13,"turns":2},{"damage":18,"enemies":"3 Sentries","floor":14,"turns":4},{"damage":3,"enemies":"Exordium Wildlife","floor":15,"turns":7},{"damage":49,"enemies":"IC_STATUS_ARCHETYPE","floor":16,"turns":8}],"seed_played":"-8469692897440225193","potions_obtained":[{"floor":2,"key":"ZuzhouPotion:ReiMu"},{"floor":10,"key":"BlessingOfTheForge"},{"floor":13,"key":"DuplicationPotion"},{"floor":14,"key":"ColorlessPotion"}],"is_trial":false,"path_per_floor":["R","M","M","?","M","?","T","M","E","M","$","R","M","E","M","B"],"character_chosen":"THE_AUTOMATON","items_purchased":["bronze:Repair","bronze:ShipIt"],"campfire_rested":1,"item_purchase_floors":[11,11],"current_hp_per_floor":[70,69,69,69,69,69,69,47,32,23,18,39,36,25,29,0,0],"gold":146,"neow_bonus":"REMOVE_CARD","is_daily":false,"chose_seed":false,"campfire_upgraded":1,"win_rate":0.0,"timestamp":1611007888,"path_taken":["R","M","M","?","?","?","T","M","E","M","$","R","M","E","M","BOSS"],"items_purchased_type":["Card","Card"],"build_version":"2020-12-22","purchased_purges":1,"victory":false,"max_hp_per_floor":[70,70,70,70,70,70,70,70,70,70,70,70,70,70,70,70,70],"card_choices":[{"not_picked":["bronze:BitShift","bronze:FineTuning"],"picked":"bronze:ChosenStrike","floor":2},{"not_picked":["bronze:Optimize","bronze:WildBeam"],"picked":"bronze:CutThrough","floor":3},{"not_picked":["bronze:DarkDash","bronze:OilSpill"],"picked":"bronze:ClassDefault","floor":5},{"not_picked":["bronze:Shield","bronze:Invalidate"],"picked":"bronze:Backtrace","floor":8},{"not_picked":["bronze:Invalidate","bronze:GetLatest"],"picked":"bronze:CloningBeam","floor":9},{"not_picked":["bronze:DelayedGuard","bronze:ShipIt"],"picked":"bronze:WhirlingStrike","floor":10},{"not_picked":["bronze:GetLatest","bronze:CutThrough"],"picked":"bronze:BitShift","floor":11},{"not_picked":["bronze:Invalidate","bronze:ChosenStrike"],"picked":"bronze:Flail","floor":13},{"not_picked":["bronze:Invalidate","bronze:BuggyMess"],"picked":"bronze:DigitalCarnage","floor":14},{"not_picked":["bronze:BitShift","bronze:BuggyMess"],"picked":"bronze:Overload","floor":15}],"player_experience":130120,"relics_obtained":[{"floor":7,"key":"Tea:ReiMu"},{"floor":9,"key":"bronze:SilverBullet"},{"floor":14,"key":"Whetstone"}],"event_choices":[],"is_beta":false,"boss_relics":[],"items_purged_floors":[11],"is_endless":false,"potions_floor_spawned":[2,10,13,14,15],"killed_by":"IC_STATUS_ARCHETYPE","ascension_level":0}}