{"host":"q0qnzbgdx8oqogg9","time":1611011106,"event":{"mods":["BaseMod","Minty Spire (QoL Compilation)","Slay-I","StSLib"],"gold_per_floor":[110,121,140,140,156,156,168,188,214,233,233,264,322,356,356,451,451,462,562,580,580,580],"floor_reached":21,"language":"ENG","playtime":877,"items_purged":[],"score":305,"play_id":"c8ef2adb-f6d5-4b65-8cf6-f6050444d160","local_time":"20210118180506","is_ascension_mode":true,"campfire_choices":[{"data":"Armaments","floor":6.0,"key":"SMITH"},{"data":"Pommel Strike","floor":11.0,"key":"SMITH"},{"data":"True Grit","floor":15.0,"key":"SMITH"}],"circlet_count":0,"master_deck":["Strike_R","Strike_R","Strike_R","Strike_R","Strike_R","Defend_R","Defend_R+1","Defend_R","Defend_R","Bash","Armaments+1","Wild Strike","Power Through","Perfected Strike","Pommel Strike+1","Flex+1","True Grit+1","Cleave","Barricade","Evolve+1"],"relics":["SacredBark","Strawberry","War Paint","Regal Pillow","Vajra","SlaversCollar"],"acts_visited":["Exordium","TheCity"],"potions_floor_usage":[],"damage_taken":[{"damage":1.0,"enemies":"Cultist","floor":1.0,"turns":4.0},{"damage":5.0,"enemies":"Jaw Worm","floor":2.0,"turns":6.0},{"damage":4.0,"enemies":"2 Louse","floor":3.0,"turns":4.0},{"damage":0.0,"enemies":"Exordium Wildlife","floor":5.0,"turns":3.0},{"damage":2.0,"enemies":"Large Slime","floor":7.0,"turns":6.0},{"damage":0.0,"enemies":"Lots of Slimes","floor":8.0,"turns":1.0},{"damage":6.0,"enemies":"3 Louse","floor":10.0,"turns":5.0},{"damage":0.0,"enemies":"3 Sentries","floor":12.0,"turns":1.0},{"damage":20.0,"enemies":"Gremlin Nob","floor":13.0,"turns":4.0},{"damage":15.0,"enemies":"Lagavulin","floor":14.0,"turns":7.0},{"damage":78.0,"enemies":"The Guardian","floor":16.0,"turns":19.0},{"damage":19.0,"enemies":"3 Byrds","floor":18.0,"turns":6.0},{"damage":51.0,"enemies":"Spheric Guardian","floor":20.0,"turns":10.0},{"damage":19,"enemies":"Chosen and Byrds","floor":21,"turns":5}],"seed_played":"6398576019875998148","potions_obtained":[{"floor":1.0,"key":"LiquidBronze"},{"floor":2.0,"key":"Explosive Potion"},{"floor":4.0,"key":"Regen Potion"},{"floor":4.0,"key":"AttackPotion"},{"floor":8.0,"key":"Regen Potion"},{"floor":12.0,"key":"Fire Potion"}],"is_trial":false,"path_per_floor":["M","M","M","?","M","R","M","M","T","M","R","E","?","E","R","B",null,"M","?","M","M"],"character_chosen":"IRONCLAD","items_purchased":[],"campfire_rested":0,"item_purchase_floors":[],"current_hp_per_floor":[71,66,62,62,62,62,60,60,67,61,61,61,41,71,71,38,75,56,56,5,0,0],"gold":580,"neow_bonus":"BOSS_RELIC","is_daily":false,"chose_seed":false,"campfire_upgraded":3,"win_rate":0.0,"timestamp":1611011106,"path_taken":["M","M","M","?","M","R","M","?","T","M","R","E","?","E","R","BOSS","M","?","M","M"],"items_purchased_type":[],"build_version":"2020-12-22","purchased_purges":0,"victory":false,"max_hp_per_floor":[80,80,80,80,80,80,80,80,87,87,87,87,87,87,87,87,87,87,87,87,87,87],"card_choices":[{"not_picked":["Disarm","Havoc"],"picked":"Armaments","floor":1.0},{"not_picked":["Warcry","Impervious"],"picked":"Wild Strike","floor":2.0},{"not_picked":["Twin Strike","Second Wind"],"picked":"Power Through","floor":3.0},{"not_picked":["Shrug It Off","Twin Strike"],"picked":"Perfected Strike","floor":5.0},{"not_picked":["Iron Wave","Headbutt","Perfected Strike"],"picked":"SKIP","floor":7.0},{"not_picked":["Berserk","Intimidate"],"picked":"Pommel Strike","floor":8.0},{"not_picked":["Pommel Strike","Havoc"],"picked":"Flex","floor":10.0},{"not_picked":["Rage","Double Tap"],"picked":"True Grit","floor":12.0},{"not_picked":["Ghostly Armor","Warcry"],"picked":"Cleave","floor":14.0},{"not_picked":["Feed","Exhume"],"picked":"Barricade","floor":16.0},{"not_picked":["Armaments","Clash+1","Clothesline"],"picked":"SKIP","floor":18.0},{"not_picked":["Wild Strike","Warcry"],"picked":"Evolve+1","floor":20}],"player_experience":231884,"relics_obtained":[{"floor":9.0,"key":"Strawberry"},{"floor":12.0,"key":"War Paint"},{"floor":14.0,"key":"Vajra"}],"event_choices":[{"damage_healed":0.0,"max_hp_gain":0.0,"max_hp_loss":0.0,"gold_gain":0.0,"event_name":"Lab","player_choice":"Got Potions","floor":4.0,"gold_loss":0.0,"damage_taken":0.0},{"damage_healed":0.0,"max_hp_gain":0.0,"max_hp_loss":0.0,"gold_gain":0.0,"event_name":"Dead Adventurer","player_choice":"Searched \u00273\u0027 times","floor":13.0,"gold_loss":0.0,"damage_taken":0.0,"relics_obtained":["Regal Pillow"]},{"damage_healed":0.0,"max_hp_gain":0.0,"max_hp_loss":0.0,"gold_gain":100.0,"event_name":"Golden Shrine","player_choice":"Pray","floor":19.0,"gold_loss":0.0,"damage_taken":0.0}],"is_beta":false,"boss_relics":[{"not_picked":["Sozu","Runic Dome"],"picked":"SlaversCollar"}],"items_purged_floors":[],"is_endless":false,"potions_floor_spawned":[1,2,8,12],"killed_by":"Chosen and Byrds","ascension_level":8}}