{"host":"c5slkkw8hp42e20v","time":1611005200,"event":{"mods":["AchievementEnabler","BaseMod","Better Note","BetterRewards","Clawfect","Colored Powertips","DeckTracker","Friendly Minions","GifTheSpireLib","Hermit","Highlight Path","Minty Spire (QoL Compilation)","Quick Restart","Rare Cards Sparkle","Replay The Spire","Spicy Shops","StSLib","The Administrix","The Animator","The Bug Knight","The Hierophant","The Necromancer","The Poker Player","The Runesmith","The Senshi","The Servant 0.9.4","????"],"gold_per_floor":[119,129,129,149,161,161,161],"floor_reached":6,"language":"ENG","playtime":276,"items_purged":[],"score":63,"play_id":"b792ed04-3460-4e72-8380-49389b56d928","local_time":"20210118152640","is_ascension_mode":false,"campfire_choices":[],"circlet_count":0,"master_deck":["Gash","Gash","Gash","Gash","Defend_B","Defend_B","Defend_B","Defend_B","Clawfect:ClawpileDriver","Heatsinks","Chaos","Capacitor"],"relics":["Clawfect:DRClaw","ReplayTheSpireMod:Ninjato","ReplayTheSpireMod:Ring of Collecting","Ring of Panic"],"acts_visited":["Exordium"],"potions_floor_usage":[],"damage_taken":[{"damage":1,"enemies":"Jaw Worm","floor":1,"turns":4},{"damage":5,"enemies":"Small Slimes","floor":2,"turns":3},{"damage":12,"enemies":"Cultist","floor":4,"turns":5},{"damage":32,"enemies":"Exordium Thugs","floor":5,"turns":6},{"damage":29,"enemies":"Gremlin Nob","floor":6,"turns":3}],"seed_played":"-8100113192016168080","potions_obtained":[{"floor":1,"key":"EssenceOfDarkness"},{"floor":2,"key":"Adrenaline Potion"}],"is_trial":false,"path_per_floor":["M","M","?","M","M","E"],"character_chosen":"DEFECT","items_purchased":["ReplayTheSpireMod:Ninjato"],"campfire_rested":0,"item_purchase_floors":[0],"current_hp_per_floor":[74,69,69,57,25,0,0],"gold":161,"neow_bonus":"","is_daily":false,"chose_seed":false,"campfire_upgraded":0,"win_rate":0.0,"timestamp":1611005200,"path_taken":["M","M","?","M","M","E"],"items_purchased_type":["Relic"],"build_version":"2020-12-22","purchased_purges":0,"victory":false,"max_hp_per_floor":[75,75,75,75,75,75,75],"card_choices":[{"not_picked":["Steam","Hologram"],"picked":"Clawfect:ClawpileDriver","floor":1},{"not_picked":["Aggregate","ReplaySort"],"picked":"Heatsinks","floor":2},{"not_picked":["Sunder","Clawfect:ClawingBeam"],"picked":"Chaos","floor":4},{"not_picked":["BasicCrystalCard","Reprogram"],"picked":"Capacitor","floor":5}],"player_experience":82166,"relics_obtained":[{"floor":3,"key":"ReplayTheSpireMod:Ring of Collecting"},{"floor":3,"key":"Ring of Panic"}],"event_choices":[],"is_beta":false,"boss_relics":[],"items_purged_floors":[],"is_endless":false,"potions_floor_spawned":[1,2],"killed_by":"Gremlin Nob","ascension_level":0}}