{"host":"3zhcrllo23fhqv4x","time":1611001408,"event":{"mods":["AchievementEnabler","BaseMod","Downfall","Hermit","Jorbs\u0027s Wanderer Trilogy","Marisa????????","Minty Spire (QoL Compilation)","Remilia??????","StSLib","The Cursed","The Disciple","The Hierophant","The Runesmith","The Servant 0.9.4"],"gold_per_floor":[99,114,133,233,333,344,419,319,82,97,97,110,126,143,159,256,256,256,273,106,215,215,215,215,215,234,134,168,168,68,87,104,202,202,202,221,126,140,140,140,140,140,156,174,174,174,174,204,224,224,224,257,51,51,51,51],"floor_reached":57,"language":"ENG","playtime":3005,"items_purged":["Normality"],"score":1419,"play_id":"b6397204-0eff-4bc4-8476-7c77779386ad","local_time":"20210118152328","is_ascension_mode":false,"campfire_choices":[{"floor":1.0,"key":"RECALL"},{"floor":8.0,"key":"REST"},{"floor":11.0,"key":"REST"},{"data":"bronze:Repair","floor":18.0,"key":"SMITH"},{"data":"bronze:ChosenStrike","floor":23.0,"key":"SMITH"},{"data":"bronze:OilSpill","floor":27.0,"key":"SMITH"},{"floor":30.0,"key":"REST"},{"data":"bronze:Format","floor":35.0,"key":"SMITH"},{"data":"bronze:Boost","floor":40.0,"key":"SMITH"},{"data":"bronze:Flail","floor":47.0,"key":"SMITH"},{"data":"bronze:DigitalCarnage","floor":54,"key":"SMITH"}],"circlet_count":0,"master_deck":["bronze:Strike","bronze:Strike","bronze:Strike","bronze:Strike","bronze:Defend","bronze:Defend","bronze:Defend","bronze:Defend","bronze:Replicate","bronze:Goto","bronze:DelayedSlice","bronze:DelayedSlice","bronze:Goto","bronze:Iterate","bronze:Allocate","bronze:ThunderWave","Impatience","bronze:Fortify","bronze:OilSpill","bronze:ChosenStrike+1","bronze:Deprecate","bronze:Iterate","bronze:OilSpill","bronze:Repair+1","bronze:RecursiveStrike","bronze:ChildClass+1","bronze:Optimize+1","bronze:Flail+1","bronze:OilSpill+1","Injury","downfall:Aged","bronze:DelayedGuard","bronze:Fortify+1","bronze:Shell+1","bronze:Boost+1","bronze:Format+1","bronze:OilSpill","bronze:DigitalCarnage+1","bronze:FineTuning","downfall:Aged","bronze:Shell+1","bronze:Shield+1","downfall:Icky","stsjorbsmod:Withering","Injury","Clumsy","bronze:Assembly","bronze:Return","bronze:WildBeam+1","bronze:ChosenStrike+1","bronze:WhirlingStrike"],"relics":["bronze:PlatinumCore","downfall:GremlinSack","Meat on the Bone","downfall:HeartBlessingRed","Juzu Bracelet","Cursed Key","Membership Card","Oddly Smooth Stone","Matryoshka","Bronze Scales","Blue Candle","Darkstone Periapt","downfall:HeartBlessingBlue","bronze:SilverBullet","downfall:HeartBlessingGreen","PreservedInsect","Runesmith:AutoHammer","AntiCross","Du-Vu Doll","Incense Burner","Mango","HornCleat"],"acts_visited":["Exordium","TheCity","TheBeyond","TheEnding"],"potions_floor_usage":[52,55,55],"damage_taken":[{"damage":11.0,"enemies":"2 Louse","floor":2.0,"turns":3.0},{"damage":1.0,"enemies":"Jaw Worm","floor":3.0,"turns":3.0},{"damage":28.0,"enemies":"Jaw Worm","floor":5.0,"turns":5.0},{"damage":6.0,"enemies":"Cultist","floor":6.0,"turns":3.0},{"damage":10.0,"enemies":"downfall:FleeingMerchant","floor":9.0,"turns":4.0},{"damage":14.0,"enemies":"2 Fungi Beasts","floor":10.0,"turns":3.0},{"damage":12.0,"enemies":"Exordium Wildlife","floor":12.0,"turns":3.0},{"damage":0.0,"enemies":"Blue Slaver","floor":13.0,"turns":1.0},{"damage":1.0,"enemies":"2 Fungi Beasts","floor":14.0,"turns":2.0},{"damage":12.0,"enemies":"Large Slime","floor":15.0,"turns":5.0},{"damage":13.0,"enemies":"IC_STATUS_ARCHETYPE","floor":16.0,"turns":4.0},{"damage":17.0,"enemies":"Spheric Guardian","floor":19.0,"turns":4.0},{"damage":5.0,"enemies":"downfall:FleeingMerchant","floor":20.0,"turns":4.0},{"damage":6.0,"enemies":"downfall:FleeingMerchant","floor":21.0,"turns":4.0},{"damage":0.0,"enemies":"Snake Plant","floor":26.0,"turns":3.0},{"damage":50.0,"enemies":"Gremlin Leader","floor":28.0,"turns":4.0},{"damage":7.0,"enemies":"3 Cultists","floor":31.0,"turns":3.0},{"damage":0.0,"enemies":"Snecko","floor":32.0,"turns":3.0},{"damage":46.0,"enemies":"WA_ARCHETYPE_CALM","floor":33.0,"turns":7.0},{"damage":2.0,"enemies":"Orb Walker","floor":36.0,"turns":3.0},{"damage":10.0,"enemies":"3 Darklings","floor":38.0,"turns":3.0},{"damage":1.0,"enemies":"Spire Growth","floor":43.0,"turns":4.0},{"damage":17.0,"enemies":"Jaw Worm Horde","floor":44.0,"turns":3.0},{"damage":2.0,"enemies":"Giant Head","floor":48.0,"turns":3.0},{"damage":0.0,"enemies":"Writhing Mass","floor":49.0,"turns":2.0},{"damage":24.0,"enemies":"SI_POISON_ARCHETYPE","floor":50.0,"turns":5.0},{"damage":26,"enemies":"downfall:CharBossMerchant","floor":52,"turns":5},{"damage":29,"enemies":"downfall:NeowBoss","floor":55,"turns":9},{"damage":79,"enemies":"downfall:NeowBossFinal","floor":56,"turns":6}],"seed_played":"2054675845658189767","potions_obtained":[{"floor":5.0,"key":"SneckoOil"},{"floor":10.0,"key":"ColorlessPotion"},{"floor":13.0,"key":"hexamod:SoulburnPotion"},{"floor":16.0,"key":"Swift Potion"},{"floor":19.0,"key":"Explosive Potion"},{"floor":26.0,"key":"hexamod:SoulburnPotion"},{"floor":28.0,"key":"hexamod:SoulburnPotion"},{"floor":33.0,"key":"LiquidMemories"},{"floor":43.0,"key":"bronze:BuildAFunctionPotion"},{"floor":48.0,"key":"bronze:FreeFunctionsPotion"},{"floor":49.0,"key":"PowerPotion"}],"is_trial":false,"path_per_floor":["R","M","M","?","?","M","T","R","$","M","R","M","M","M","M","B",null,"R","M","$","$","?","R","T","T","M","R","E","$","R","M","M","B",null,"R","M","$","M","?","R","T","?","M","M","T","?","R","E","M","B",null,"E","$","R","B","B",null],"character_chosen":"THE_AUTOMATON","items_purchased":["Juzu Bracelet","Membership Card","Oddly Smooth Stone","bronze:OilSpill","Matryoshka","PreservedInsect","bronze:DigitalCarnage","bronze:WhirlingStrike","HornCleat","Regen Potion","Dexterity Potion"],"campfire_rested":3,"item_purchase_floors":[9,20,21,21,21,37,37,53,53,53,53],"current_hp_per_floor":[77,66,65,65,37,31,31,54,44,42,65,53,53,52,40,46,77,77,60,65,69,69,69,69,69,69,79,41,41,67,60,70,46,87,87,85,85,75,75,75,81,81,90,73,79,97,97,105,105,91,117,115,115,115,111,54],"gold":51,"neow_bonus":"TEN_PERCENT_HP_BONUS","is_daily":false,"chose_seed":false,"campfire_upgraded":7,"win_rate":0.0,"timestamp":1611001408,"path_taken":["R","M","M","?","?","M","T","R","$","M","R","M","M","M","M","BOSS","R","M","?","$","?","R","T","?","M","R","E","$","R","M","M","BOSS","R","M","$","M","?","R","T","?","M","M","?","?","R","E","M","BOSS","E","$","R","BOSS","BOSS"],"items_purchased_type":["Relic","Relic","Relic","Card","Relic","Relic","Card","Card","Relic","Potion","Potion"],"build_version":"2020-12-22","purchased_purges":1,"victory":true,"max_hp_per_floor":[77,77,77,77,77,77,77,77,77,77,77,77,77,77,77,77,77,77,77,77,77,77,77,77,77,77,87,87,87,87,87,87,87,87,87,87,87,87,87,87,93,93,93,93,99,117,117,117,117,117,117,131,131,131,131,131],"card_choices":[{"not_picked":["bronze:Iterate","bronze:DelayedGuard"],"picked":"bronze:DelayedSlice","floor":2.0},{"not_picked":["bronze:Deprecate","bronze:Turbo"],"picked":"bronze:DelayedSlice","floor":3.0},{"not_picked":["bronze:Frontload","bronze:FollowUp"],"picked":"bronze:Fortify","floor":5.0},{"not_picked":["bronze:DelayedGuard","bronze:Shield"],"picked":"bronze:OilSpill","floor":6.0},{"not_picked":["bronze:WildBeam","bronze:AlphaBuild"],"picked":"bronze:ChosenStrike","floor":9.0},{"not_picked":["bronze:Turbo","bronze:FollowUp"],"picked":"bronze:Deprecate","floor":10.0},{"not_picked":["bronze:DelayedGuard","bronze:ForceShield"],"picked":"bronze:Iterate","floor":12.0},{"not_picked":["bronze:Deprecate","bronze:Turbo"],"picked":"bronze:OilSpill","floor":13.0},{"not_picked":["bronze:OilSpill","bronze:BuggyMess"],"picked":"bronze:Repair","floor":14.0},{"not_picked":["bronze:WildBeam","bronze:Turbo"],"picked":"bronze:Optimize","floor":15.0},{"not_picked":["bronze:AlphaBuild","bronze:ThunderWave"],"picked":"bronze:RecursiveStrike","floor":16.0},{"not_picked":["bronze:BugBarrage+1","bronze:Invalidate"],"picked":"bronze:ChildClass+1","floor":19.0},{"not_picked":["bronze:BuggyMess","bronze:ShipIt"],"picked":"bronze:Optimize+1","floor":20.0},{"not_picked":["bronze:Iterate","bronze:RecursiveStrike"],"picked":"bronze:Flail","floor":21.0},{"not_picked":["bronze:Turbo+1","bronze:Invalidate"],"picked":"bronze:DelayedGuard","floor":26.0},{"not_picked":["bronze:FineTuning+1","bronze:Philosophize"],"picked":"bronze:Fortify+1","floor":28.0},{"not_picked":["bronze:WildBeam","bronze:CutThrough+1"],"picked":"bronze:Shell+1","floor":31.0},{"not_picked":["bronze:Frontload","bronze:CloningBeam"],"picked":"bronze:Boost","floor":32.0},{"not_picked":["bronze:ShipIt","bronze:FindAndReplace"],"picked":"bronze:Format","floor":33.0},{"not_picked":["bronze:Allocate","bronze:BugBarrage"],"picked":"bronze:OilSpill","floor":36.0},{"not_picked":["bronze:Return","bronze:CutThrough+1"],"picked":"bronze:FineTuning","floor":38.0},{"not_picked":["bronze:BuggyMess","bronze:Turbo+1"],"picked":"bronze:Shell+1","floor":43.0},{"not_picked":["bronze:FineTuning","bronze:ChosenStrike"],"picked":"bronze:Shield+1","floor":44.0},{"not_picked":["bronze:Turbo","bronze:Boost+1"],"picked":"bronze:Return","floor":48.0},{"not_picked":["bronze:Iterate+1","bronze:BuggyMess+1"],"picked":"bronze:WildBeam+1","floor":49.0},{"not_picked":["bronze:Deprecate","bronze:Boost"],"picked":"bronze:ChosenStrike+1","floor":52}],"player_experience":306112,"relics_obtained":[{"floor":5.0,"key":"downfall:GremlinSack"},{"floor":7.0,"key":"Meat on the Bone"},{"floor":24.0,"key":"Bronze Scales"},{"floor":24.0,"key":"Blue Candle"},{"floor":25.0,"key":"Darkstone Periapt"},{"floor":28.0,"key":"bronze:SilverBullet"},{"floor":41.0,"key":"Runesmith:AutoHammer"},{"floor":45.0,"key":"AntiCross"},{"floor":48.0,"key":"Incense Burner"},{"floor":52,"key":"Mango"}],"event_choices":[{"cards_removed":["bronze:Optimize"],"damage_healed":0.0,"max_hp_gain":0.0,"max_hp_loss":0.0,"gold_gain":0.0,"event_name":"Falling","player_choice":"Removed Power","floor":39.0,"gold_loss":0.0,"damage_taken":0.0}],"is_beta":false,"boss_relics":[{"not_picked":["Velvet Choker","Tiny House"],"picked":"Cursed Key"},{"not_picked":["bronze:MakeshiftBattery","Empty Cage"],"picked":"bronze:PlatinumCore"}],"items_purged_floors":[9],"is_endless":false,"potions_floor_spawned":[5,10,13,16,19,26,28,33,43,48,49],"ascension_level":0}}