{"host":"pletss163z7s8pvv","time":1611013605,"event":{"mods":["AchievementEnabler","BaseMod","Better Altar","CapriCore","Colored Map","Colored Powertips","Conspire","Energized Spire","GifTheSpireLib","Hermit","Ironclad Rager","Jedi Mod","Minty Spire (QoL Compilation)","Spicy Shops","StS++","StSLib","The Alterego","The Bladedancer","The Cursed","The Disciple","The Immortal","The Marked","The Servant 0.9.4"],"gold_per_floor":[117,67,84,84,102,102,138,138,188,205,269,303,324,371,371,492,492,537,537,548,548],"floor_reached":20,"language":"ENG","playtime":883,"items_purged":[],"score":178,"play_id":"0575b78f-8745-4acc-a063-cfabc3e6aa8c","local_time":"20210118174645","is_ascension_mode":false,"campfire_choices":[{"floor":6,"key":"RECALL"},{"floor":15,"key":"REST"}],"circlet_count":0,"master_deck":["theMarked:Strike","theMarked:Strike","theMarked:Strike","theMarked:Strike","theMarked:Strike","theMarked:Defend+1","theMarked:Defend","theMarked:Defend","theMarked:Defend","theMarked:SoldierOfQuellstein+1","theMarked:RepellingDischarge","conspire:SpireCoStock+1","theMarked:AttractMetal","theMarked:MysticalArsenal","theMarked:Standoff","theMarked:WardOff","theMarked:TakeOffHeels","theMarked:Panic","theMarked:PowerFlow","theMarked:Frustration","theMarked:Challenge","theMarked:ChainLightning"],"relics":["theMarked:ArtifactOfAir","War Paint","PreservedInsect","StSpp:PileOfSugar","MealTicket"],"acts_visited":["Exordium","TheCity"],"potions_floor_usage":[16,16,16],"damage_taken":[{"damage":5,"enemies":"Small Slimes","floor":1,"turns":3},{"damage":2,"enemies":"2 Louse","floor":3,"turns":3},{"damage":10,"enemies":"Jaw Worm","floor":5,"turns":4},{"damage":14,"enemies":"Blue Slaver","floor":7,"turns":4},{"damage":2,"enemies":"2 Fungi Beasts","floor":10,"turns":7},{"damage":15,"enemies":"Lagavulin","floor":11,"turns":13},{"damage":7,"enemies":"Looter","floor":12,"turns":4},{"damage":0,"enemies":"Exordium Wildlife","floor":13,"turns":6},{"damage":17,"enemies":"Blue Slaver","floor":14,"turns":4},{"damage":7,"enemies":"Slime Boss","floor":16,"turns":9},{"damage":60,"enemies":"Shell Parasite","floor":18,"turns":6},{"damage":60,"enemies":"Chosen","floor":20,"turns":4}],"seed_played":"3981636921181798524","potions_obtained":[{"floor":11,"key":"jedi:tentaclejuice"},{"floor":12,"key":"Explosive Potion"},{"floor":13,"key":"ColorlessPotion"},{"floor":14,"key":"Energy Potion"},{"floor":16,"key":"SteroidPotion"},{"floor":18,"key":"PowerPotion"}],"is_trial":false,"path_per_floor":["M","?","M","?","M","R","M","?","T","M","E","M","M","M","R","B",null,"M","?","M"],"character_chosen":"THE_DEFAULT","items_purchased":[],"campfire_rested":1,"item_purchase_floors":[],"current_hp_per_floor":[72,72,70,70,60,60,46,46,46,44,29,22,22,5,28,21,77,17,17,0,0],"gold":548,"neow_bonus":"TEN_PERCENT_HP_BONUS","is_daily":false,"chose_seed":false,"campfire_upgraded":0,"win_rate":0.0,"timestamp":1611013605,"path_taken":["M","?","M","?","M","R","M","?","T","M","E","M","M","M","R","BOSS","M","?","M"],"items_purchased_type":[],"build_version":"2020-12-22","purchased_purges":0,"victory":false,"max_hp_per_floor":[77,77,77,77,77,77,77,77,77,77,77,77,77,77,77,77,77,77,77,77,77],"card_choices":[{"not_picked":["theMarked:WastefulDefense","theMarked:Generate"],"picked":"theMarked:RepellingDischarge","floor":1},{"not_picked":["theMarked:Frustration","theMarked:EnhanceMovement"],"picked":"theMarked:AttractMetal","floor":3},{"not_picked":["theMarked:TakeCover","theMarked:Frustration"],"picked":"theMarked:MysticalArsenal","floor":5},{"not_picked":["theMarked:EnhanceMovement","theMarked:TakeCover"],"picked":"theMarked:Standoff","floor":7},{"not_picked":["theMarked:RepellingDischarge","theMarked:Improvise"],"picked":"theMarked:WardOff","floor":10},{"not_picked":["theMarked:ContemptForTheProud","theMarked:RepellingDischarge"],"picked":"theMarked:TakeOffHeels","floor":11},{"not_picked":["theMarked:Parkour","theMarked:WastefulAttack"],"picked":"theMarked:Panic","floor":12},{"not_picked":["theMarked:ResourceFulStrike","theMarked:SwordAndMagic"],"picked":"theMarked:PowerFlow","floor":13},{"not_picked":["theMarked:ChannelForce","theMarked:SwordAndMagic"],"picked":"theMarked:Frustration","floor":14},{"not_picked":["theMarked:Levitate","theMarked:Defy"],"picked":"theMarked:Challenge","floor":16},{"not_picked":["theMarked:SwordAndMagic","theMarked:WastefulDefense"],"picked":"theMarked:ChainLightning","floor":18}],"player_experience":426329,"relics_obtained":[{"floor":9,"key":"War Paint"},{"floor":11,"key":"PreservedInsect"},{"floor":19,"key":"MealTicket"}],"event_choices":[{"damage_healed":0,"gold_gain":0,"player_choice":"Invest 1","damage_taken":0,"max_hp_gain":0,"max_hp_loss":0,"event_name":"conspire:Investor","floor":2,"gold_loss":0},{"damage_healed":0,"gold_gain":0,"player_choice":"Grow","damage_taken":0,"max_hp_gain":0,"max_hp_loss":0,"event_name":"Living Wall","floor":4,"gold_loss":0,"cards_upgraded":["theMarked:SoldierOfQuellstein"]},{"damage_healed":0,"gold_gain":0,"player_choice":"Disagree","damage_taken":0,"max_hp_gain":0,"max_hp_loss":0,"event_name":"conspire:LoneGhost","floor":8,"gold_loss":0}],"is_beta":false,"boss_relics":[{"not_picked":["jedi:hotpepper","StSpp:Balance"],"picked":"StSpp:PileOfSugar"}],"items_purged_floors":[],"is_endless":false,"potions_floor_spawned":[11,12,13,14,16,18],"killed_by":"Chosen","ascension_level":0}}