{"host":"16bdbdkejmwbwkj8","time":1611005664,"event":{"mods":["BaseMod","Colored Map","Downfall","Minty Spire (QoL Compilation)","StSLib"],"gold_per_floor":[114,126,126,126,144,162,162,177,192,206,226,245,263,283,283,283,283],"floor_reached":16,"language":"ENG","playtime":1209,"items_purged":[],"score":102,"play_id":"d22ad60d-bf58-4bf3-8de4-601814c1a3ea","local_time":"20210118163424","is_ascension_mode":false,"campfire_choices":[{"floor":15,"key":"REST"}],"circlet_count":0,"master_deck":["bronze:Strike","bronze:Strike","bronze:Strike","bronze:Strike","bronze:Defend","bronze:Defend","bronze:Defend","bronze:Defend","bronze:Replicate","bronze:Goto","bronze:WhirlingStrike","bronze:Frontload","bronze:BuggyMess","bronze:SpaghettiCode","bronze:Deprecate","bronze:DigitalCarnage","bronze:Flail","bronze:Shield","bronze:DelayedSlice","bronze:Philosophize","bronze:Branch"],"relics":["bronze:BronzeCore","Vajra"],"acts_visited":["Exordium"],"potions_floor_usage":[],"damage_taken":[{"damage":8,"enemies":"2 Louse","floor":1,"turns":4},{"damage":5,"enemies":"Small Slimes","floor":2,"turns":3},{"damage":0,"enemies":"Cultist","floor":5,"turns":5},{"damage":21,"enemies":"Exordium Wildlife","floor":6,"turns":7},{"damage":9,"enemies":"Blue Slaver","floor":8,"turns":3},{"damage":0,"enemies":"Large Slime","floor":9,"turns":5},{"damage":0,"enemies":"Exordium Wildlife","floor":10,"turns":2},{"damage":8,"enemies":"Blue Slaver","floor":11,"turns":4},{"damage":13,"enemies":"Lots of Slimes","floor":12,"turns":2},{"damage":3,"enemies":"2 Fungi Beasts","floor":13,"turns":2},{"damage":0,"enemies":"Gremlin Gang","floor":14,"turns":2},{"damage":33,"enemies":"SI_SHIV_ARCHETYPE","floor":16,"turns":6}],"seed_played":"-2823592951466792087","potions_obtained":[{"floor":6,"key":"SteroidPotion"},{"floor":8,"key":"bronze:CleanCodePotion"},{"floor":9,"key":"Strength Potion"}],"is_trial":false,"path_per_floor":["M","M","?","?","M","M","T","M","M","M","M","M","M","M","R","B"],"character_chosen":"THE_AUTOMATON","items_purchased":[],"campfire_rested":1,"item_purchase_floors":[],"current_hp_per_floor":[69,64,64,64,64,43,43,34,34,34,26,13,10,10,33,0,0],"gold":283,"neow_bonus":"TEN_PERCENT_HP_BONUS","is_daily":false,"chose_seed":false,"campfire_upgraded":0,"win_rate":0.0,"timestamp":1611005664,"path_taken":["M","M","?","?","M","M","T","M","M","M","M","M","?","M","R","BOSS"],"items_purchased_type":[],"build_version":"2020-12-22","purchased_purges":0,"victory":false,"max_hp_per_floor":[77,77,77,77,77,77,77,77,77,77,77,77,77,77,77,77,77],"card_choices":[{"not_picked":["bronze:BitShift","bronze:CutThrough"],"picked":"bronze:WhirlingStrike","floor":1},{"not_picked":["bronze:Allocate","bronze:BitShift"],"picked":"bronze:Frontload","floor":2},{"not_picked":["bronze:BitShift","bronze:Return"],"picked":"bronze:BuggyMess","floor":5},{"not_picked":["bronze:DelayedSlice","bronze:CutThrough"],"picked":"bronze:SpaghettiCode","floor":6},{"not_picked":["bronze:Invalidate","bronze:Return"],"picked":"bronze:Deprecate","floor":8},{"not_picked":["bronze:Repulsor","bronze:Safeguard"],"picked":"bronze:DigitalCarnage","floor":9},{"not_picked":["bronze:Iterate","bronze:Branch"],"picked":"bronze:Flail","floor":10},{"not_picked":["bronze:ChildClass","bronze:Frontload"],"picked":"bronze:Shield","floor":11},{"not_picked":["bronze:BugBarrage","bronze:FineTuning"],"picked":"bronze:DelayedSlice","floor":12},{"not_picked":["bronze:ChildClass","bronze:BuggyMess"],"picked":"bronze:Philosophize","floor":13},{"not_picked":["bronze:Allocate","bronze:ChildClass"],"picked":"bronze:Branch","floor":14}],"player_experience":120381,"relics_obtained":[{"floor":7,"key":"Vajra"}],"event_choices":[{"damage_healed":0,"gold_gain":0,"player_choice":"Ignored","damage_taken":0,"max_hp_gain":0,"max_hp_loss":0,"event_name":"NoteForYourself","floor":4,"gold_loss":0}],"is_beta":false,"boss_relics":[],"items_purged_floors":[],"is_endless":false,"potions_floor_spawned":[6,8,9,10,12],"killed_by":"SI_SHIV_ARCHETYPE","ascension_level":0}}