{"host":"wcqwttj5v9rz3xmq","time":1611002536,"event":{"mods":["BaseMod","Colored Map","Downfall","Minty Spire (QoL Compilation)","StSLib"],"gold_per_floor":[99,114,124,142,172,172,195,195,222,241,254,280,180,53,64,64,64,64],"floor_reached":16,"language":"ENG","playtime":1435,"items_purged":[],"score":154,"play_id":"f678336c-9b84-4f05-9c43-bad28b2b01b7","local_time":"20210118154216","is_ascension_mode":false,"campfire_choices":[{"data":"hexamod:Float","floor":1,"key":"SMITH"},{"data":"hexamod:WildfireWeapon","floor":13,"key":"SMITH"}],"circlet_count":0,"master_deck":["hexamod:Strike","hexamod:Strike","hexamod:Strike","hexamod:Defend","hexamod:Defend","hexamod:Defend","hexamod:Defend","hexamod:Sear","hexamod:Float+1","hexamod:SpectersWail","hexamod:InspiringFlames","hexamod:SpectersWail","hexamod:SpectersWail","hexamod:SecondSeal","hexamod:WildfireWeapon+1","hexamod:Firestarter","hexamod:Hexaguard","hexamod:FifthSeal","hexamod:SoulSteal","hexamod:SpectersWail","hexamod:ShieldOfDarkness"],"relics":["hexamod:SpiritBrand","Strawberry","downfall:HeartBlessingBlue"],"acts_visited":["Exordium"],"potions_floor_usage":[16],"damage_taken":[{"damage":0,"enemies":"Small Slimes","floor":2,"turns":5},{"damage":2,"enemies":"2 Louse","floor":3,"turns":3},{"damage":1,"enemies":"Jaw Worm","floor":4,"turns":3},{"damage":16,"enemies":"3 Sentries","floor":9,"turns":5},{"damage":6,"enemies":"Lots of Slimes","floor":10,"turns":2},{"damage":8,"enemies":"Red Slaver","floor":11,"turns":3},{"damage":3,"enemies":"3 Louse","floor":12,"turns":2},{"damage":0,"enemies":"downfall:FleeingMerchant","floor":14,"turns":4},{"damage":0,"enemies":"2 Fungi Beasts","floor":15,"turns":2},{"damage":102,"enemies":"DF_ARCHETYPE_STREAMLINE","floor":16,"turns":14}],"seed_played":"4944404541827874249","potions_obtained":[{"floor":3,"key":"Strength Potion"},{"floor":9,"key":"LiquidMemories"},{"floor":11,"key":"SpeedPotion"}],"is_trial":false,"path_per_floor":["R","M","M","M","?","?","T","?","E","M","M","M","R","$","M","B"],"character_chosen":"THE_SPIRIT","items_purchased":["hexamod:SoulSteal","hexamod:SpectersWail"],"campfire_rested":0,"item_purchase_floors":[14,14],"current_hp_per_floor":[77,77,75,74,74,74,74,74,65,59,51,48,58,58,58,0,0,0],"gold":64,"neow_bonus":"TEN_PERCENT_HP_BONUS","is_daily":false,"chose_seed":false,"campfire_upgraded":2,"win_rate":0.0,"timestamp":1611002536,"path_taken":["R","M","M","M","?","?","T","?","E","M","M","?","R","?","M","BOSS"],"items_purchased_type":["Card","Card"],"build_version":"2020-12-22","purchased_purges":0,"victory":false,"max_hp_per_floor":[77,77,77,77,77,77,77,77,84,84,84,84,94,94,94,94,94,94],"card_choices":[{"not_picked":["hexamod:NightmareGuise","hexamod:EmpoweredFlame"],"picked":"hexamod:SpectersWail","floor":2},{"not_picked":["hexamod:Incineration","hexamod:SpectralAdrenaline"],"picked":"hexamod:InspiringFlames","floor":3},{"not_picked":["hexamod:SpectralAdrenaline","hexamod:GhostShield"],"picked":"hexamod:SpectersWail","floor":4},{"not_picked":["hexamod:InspiringFlames","hexamod:ThermalTransfer"],"picked":"hexamod:SecondSeal","floor":9},{"not_picked":["hexamod:ThermalTransfer","hexamod:ShieldOfDarkness"],"picked":"hexamod:WildfireWeapon","floor":10},{"not_picked":["hexamod:PhantomFireball","hexamod:BurningTouch"],"picked":"hexamod:Firestarter","floor":11},{"not_picked":["hexamod:PhantomCloak","hexamod:EtherealExpedition"],"picked":"hexamod:Hexaguard","floor":12},{"not_picked":["hexamod:SpectersWail","hexamod:RetreatToShadows"],"picked":"hexamod:FifthSeal","floor":14},{"not_picked":["hexamod:Haunt","hexamod:RainOfEmbers"],"picked":"hexamod:ShieldOfDarkness","floor":15}],"player_experience":85904,"relics_obtained":[{"floor":9,"key":"Strawberry"}],"event_choices":[],"is_beta":false,"boss_relics":[],"items_purged_floors":[],"is_endless":false,"potions_floor_spawned":[3,9,11],"killed_by":"DF_ARCHETYPE_STREAMLINE","ascension_level":0}}