{"host":"u9h06qdlnp3wgzsw","time":1611011465,"event":{"mods":["BaseMod","Downfall","Hermit","Minty Spire (QoL Compilation)","Quick Restart","Rare Cards Sparkle","Shop Mod","StSLib","The Hierophant","The Servant 0.9.4"],"gold_per_floor":[117,192,16,16,39,39,59,59,84,84,93,106,125,125,125,260,260,274,274,292,29,52,52,52,52],"floor_reached":24,"language":"ENG","playtime":1009,"items_purged":["Injury"],"score":214,"play_id":"0a1da724-884d-4564-81f6-09920ca31b21","local_time":"20210118181105","is_ascension_mode":true,"campfire_choices":[{"floor":6,"key":"REST"},{"data":"PathToVictory","floor":8,"key":"SMITH"},{"data":"Defend_P","floor":10,"key":"SMITH"},{"floor":15,"key":"REST"},{"floor":23,"key":"REST"}],"circlet_count":0,"master_deck":["Strike_P","Strike_P","Strike_P","Strike_P","Defend_P","Defend_P","Defend_P","Defend_P+1","Eruption","Vigilance","Perseverance","FollowUp","PathToVictory+1","Wish","Apotheosis","FollowUp"],"relics":["Philosopher\u0027s Stone","CeramicFish","Art of War","Golden Idol","Cursed Key","MutagenicStrength"],"acts_visited":["Exordium","TheCity"],"potions_floor_usage":[13,18,18,20],"damage_taken":[{"damage":0,"enemies":"2 Louse","floor":1,"turns":2},{"damage":13,"enemies":"Jaw Worm","floor":5,"turns":4},{"damage":0,"enemies":"Small Slimes","floor":7,"turns":2},{"damage":0,"enemies":"Looter","floor":12,"turns":3},{"damage":14,"enemies":"Exordium Thugs","floor":13,"turns":5},{"damage":38,"enemies":"The Guardian","floor":16,"turns":11},{"damage":16,"enemies":"3 Byrds","floor":18,"turns":2},{"damage":35,"enemies":"Spheric Guardian","floor":20,"turns":12},{"damage":5,"enemies":"Cultist and Chosen","floor":22,"turns":6},{"damage":22,"enemies":"Gremlin Leader","floor":24,"turns":5}],"seed_played":"-6133383425711935476","potions_obtained":[{"floor":1,"key":"Dexterity Potion"},{"floor":7,"key":"SteroidPotion"},{"floor":13,"key":"AttackPotion"},{"floor":18,"key":"Dexterity Potion"}],"is_trial":false,"path_per_floor":["M","?","$","?","M","R","M","R","T","R","?","M","M","$","R","B",null,"M","?","M","$","M","R","E"],"character_chosen":"WATCHER","items_purchased":["CeramicFish","Perseverance","Apotheosis"],"campfire_rested":3,"item_purchase_floors":[3,3,21],"current_hp_per_floor":[72,61,61,61,48,69,69,69,69,69,69,69,55,55,72,34,72,56,56,21,21,16,37,15,15],"gold":52,"neow_bonus":"BOSS_RELIC","is_daily":false,"chose_seed":false,"campfire_upgraded":2,"win_rate":0.0,"timestamp":1611011465,"path_taken":["M","?","$","?","M","R","M","R","T","R","?","M","M","$","R","BOSS","M","?","M","$","M","R","E"],"items_purchased_type":["Relic","Card","Card"],"build_version":"2020-12-22","purchased_purges":1,"victory":false,"max_hp_per_floor":[72,72,72,72,72,72,72,72,72,72,72,72,72,72,72,72,72,72,72,72,72,72,72,72,72],"card_choices":[{"not_picked":["ReachHeaven","InnerPeace","Collect"],"picked":"SKIP","floor":1},{"not_picked":["CarveReality","FlurryOfBlows"],"picked":"FollowUp","floor":5},{"not_picked":["CrushJoints","ClearTheMind"],"picked":"PathToVictory","floor":7},{"not_picked":["TalkToTheHand","ThirdEye","FlurryOfBlows"],"picked":"SKIP","floor":12},{"not_picked":["SashWhip","Consecrate","CrushJoints"],"picked":"SKIP","floor":13},{"not_picked":["Ragnarok","Blasphemy"],"picked":"Wish","floor":16},{"not_picked":["Consecrate","Prostrate","MentalFortress"],"picked":"SKIP","floor":18},{"not_picked":["Consecrate+1","FlyingSleeves","BowlingBash"],"picked":"SKIP","floor":20},{"not_picked":["ThirdEye","InnerPeace"],"picked":"FollowUp","floor":22}],"player_experience":814648,"relics_obtained":[{"floor":9,"key":"Art of War"}],"event_choices":[{"damage_healed":0,"gold_gain":75,"player_choice":"Gather Gold","damage_taken":11,"max_hp_gain":0,"max_hp_loss":0,"event_name":"World of Goop","floor":2,"gold_loss":0},{"damage_healed":0,"gold_gain":0,"player_choice":"Ignored","damage_taken":0,"max_hp_gain":0,"max_hp_loss":0,"event_name":"Golden Wing","floor":4,"gold_loss":0},{"damage_healed":0,"gold_gain":0,"player_choice":"Take Wound","damage_taken":0,"relics_obtained":["Golden Idol"],"max_hp_gain":0,"max_hp_loss":0,"event_name":"Golden Idol","floor":11,"gold_loss":0,"cards_obtained":["Injury"]},{"damage_healed":0,"gold_gain":0,"player_choice":"Inject Mutagens","damage_taken":0,"relics_obtained":["MutagenicStrength"],"max_hp_gain":0,"max_hp_loss":0,"event_name":"Drug Dealer","floor":19,"gold_loss":0}],"is_beta":false,"boss_relics":[{"not_picked":["SlaversCollar","SacredBark"],"picked":"Cursed Key"}],"items_purged_floors":[21],"is_endless":false,"potions_floor_spawned":[1,7,13,18],"killed_by":"Gremlin Leader","ascension_level":3}}