{"host":"8d3fefv2347kqkpz","time":1611010846,"event":{"mods":["100% Spire Juice","AchievementEnabler","Act Like it!","Aspiration","BaseMod","Better Vampires","Colored Map","Colored Powertips","Conspire","GifTheSpireLib","Highlight Path","Mimic Mod","Minty Spire (QoL Compilation)","Quick Restart","Reimu£®≤©¿ˆ¡È√Œ£©","Relic Stats","Remilia£®¿Ÿ√◊¿Ú—«£©","Replay The Spire","Spicy Shops","StSLib","The Gatherer","The Jungle","The Senshi","The Servant 0.9.4","Waifu the Spire","vexMod"],"gold_per_floor":[119,119,194,226,237,237,252,252,277,277,362,376,390,133,133,237,237,249,74,149,102,113,113,124,139,139,139,139],"floor_reached":27,"language":"ZHS","playtime":1019,"items_purged":["Strike_B","Defend_B"],"score":203,"play_id":"a53b8bb3-d98f-4a77-885a-024402ec4924","local_time":"20210119070046","is_ascension_mode":false,"campfire_choices":[{"data":"Zap","floor":6,"key":"SMITH"},{"data":"Conserve Battery","floor":8,"key":"SMITH"},{"data":"Dualcast","floor":10,"key":"SMITH"},{"data":"aspiration:Polymerization","floor":15,"key":"SMITH"},{"floor":23,"key":"REST"}],"circlet_count":0,"master_deck":["Strike_B","Strike_B","Defend_B","Defend_B","Defend_B","Zap+1","Dualcast+1","Conserve Battery+1","Leap","aspiration:Polymerization+1","Echo Form","Time Bomb","Defragment","Defragment","Defragment","ReplayTheSpireMod:Dual Polarity","Static Discharge+1"],"relics":["Cracked Core","Blue Doll","ReplayFunnel","SlaversCollar","Raider\u0027s Mask","Ornamental Fan"],"acts_visited":["Exordium","TheCity"],"potions_floor_usage":[],"damage_taken":[{"damage":2,"enemies":"2 Louse","floor":1,"turns":3},{"damage":0,"enemies":"Jaw Worm","floor":4,"turns":10},{"damage":2,"enemies":"Jaw Worm","floor":5,"turns":4},{"damage":0,"enemies":"Small Slimes","floor":7,"turns":3},{"damage":2,"enemies":"Blue Slaver","floor":12,"turns":4},{"damage":0,"enemies":"Looter","floor":13,"turns":3},{"damage":61,"enemies":"Hexaghost","floor":16,"turns":16},{"damage":13,"enemies":"3 Byrds","floor":18,"turns":6},{"damage":5,"enemies":"Spheric Guardian","floor":22,"turns":3},{"damage":13,"enemies":"Centurion and Healer","floor":24,"turns":5},{"damage":37,"enemies":"3 Cultists","floor":25,"turns":6},{"damage":32,"enemies":"Shelled Parasite and Fungi","floor":27,"turns":6}],"seed_played":"8871792081889914862","potions_obtained":[{"floor":7,"key":"ZuzhouPotion:ReiMu"},{"floor":12,"key":"Strength Potion"},{"floor":24,"key":"SteroidPotion"}],"is_trial":false,"path_per_floor":["M","?","?","MIM","M","R","M","R","T","R","?","M","M","$","R","B",null,"M","$","?","$","M","R","M","M","T","M"],"character_chosen":"DEFECT","items_purchased":["aspiration:Polymerization","Defragment","Raider\u0027s Mask","Defragment"],"campfire_rested":1,"item_purchase_floors":[14,19,19,21],"current_hp_per_floor":[80,80,69,69,67,67,67,67,67,67,67,65,65,65,65,4,82,69,69,61,61,56,80,67,30,30,0,0],"gold":139,"neow_bonus":"TEN_PERCENT_HP_BONUS","is_daily":false,"chose_seed":false,"campfire_upgraded":4,"win_rate":0.0,"timestamp":1611010846,"path_taken":["M","?","?","?","M","R","?","R","T","R","?","M","M","$","R","BOSS","M","$","?","?","M","R","?","M","T","M"],"items_purchased_type":["Card","Card","Relic","Card"],"build_version":"2020-12-22","purchased_purges":2,"victory":false,"max_hp_per_floor":[82,82,82,82,82,82,82,82,82,82,82,82,82,82,82,82,82,82,82,82,82,82,82,82,82,82,82,82],"relic_stats":{"counters":[12,69],"Ornamental Fan":[0],"obtain_stats":[{"ReplayFunnel":9,"SlaversCollar":17,"Ornamental Fan":26,"Blue Doll":4,"Raider\u0027s Mask":19,"Cracked Core":0},{"ReplayFunnel":4,"SlaversCollar":7,"Ornamental Fan":11,"Blue Doll":2,"Raider\u0027s Mask":8,"Cracked Core":0},{"ReplayFunnel":20,"SlaversCollar":43,"Ornamental Fan":63,"Blue Doll":13,"Raider\u0027s Mask":49,"Cracked Core":0}]},"card_choices":[{"not_picked":["Gash","Rebound"],"picked":"Conserve Battery","floor":1},{"not_picked":["Auto Shields","Cold Snap"],"picked":"Leap","floor":4},{"not_picked":["BasicCrystalCard","Stack","Cold Snap"],"picked":"SKIP","floor":5},{"not_picked":["Coolheaded","Glacier","Cold Snap"],"picked":"SKIP","floor":7},{"not_picked":["Hologram","Hello World","Multi-Cast"],"picked":"SKIP","floor":12},{"not_picked":["ReplaySort","ReplayTheSpireMod:GoodbyeWorld","Glacier"],"picked":"SKIP","floor":13},{"not_picked":["All For One","Multi-Cast"],"picked":"Echo Form","floor":16},{"not_picked":["Gash+1","Compile Driver"],"picked":"Time Bomb","floor":18},{"not_picked":["Reinforced Body","BootSequence+1"],"picked":"ReplayTheSpireMod:Dual Polarity","floor":22},{"not_picked":["Compile Driver","FTL+1"],"picked":"Static Discharge+1","floor":24},{"not_picked":["Undo","Gash","Cold Snap"],"picked":"SKIP","floor":25}],"player_experience":110205,"relics_obtained":[{"floor":4,"key":"Blue Doll"},{"floor":9,"key":"ReplayFunnel"},{"floor":26,"key":"Ornamental Fan"}],"event_choices":[{"cards_removed":["Strike_B"],"damage_healed":0,"gold_gain":0,"player_choice":"Forget","damage_taken":0,"max_hp_gain":0,"max_hp_loss":0,"event_name":"Living Wall","floor":2,"gold_loss":0},{"damage_healed":0,"gold_gain":75,"player_choice":"Gather Gold","damage_taken":11,"max_hp_gain":0,"max_hp_loss":0,"event_name":"World of Goop","floor":3,"gold_loss":0},{"damage_healed":0,"gold_gain":75,"player_choice":"Touch","damage_taken":8,"max_hp_gain":0,"max_hp_loss":0,"event_name":"FaceTrader","floor":20,"gold_loss":0}],"is_beta":false,"boss_relics":[{"not_picked":["vexMod:MysteryBossChallenge","Runic Pyramid"],"picked":"SlaversCollar"}],"items_purged_floors":[14,14],"is_endless":false,"potions_floor_spawned":[7,12,24],"killed_by":"Shelled Parasite and Fungi","ascension_level":0}}