{"host":"1a3cjta80tad0aqj","time":1611008248,"event":{"mods":["2.2 Compatiblity","AchievementEnabler","BaseMod","Colored Map","DeckTracker","KOR Keyword Fix","Keyboard Shortcuts","Minty Spire (QoL Compilation)","Permanent Neow","Quick Restart","Random Character Button","StSLib","SuperFastMode","everything is the same but u backflip on backflip"],"gold_per_floor":[117,117,137,62,27,27,44,44,70,85,85,85,96,106,106,179,179,190,18,18,18,31,31,49,49,49,60,60,70,88,13,13,13,13],"floor_reached":33,"language":"KOR","playtime":1197,"items_purged":["Strike_P"],"score":466,"play_id":"797abd91-067d-4279-90ac-b58f4b74fcf4","local_time":"20210119071728","is_ascension_mode":true,"campfire_choices":[{"data":"Eruption","floor":6.0,"key":"SMITH"},{"data":"FearNoEvil","floor":8.0,"key":"SMITH"},{"data":"Halt","floor":11.0,"key":"SMITH"},{"data":"Crescendo","floor":15.0,"key":"SMITH"},{"floor":23.0,"key":"REST"},{"data":"Vault","floor":25.0,"key":"SMITH"},{"floor":32.0,"key":"REST"}],"circlet_count":0,"master_deck":["AscendersBane","Strike_P+1","Strike_P+1","Defend_P+1","Defend_P+1","Eruption+1","Vigilance","SashWhip","FearNoEvil+1","Meditate","Halt+1","Crescendo+1","Vault+1","FlurryOfBlows+1","InnerPeace","EmptyBody","DeusExMachina","Vault"],"relics":["PureWater","Anchor","Potion Belt","Cursed Key","PreservedInsect"],"acts_visited":["Exordium","TheCity"],"potions_floor_usage":[33],"damage_taken":[{"damage":0.0,"enemies":"Jaw Worm","floor":1.0,"turns":5.0},{"damage":2.0,"enemies":"2 Louse","floor":3.0,"turns":3.0},{"damage":0.0,"enemies":"Small Slimes","floor":7.0,"turns":2.0},{"damage":0.0,"enemies":"3 Louse","floor":10.0,"turns":2.0},{"damage":13.0,"enemies":"Gremlin Gang","floor":13.0,"turns":5.0},{"damage":0.0,"enemies":"Exordium Wildlife","floor":14.0,"turns":2.0},{"damage":34.0,"enemies":"Slime Boss","floor":16.0,"turns":11.0},{"damage":0.0,"enemies":"Spheric Guardian","floor":18.0,"turns":4.0},{"damage":19.0,"enemies":"3 Byrds","floor":22.0,"turns":7.0},{"damage":19.0,"enemies":"Sentry and Sphere","floor":24.0,"turns":5.0},{"damage":4.0,"enemies":"Shelled Parasite and Fungi","floor":27.0,"turns":4.0},{"damage":0.0,"enemies":"Centurion and Healer","floor":29.0,"turns":4.0},{"damage":0.0,"enemies":"Snake Plant","floor":30.0,"turns":4.0},{"damage":40,"enemies":"Champ","floor":33,"turns":8}],"seed_played":"5071251588547615898","potions_obtained":[{"floor":3.0,"key":"Dexterity Potion"},{"floor":10.0,"key":"DistilledChaos"},{"floor":13.0,"key":"GamblersBrew"},{"floor":14.0,"key":"Block Potion"},{"floor":22.0,"key":"Weak Potion"},{"floor":24.0,"key":"SteroidPotion"}],"is_trial":false,"path_per_floor":["M","?","M","$","?","R","M","R","T","M","R","?","M","M","R","B",null,"M","$","?","?","M","R","M","R","T","M","?","M","M","?","R","B"],"character_chosen":"WATCHER","items_purchased":["PreservedInsect"],"campfire_rested":2,"item_purchase_floors":[19],"current_hp_per_floor":[61,54,52,52,68,68,68,68,68,68,68,68,55,55,55,21,56,56,56,37,37,18,39,20,20,20,16,16,16,16,16,37,0,0],"gold":13,"neow_bonus":"RANDOM_COMMON_RELIC","is_daily":false,"chose_seed":false,"campfire_upgraded":5,"win_rate":0.0,"timestamp":1611008248,"path_taken":["M","?","M","$","?","R","M","R","T","M","R","?","M","M","R","BOSS","M","$","?","?","M","R","M","R","T","M","?","?","M","?","R","BOSS"],"items_purchased_type":["Relic"],"build_version":"2020-12-22","purchased_purges":1,"victory":false,"max_hp_per_floor":[68,68,68,68,68,68,68,68,68,68,68,68,68,68,68,68,68,68,68,73,73,73,73,73,73,73,73,73,73,73,73,73,73,73],"card_choices":[{"not_picked":["FollowUp","JustLucky"],"picked":"SashWhip","floor":1.0},{"not_picked":["Pray","JustLucky"],"picked":"FearNoEvil","floor":3.0},{"not_picked":["WaveOfTheHand","FlyingSleeves"],"picked":"Meditate","floor":7.0},{"not_picked":["FlurryOfBlows","EmptyBody"],"picked":"Halt","floor":10.0},{"not_picked":["JustLucky","FlyingSleeves","Swivel"],"picked":"SKIP","floor":13.0},{"not_picked":["Nirvana","Halt"],"picked":"Crescendo","floor":14.0},{"not_picked":["Wish","SpiritShield"],"picked":"Vault","floor":16.0},{"not_picked":["Study","EmptyFist","ForeignInfluence"],"picked":"SKIP","floor":18.0},{"not_picked":["PathToVictory","Swivel"],"picked":"FlurryOfBlows+1","floor":22.0},{"not_picked":["Nirvana","Fasting2"],"picked":"InnerPeace","floor":24.0},{"not_picked":["SandsOfTime","Prostrate"],"picked":"EmptyBody","floor":27.0},{"not_picked":["Indignation","Crescendo"],"picked":"Vault","floor":29.0},{"not_picked":["CrushJoints+1","EmptyFist","FlyingSleeves"],"picked":"SKIP","floor":30.0}],"player_experience":761547,"relics_obtained":[{"floor":9.0,"key":"Potion Belt"}],"event_choices":[{"cards_removed":["Defend_P"],"damage_healed":0.0,"max_hp_gain":0.0,"max_hp_loss":0.0,"gold_gain":0.0,"event_name":"Golden Wing","player_choice":"Card Removal","floor":2.0,"gold_loss":0.0,"damage_taken":7.0},{"damage_healed":17.0,"max_hp_gain":0.0,"max_hp_loss":0.0,"gold_gain":0.0,"event_name":"The Cleric","player_choice":"Healed","floor":5.0,"gold_loss":35.0,"damage_taken":0.0},{"damage_healed":0.0,"max_hp_gain":0.0,"max_hp_loss":0.0,"gold_gain":0.0,"event_name":"Scrap Ooze","player_choice":"Fled","floor":12.0,"gold_loss":0.0,"damage_taken":0.0},{"damage_healed":0.0,"max_hp_gain":5.0,"max_hp_loss":0.0,"gold_gain":0.0,"event_name":"Forgotten Altar","player_choice":"Shed Blood","floor":20.0,"gold_loss":0.0,"damage_taken":24.0},{"damage_healed":0.0,"max_hp_gain":0.0,"max_hp_loss":0.0,"gold_gain":0.0,"event_name":"Back to Basics","player_choice":"Simplicity","floor":21.0,"gold_loss":0.0,"damage_taken":0.0,"cards_upgraded":["Strike_P","Strike_P","Strike_P","Defend_P","Defend_P","Defend_P"]},{"damage_healed":0.0,"max_hp_gain":0.0,"max_hp_loss":0.0,"gold_gain":0.0,"cards_transformed":["Defend_P"],"event_name":"Transmorgrifier","player_choice":"Transformed","floor":28.0,"gold_loss":0.0,"damage_taken":0.0,"cards_obtained":["DeusExMachina"]},{"cards_removed":["Strike_P"],"damage_healed":0.0,"max_hp_gain":0.0,"max_hp_loss":0.0,"gold_gain":0.0,"event_name":"Beggar","player_choice":"Gave Gold","floor":31.0,"gold_loss":75.0,"damage_taken":0.0}],"is_beta":false,"boss_relics":[{"not_picked":["Snecko Eye","Velvet Choker"],"picked":"Cursed Key"}],"items_purged_floors":[4],"is_endless":false,"potions_floor_spawned":[3,10,13,14,22,24],"killed_by":"Champ","ascension_level":19}}