{"host":"50per11302020","time":1611001352,"event":{"mods":["AchievementEnabler","BaseMod","Colored Map","Minty Spire (QoL Compilation)","Relic Stats","StSLib"],"gold_per_floor":[119,129,129,147,167,167,202,202,225,299,4,279,279,303,303,396,396,384,269,269,282,282,282,282],"floor_reached":23,"language":"ENG","playtime":1458,"items_purged":["Regret"],"score":340,"play_id":"4ea2cbb1-e6fc-4cef-9ffb-7a8c5a8fd768","local_time":"20210118122232","is_ascension_mode":true,"campfire_choices":[{"floor":6,"key":"REST"},{"data":"Echo Form","floor":8,"key":"SMITH"},{"floor":13,"key":"REST"},{"data":"Static Discharge","floor":15,"key":"SMITH"}],"circlet_count":0,"master_deck":["AscendersBane","Strike_B","Strike_B","Strike_B","Strike_B","Defend_B","Defend_B","Defend_B","Defend_B","Zap","Dualcast","Static Discharge+1","Defragment","Injury","Conserve Battery","Hello World","Echo Form+1","Undo","Enlightenment","Panache","Rebound","Biased Cognition","Capacitor","Gash+1"],"relics":["Cracked Core","Bloody Idol","Nunchaku","Bag of Preparation","Oddly Smooth Stone","Cursed Key"],"acts_visited":["Exordium","TheCity"],"potions_floor_usage":[5,5,23],"damage_taken":[{"damage":1,"enemies":"2 Louse","floor":1,"turns":3},{"damage":4,"enemies":"Small Slimes","floor":2,"turns":4},{"damage":6,"enemies":"Cultist","floor":4,"turns":4},{"damage":11,"enemies":"Exordium Wildlife","floor":5,"turns":4},{"damage":11,"enemies":"Lagavulin","floor":7,"turns":7},{"damage":32,"enemies":"Gremlin Nob","floor":10,"turns":5},{"damage":6,"enemies":"Large Slime","floor":14,"turns":6},{"damage":25,"enemies":"The Guardian","floor":16,"turns":10},{"damage":27,"enemies":"2 Thieves","floor":18,"turns":4},{"damage":16,"enemies":"Shell Parasite","floor":21,"turns":5},{"damage":26,"enemies":"Slavers","floor":23,"turns":3}],"seed_played":"3697326096081989964","potions_obtained":[{"floor":2,"key":"BlessingOfTheForge"},{"floor":4,"key":"Swift Potion"},{"floor":5,"key":"SteroidPotion"}],"is_trial":false,"path_per_floor":["M","M","?","M","M","R","E","R","T","?","$","?","R","M","R","B",null,"M","$","?","M","?","E"],"character_chosen":"DEFECT","items_purchased":["Enlightenment","Panache","Capacitor"],"campfire_rested":2,"item_purchase_floors":[11,11,19],"current_hp_per_floor":[59,55,55,49,38,63,52,52,52,20,20,20,45,39,39,14,67,40,40,40,24,24,0,0],"gold":282,"neow_bonus":"TWENTY_PERCENT_HP_BONUS","is_daily":false,"chose_seed":false,"campfire_upgraded":2,"win_rate":0.0,"timestamp":1611001352,"path_taken":["M","M","?","M","M","R","E","R","T","?","$","?","R","M","R","BOSS","M","$","?","M","?","E"],"items_purchased_type":["Card","Card","Card"],"build_version":"2020-12-18","purchased_purges":1,"victory":false,"max_hp_per_floor":[85,85,85,85,85,85,85,85,85,85,85,85,85,85,85,85,85,85,85,85,85,85,85,85],"relic_stats":{"Nunchaku":[3],"counters":[11,55],"Bloody Idol":0,"Bag of Preparation":[12],"Cursed Key":0,"obtain_stats":[{"Nunchaku":7,"Golden Idol":3,"Bloody Idol":22,"Oddly Smooth Stone":10,"Bag of Preparation":9,"Cracked Core":0,"Cursed Key":17},{"Nunchaku":5,"Golden Idol":2,"Bloody Idol":10,"Oddly Smooth Stone":6,"Bag of Preparation":5,"Cracked Core":0,"Cursed Key":8},{"Nunchaku":22,"Golden Idol":7,"Bloody Idol":52,"Oddly Smooth Stone":27,"Bag of Preparation":22,"Cracked Core":0,"Cursed Key":43}]},"card_choices":[{"not_picked":["Stack","Coolheaded"],"picked":"Static Discharge","floor":1},{"not_picked":["Storm","Conserve Battery"],"picked":"Defragment","floor":2},{"not_picked":["Melter","Streamline"],"picked":"Conserve Battery","floor":4},{"not_picked":["Compile Driver","Aggregate"],"picked":"Hello World","floor":5},{"not_picked":["Redo","Hyperbeam"],"picked":"Echo Form","floor":7},{"not_picked":["Ball Lightning","Heatsinks"],"picked":"Undo","floor":10},{"not_picked":["Reprogram","Hologram"],"picked":"Rebound","floor":14},{"not_picked":["Thunder Strike","Electrodynamics"],"picked":"Biased Cognition","floor":16},{"not_picked":["Sweeping Beam","Barrage+1","Aggregate"],"picked":"SKIP","floor":18},{"not_picked":["Sunder","Leap"],"picked":"Gash+1","floor":21}],"player_experience":263745,"relics_obtained":[{"floor":7,"key":"Nunchaku"},{"floor":9,"key":"Bag of Preparation"},{"floor":10,"key":"Oddly Smooth Stone"}],"event_choices":[{"damage_healed":0,"gold_gain":0,"player_choice":"Take Wound","damage_taken":0,"relics_obtained":["Golden Idol"],"max_hp_gain":0,"max_hp_loss":0,"event_name":"Golden Idol","floor":3,"gold_loss":0,"cards_obtained":["Injury"]},{"damage_healed":0,"gold_gain":0,"player_choice":"Searched \u00271\u0027 times","damage_taken":0,"max_hp_gain":0,"max_hp_loss":0,"event_name":"Dead Adventurer","floor":10,"gold_loss":0},{"damage_healed":0,"gold_gain":275,"player_choice":"Desecrate","damage_taken":0,"max_hp_gain":0,"max_hp_loss":0,"event_name":"Golden Shrine","floor":12,"gold_loss":0,"cards_obtained":["Regret"]},{"damage_healed":0,"gold_gain":0,"player_choice":"Ignored","damage_taken":0,"max_hp_gain":0,"max_hp_loss":0,"event_name":"Cursed Tome","floor":20,"gold_loss":0},{"damage_healed":0,"gold_gain":0,"player_choice":"Gave Idol","damage_taken":0,"relics_obtained":["Bloody Idol"],"max_hp_gain":0,"max_hp_loss":0,"event_name":"Forgotten Altar","floor":22,"relics_lost":["Golden Idol"],"gold_loss":0}],"is_beta":true,"boss_relics":[{"not_picked":["Runic Dome","Calling Bell"],"picked":"Cursed Key"}],"items_purged_floors":[19],"is_endless":false,"potions_floor_spawned":[2,4,5],"killed_by":"Slavers","ascension_level":16}}