{"host":"8efry9zhj4tjp5kw","time":1611009901,"event":{"mods":["Act Like it!","Aspiration","Bard","BaseMod","Beaked The Cultist","Colored Map","Colored Powertips","Conspire","Downfall","Glutton Mod","Halation","Hallownest","Hermit","Highlight Path","Hubris","Infinite Spire","Jedi Mod","Jorbs\u0027s Wanderer Trilogy","Koishi","Mad Scientist","Marisa????????","Mimic Mod","Minty Spire (QoL Compilation)","Reworked Bosses","Shop Mod","StSLib","The Administrix","The Construct","The Disciple","The Elementalist","The Factory","The Jungle","The Mystic","The Necromancer","The Runesmith","The Servant 0.9.4","Unceasing Turn Reminder"],"gold_per_floor":[99,111,126,137,137,149,175,175,195,210,210,226,226,252,265,369,369,369,387,401,416,103,103,103,123,123,84,104,114,114,132,148,246,246,246,259,134,144,158,158,158,158,169,26,41,70,88,88,88,88,88],"floor_reached":49,"language":"ENG","playtime":3790,"items_purged":["hexamod:Strike","hexamod:Defend","hexamod:Strike","Pride"],"score":629,"play_id":"545daf91-dc37-4440-b9fc-95ab6040bc93","local_time":"20210118234501","is_ascension_mode":false,"campfire_choices":[{"data":"hexamod:Float","floor":1,"key":"SMITH"},{"data":"hexamod:TimeWarp","floor":8,"key":"SMITH"},{"data":"hexamod:RainOfEmbers","floor":18,"key":"SMITH"},{"data":"hexamod:SpectralSpark","floor":23,"key":"SMITH"},{"data":"hexamod:Rewind","floor":26,"key":"SMITH"},{"data":"hexamod:PhantomCloak","floor":35,"key":"SMITH"},{"data":"hexamod:PhantomCloak","floor":40,"key":"SMITH"}],"circlet_count":0,"master_deck":["hexamod:Strike","hexamod:Strike","hexamod:Defend","hexamod:Defend","hexamod:Defend","hexamod:Sear","hexamod:Float+1","hexamod:AdvancingGuard","hexamod:SpectralSpark+1","hexamod:PhantomCloak+1","hexamod:TimeWarp+1","hexamod:EmpoweredFlame","hexamod:RainOfEmbers+1","hexamod:WildfireWeapon","hexamod:VolcanoVisage","hexamod:GhostOfSpirePast","hexamod:GhostOfSpirePast","hexamod:BacktrackSmack","hexamod:PhantomCloak+1","hexamod:TimeWarp+1","hexamod:Rewind+1","hexamod:GhostOfSpirePast","hexamod:Hexaguard","hexamod:TimeWarp","hexamod:Hexaguard"],"relics":["hexamod:SpiritBrand","Happy Flower","hubris:Icosahedron","hexamod:MatchstickCase","PreservedInsect","hubris:SlimyHat","conspire:RunicOctahedron","DollysMirror","infinitespire:Beetle Shell","hubris:BottledRain","InkBottle","halation:Prosthetics","Eternal Feather","Smiling Mask"],"acts_visited":["Exordium","TheCity","TheBeyond"],"potions_floor_usage":[9,19,29,29,29,29,33,46],"damage_taken":[{"damage":7,"enemies":"infinitespire:Voidling","floor":2,"turns":5},{"damage":0,"enemies":"conspire:RoseBush","floor":3,"turns":4},{"damage":0,"enemies":"Jaw Worm","floor":4,"turns":3},{"damage":0,"enemies":"conspire:2 RoseBushes","floor":6,"turns":5},{"damage":0,"enemies":"Gremlin Gang","floor":9,"turns":4},{"damage":0,"enemies":"3 Louse","floor":10,"turns":4},{"damage":0,"enemies":"2 Fungi Beasts","floor":12,"turns":2},{"damage":0,"enemies":"Lagavulin","floor":14,"turns":3},{"damage":0,"enemies":"Exordium Wildlife","floor":15,"turns":5},{"damage":16,"enemies":"WA_ARCHETYPE_RETAIN","floor":16,"turns":6},{"damage":6,"enemies":"conspire:FuzzyDice","floor":19,"turns":5},{"damage":0,"enemies":"Chosen","floor":20,"turns":3},{"damage":0,"enemies":"Snake Plant","floor":21,"turns":3},{"damage":0,"enemies":"downfall:FleeingMerchant","floor":22,"turns":4},{"damage":25,"enemies":"Shelled Parasite and Fungi","floor":25,"turns":6},{"damage":0,"enemies":"downfall:FleeingMerchant","floor":27,"turns":3},{"damage":8,"enemies":"Centurion and Healer","floor":28,"turns":3},{"damage":1,"enemies":"conspire:HollyBat","floor":29,"turns":4},{"damage":2,"enemies":"Chosen and Byrds","floor":31,"turns":3},{"damage":2,"enemies":"Centurion and Healer","floor":32,"turns":3},{"damage":0,"enemies":"SI_MIRROR_ARCHETYPE","floor":33,"turns":4},{"damage":5,"enemies":"Orb Walker","floor":36,"turns":2},{"damage":5,"enemies":"3 Darklings","floor":38,"turns":3},{"damage":10,"enemies":"4 Shapes","floor":39,"turns":4},{"damage":0,"enemies":"Transient","floor":43,"turns":5},{"damage":5,"enemies":"Writhing Mass","floor":45,"turns":4},{"damage":0,"enemies":"Nightmare","floor":46,"turns":6},{"damage":0,"enemies":"3 Darklings","floor":47,"turns":3},{"damage":17,"enemies":"Jaw Worm Horde","floor":49,"turns":1}],"seed_played":"-6510805925074554423","potions_obtained":[{"floor":2,"key":"ColorlessPotion"},{"floor":4,"key":"AttackPotion"},{"floor":9,"key":"Ancient Potion"},{"floor":10,"key":"jedi:wingpotion"},{"floor":16,"key":"EntropicBrew"},{"floor":19,"key":"Strength Potion"},{"floor":31,"key":"AttackPotion"},{"floor":32,"key":"SkillPotion"},{"floor":33,"key":"Dexterity Potion"},{"floor":46,"key":"Swift Potion"}],"is_trial":false,"path_per_floor":["R","M","M","M","?","M","T","R","M","M","?","M","$","E","M","B",null,"R","M","M","M","$","R","T","M","R","$","M","M","?","M","M","B",null,"R","M","?","M","M","R","T","?","M","$","M","NM","M","?","M"],"character_chosen":"THE_SPIRIT","items_purchased":["PreservedInsect","hexamod:PhantomCloak","DollysMirror","hubris:BottledRain","hexamod:TimeWarp"],"campfire_rested":0,"item_purchase_floors":[13,22,22,27,44],"current_hp_per_floor":[70,67,67,67,67,67,67,67,67,67,67,67,52,52,52,36,70,70,64,64,64,64,64,64,39,39,39,31,30,30,28,26,26,35,35,30,30,25,15,15,15,15,15,15,10,10,10,10,0,0,0],"gold":88,"neow_bonus":"RANDOM_COMMON_RELIC","is_daily":false,"chose_seed":false,"campfire_upgraded":7,"win_rate":0.0,"timestamp":1611009901,"path_taken":["R","M","?","M","?","?","T","R","M","M","?","M","?","E","M","BOSS","R","M","M","M","$","R","T","M","R","$","M","M","?","M","M","BOSS","R","M","?","M","M","R","T","?","M","$","M","NM","M","?","M"],"items_purchased_type":["Relic","Card","Relic","Relic","Card"],"build_version":"2020-12-22","purchased_purges":4,"victory":false,"max_hp_per_floor":[70,70,70,70,70,70,70,70,70,70,70,70,70,70,70,70,70,70,70,70,70,70,70,70,70,70,70,70,70,70,70,70,70,35,35,35,35,35,35,35,35,35,35,35,35,35,35,35,35,35,35],"card_choices":[{"not_picked":["hexamod:NightmareStrike","hexamod:InspiringFlames"],"picked":"hexamod:AdvancingGuard","floor":2},{"not_picked":["hexamod:NightmareGuise","hexamod:NightmareStrike"],"picked":"hexamod:SpectralSpark","floor":3},{"not_picked":["hexamod:RetreatToShadows","hexamod:ShieldOfDarkness"],"picked":"hexamod:PhantomCloak","floor":4},{"not_picked":["hexamod:BurningTouch","hexamod:HauntingEcho"],"picked":"hexamod:TimeWarp","floor":6},{"not_picked":["hexamod:NightmareStrike","hexamod:Again"],"picked":"hexamod:EmpoweredFlame","floor":9},{"not_picked":["hexamod:AdvancingGuard","hexamod:SpectersWail"],"picked":"hexamod:RainOfEmbers","floor":10},{"not_picked":["hexamod:NightmareGuise","hexamod:ShieldOfDarkness"],"picked":"hexamod:WildfireWeapon","floor":12},{"not_picked":["hexamod:StepThrough","hexamod:PhantomCloak","hexamod:ThirdSeal"],"picked":"SKIP","floor":14},{"not_picked":["hexamod:GhostShield","hexamod:ShieldOfDarkness","hexamod:HeatCrush"],"picked":"SKIP","floor":15},{"not_picked":["hexamod:GhostflameInferno","hexamod:Toasty"],"picked":"hexamod:VolcanoVisage","floor":16},{"not_picked":["hexamod:GhostShield","hexamod:SpectersWail+1"],"picked":"hexamod:GhostOfSpirePast","floor":19},{"not_picked":["hexamod:Again","hexamod:Firestarter"],"picked":"hexamod:GhostOfSpirePast","floor":20},{"not_picked":["hexamod:BurningTouch","hexamod:GhostShield"],"picked":"hexamod:BacktrackSmack","floor":21},{"not_picked":["hexamod:SkipABeat","hexamod:SpectersWail","hexamod:TimeOfNeed"],"picked":"SKIP","floor":22},{"not_picked":["hexamod:NightmareStrike","hexamod:DynamicBlow"],"picked":"hexamod:Rewind","floor":25},{"not_picked":["hexamod:NightmareStrike","hexamod:HauntingEcho","hexamod:GhostShield"],"picked":"SKIP","floor":27},{"not_picked":["hexamod:Incineration","hexamod:InspiringFlames","hexamod:FlameSwitch"],"picked":"SKIP","floor":28},{"not_picked":["hexamod:InspiringFlames","hexamod:ShieldOfDarkness"],"picked":"hexamod:GhostOfSpirePast","floor":29},{"not_picked":["hexamod:SwordOfDarkness+1","hexamod:HauntingEcho","hexamod:GhostShield"],"picked":"SKIP","floor":31},{"not_picked":["hexamod:GhostShield","hexamod:Firestarter+1","hexamod:NightmareGuise"],"picked":"SKIP","floor":32},{"not_picked":["hexamod:GhostShield","hexamod:FirstSeal","hexamod:NecessarySacrifice"],"picked":"SKIP","floor":36},{"not_picked":["hexamod:GhostShield","hexamod:FirstSeal","hexamod:NecessarySacrifice"],"picked":"SKIP","floor":36},{"not_picked":["hexamod:ThermalTransfer","hexamod:SuperheatedStrike","hexamod:Firestarter+1"],"picked":"SKIP","floor":38},{"not_picked":["hexamod:SecondSeal","hexamod:RetreatToShadows"],"picked":"hexamod:Hexaguard","floor":39},{"not_picked":["hexamod:FirstSeal","hexamod:BurningTouch","hexamod:GhostLash"],"picked":"SKIP","floor":43},{"not_picked":["hexamod:HauntingEcho+1","hexamod:EtherealExpedition+1"],"picked":"hexamod:Hexaguard","floor":45},{"not_picked":["hexamod:ThirdSeal","hexamod:GhostOfSpireFuture","hexamod:FastForward"],"picked":"SKIP","floor":46},{"not_picked":["hexamod:SuperheatedStrike","hexamod:DynamicBlow","hexamod:NightmareGuise"],"picked":"SKIP","floor":47}],"player_experience":1056500,"relics_obtained":[{"floor":7,"key":"hexamod:MatchstickCase"},{"floor":14,"key":"hubris:SlimyHat"},{"floor":24,"key":"infinitespire:Beetle Shell"},{"floor":41,"key":"Eternal Feather"},{"floor":46,"key":"Smiling Mask"}],"event_choices":[{"damage_healed":0,"gold_gain":0,"player_choice":"Stole Relic","damage_taken":0,"relics_obtained":["InkBottle"],"max_hp_gain":0,"max_hp_loss":0,"event_name":"Addict","floor":30,"gold_loss":0,"cards_obtained":["Pride"]}],"is_beta":false,"boss_relics":[{"not_picked":["Calling Bell","jedi:hotpepper"],"picked":"conspire:RunicOctahedron"},{"not_picked":["aspiration:RunesmithSkillbook","halation:ForbiddenBikini"],"picked":"halation:Prosthetics"}],"items_purged_floors":[13,22,27,37],"is_endless":false,"potions_floor_spawned":[2,4,9,10,16,19,20,31,32,33,36,43,46,47],"killed_by":"Jaw Worm Horde","ascension_level":0}}