{"host":"g01l53quoe6lrer0","time":1611009043,"event":{"mods":["2.2 Compatiblity","AchievementEnabler","BaseMod","Colored Map","Highlight Path","Keyboard Shortcuts","Minty Spire (QoL Compilation)","Permanent Neow","StSLib","SuperFastMode","everything is the same but u backflip on backflip"],"gold_per_floor":[112,132,142,154,165,165,165,165,165,165,180,191,191,210,210,282,282,296,315,104,118,43,43,57,76,76,76,76,76,76,93,93,167,167,179,179,195,213,213,213,225,0,0,0,0,0,17,36,36,36,36],"floor_reached":50,"language":"KOR","playtime":1646,"items_purged":["Strike_B"],"score":883,"play_id":"eca778b3-d2ec-49f6-b541-acef2cd89b03","local_time":"20210119073043","is_ascension_mode":true,"campfire_choices":[{"data":"Sunder","floor":6.0,"key":"SMITH"},{"data":"Zap","floor":8.0,"key":"SMITH"},{"data":"Dualcast","floor":10.0,"key":"SMITH"},{"data":"Steam Power","floor":13.0,"key":"SMITH"},{"data":"Go for the Eyes","floor":15.0,"key":"SMITH"},{"data":"Consume","floor":23.0,"key":"SMITH"},{"floor":28.0,"key":"REST"},{"data":"Buffer","floor":30.0,"key":"SMITH"},{"data":"Tempest","floor":32.0,"key":"SMITH"},{"floor":40.0,"key":"REST"},{"floor":46,"key":"REST"},{"floor":49,"key":"REST"}],"circlet_count":0,"master_deck":["AscendersBane","Strike_B","Defend_B","Defend_B","Defend_B","Zap+1","Dualcast+1","Sunder+1","Steam Power+1","Ball Lightning","Skim","Glacier","Leap","Self Repair","Echo Form","Go for the Eyes+1","Thunder Strike","Tempest+1","Hologram","Turbo","Consume+1","Buffer+1","Loop","Hologram","Electrodynamics","Turbo+1","Coolheaded+1","Hologram","Hologram+1","Leap+1"],"relics":["Cracked Core","Nunchaku","Sozu","Meat on the Bone","SlaversCollar","Red Mask","Toxic Egg 2","Lizard Tail"],"acts_visited":["Exordium","TheCity","TheBeyond"],"potions_floor_usage":[],"damage_taken":[{"damage":0.0,"enemies":"Small Slimes","floor":1.0,"turns":3.0},{"damage":0.0,"enemies":"2 Louse","floor":2.0,"turns":2.0},{"damage":7.0,"enemies":"Jaw Worm","floor":3.0,"turns":2.0},{"damage":7.0,"enemies":"Large Slime","floor":4.0,"turns":5.0},{"damage":0.0,"enemies":"2 Fungi Beasts","floor":5.0,"turns":2.0},{"damage":2.0,"enemies":"3 Louse","floor":11.0,"turns":3.0},{"damage":0.0,"enemies":"Large Slime","floor":12.0,"turns":6.0},{"damage":8.0,"enemies":"Looter","floor":14.0,"turns":4.0},{"damage":9.0,"enemies":"The Guardian","floor":16.0,"turns":11.0},{"damage":6.0,"enemies":"2 Thieves","floor":18.0,"turns":3.0},{"damage":6.0,"enemies":"Spheric Guardian","floor":19.0,"turns":4.0},{"damage":20.0,"enemies":"3 Cultists","floor":21.0,"turns":4.0},{"damage":11.0,"enemies":"Shelled Parasite and Fungi","floor":24.0,"turns":6.0},{"damage":12.0,"enemies":"Chosen and Byrds","floor":25.0,"turns":6.0},{"damage":11.0,"enemies":"Snake Plant","floor":31.0,"turns":5.0},{"damage":37.0,"enemies":"Collector","floor":33.0,"turns":12.0},{"damage":9.0,"enemies":"Orb Walker","floor":35.0,"turns":4.0},{"damage":21.0,"enemies":"3 Darklings","floor":37.0,"turns":3.0},{"damage":16.0,"enemies":"Transient","floor":38.0,"turns":6.0},{"damage":40,"enemies":"Spire Growth","floor":41,"turns":4},{"damage":0,"enemies":"Maw","floor":47,"turns":7},{"damage":21,"enemies":"Transient","floor":48,"turns":6},{"damage":129,"enemies":"Time Eater","floor":50,"turns":18}],"seed_played":"-7287601137112565417","potions_obtained":[{"floor":5.0,"key":"SteroidPotion"},{"floor":11.0,"key":"Fruit Juice"},{"floor":12.0,"key":"Swift Potion"}],"is_trial":false,"path_per_floor":["M","M","M","M","M","R","?","R","T","R","M","M","R","M","R","B",null,"M","M","$","M","?","R","M","M","T","?","R","?","R","M","R","B",null,"M","?","M","M","?","R","M","?","T","?","T","R","M","M","R","B"],"character_chosen":"DEFECT","items_purchased":["Turbo","Consume"],"campfire_rested":4,"item_purchase_floors":[20,20],"current_hp_per_floor":[64,64,57,50,50,50,71,71,71,71,74,76,76,75,75,73,75,76,70,70,57,57,57,60,55,55,33,57,57,57,53,53,35,70,68,68,54,50,50,73,45,45,45,45,45,68,68,54,77,0,0],"gold":36,"neow_bonus":"TRANSFORM_CARD","is_daily":false,"chose_seed":false,"campfire_upgraded":8,"win_rate":0.0,"timestamp":1611009043,"path_taken":["M","M","M","M","M","R","?","R","T","R","M","M","R","M","R","BOSS","M","M","$","M","?","R","M","M","T","?","R","?","R","M","R","BOSS","M","?","M","M","?","R","M","?","T","?","?","R","M","M","R","BOSS"],"items_purchased_type":["Card","Card"],"build_version":"2020-12-22","purchased_purges":1,"victory":false,"max_hp_per_floor":[71,71,71,71,71,71,71,71,71,71,76,76,76,76,76,76,76,76,76,76,76,76,76,76,76,76,81,81,81,81,81,81,81,81,81,81,81,81,77,77,77,77,77,77,77,77,77,77,77,77,77],"card_choices":[{"not_picked":["Streamline","Steam"],"picked":"Steam Power","floor":1.0},{"not_picked":["Go for the Eyes","Stack"],"picked":"Ball Lightning","floor":2.0},{"not_picked":["FTL","Compile Driver"],"picked":"Skim","floor":3.0},{"not_picked":["Double Energy","Reinforced Body"],"picked":"Glacier","floor":4.0},{"not_picked":["Redo","Rebound"],"picked":"Leap","floor":5.0},{"not_picked":["Rip and Tear","Force Field"],"picked":"Self Repair","floor":11.0},{"not_picked":["Self Repair","Gash"],"picked":"Echo Form","floor":12.0},{"not_picked":["Lockon","BootSequence"],"picked":"Go for the Eyes","floor":14.0},{"not_picked":["Creative AI","Fission"],"picked":"Thunder Strike","floor":16.0},{"not_picked":["Stack","Static Discharge"],"picked":"Tempest","floor":18.0},{"not_picked":["Tempest","Reprogram"],"picked":"Hologram","floor":19.0},{"not_picked":["Beam Cell","Sweeping Beam"],"picked":"Chill","floor":21.0},{"not_picked":["Stack","Gash"],"picked":"Buffer","floor":24.0},{"not_picked":["Go for the Eyes","Ball Lightning"],"picked":"Loop","floor":25.0},{"not_picked":["Streamline+1","Compile Driver"],"picked":"Hologram","floor":31.0},{"not_picked":["Machine Learning","Reboot"],"picked":"Electrodynamics","floor":33.0},{"not_picked":["Sunder","Go for the Eyes"],"picked":"Turbo+1","floor":35.0},{"not_picked":["Heatsinks","Tempest"],"picked":"Coolheaded+1","floor":37.0},{"not_picked":["Sweeping Beam","Turbo"],"picked":"Hologram","floor":38.0},{"not_picked":["Rebound","Ball Lightning"],"picked":"Hologram+1","floor":41},{"not_picked":["Beam Cell","Fusion+1","Doom and Gloom"],"picked":"SKIP","floor":47},{"not_picked":["Gash","Go for the Eyes"],"picked":"Leap+1","floor":48}],"player_experience":218852,"relics_obtained":[{"floor":9.0,"key":"Nunchaku"},{"floor":26.0,"key":"Meat on the Bone"},{"floor":43,"key":"Toxic Egg 2"},{"floor":45,"key":"Lizard Tail"}],"event_choices":[{"damage_healed":23.0,"max_hp_gain":0.0,"max_hp_loss":0.0,"gold_gain":0.0,"event_name":"Big Fish","player_choice":"Banana","floor":7.0,"gold_loss":0.0,"damage_taken":0.0},{"cards_removed":["Strike_B"],"damage_healed":0.0,"max_hp_gain":0.0,"max_hp_loss":0.0,"gold_gain":0.0,"event_name":"Beggar","player_choice":"Gave Gold","floor":22.0,"gold_loss":75.0,"damage_taken":0.0},{"damage_healed":0.0,"max_hp_gain":5.0,"max_hp_loss":0.0,"gold_gain":0.0,"event_name":"Forgotten Altar","player_choice":"Shed Blood","floor":27.0,"gold_loss":0.0,"damage_taken":27.0},{"cards_removed":["Defend_B"],"damage_healed":0.0,"max_hp_gain":0.0,"max_hp_loss":0.0,"gold_gain":0.0,"event_name":"Back to Basics","player_choice":"Elegance","floor":29.0,"gold_loss":0.0,"damage_taken":0.0},{"damage_healed":0.0,"max_hp_gain":0.0,"max_hp_loss":0.0,"gold_gain":0.0,"event_name":"Mysterious Sphere","player_choice":"Ignored","floor":36.0,"gold_loss":0.0,"damage_taken":0.0},{"damage_healed":0.0,"max_hp_gain":0.0,"max_hp_loss":4.0,"gold_gain":0.0,"event_name":"Winding Halls","player_choice":"Max HP","floor":39.0,"gold_loss":0.0,"damage_taken":0.0},{"damage_healed":0,"gold_gain":0,"player_choice":"Paid","damage_taken":0,"relics_obtained":["Red Mask"],"max_hp_gain":0,"max_hp_loss":0,"event_name":"Tomb of Lord Red Mask","floor":42,"gold_loss":225},{"cards_removed":["Chill"],"damage_healed":0,"gold_gain":0,"player_choice":"Removed Skill","damage_taken":0,"max_hp_gain":0,"max_hp_loss":0,"event_name":"Falling","floor":44,"gold_loss":0}],"is_beta":false,"boss_relics":[{"not_picked":["Cursed Key","Tiny House"],"picked":"Sozu"},{"not_picked":["SacredBark","Snecko Eye"],"picked":"SlaversCollar"}],"items_purged_floors":[20],"is_endless":false,"potions_floor_spawned":[5,11,12,16,18,19,24,37,38,48],"killed_by":"Time Eater","ascension_level":19}}