{"host":"e2ju6k0wppswbhbd","time":1611000568,"event":{"mods":["BaseMod","Minty Spire (QoL Compilation)","Rare Cards Sparkle","StSLib"],"gold_per_floor":[115,129,142,162,162,162,192,205,228,260,278,129,129,162,162,260,310,320,320,330,348,361,387,387,406,406,406,406,421,421,437,437,542,542,554,10,23,43,55,85,85,85,85,85,111,211,224,239,239,239,239,239,10,42,42,42],"floor_reached":55,"language":"FRA","playtime":8107,"items_purged":["Strike_G","Defend_G"],"score":748,"play_id":"38c1b0da-8966-4d84-9edf-e24eda0df32d","local_time":"20210118210928","is_ascension_mode":false,"campfire_choices":[{"floor":6.0,"key":"RECALL"},{"floor":13.0,"key":"REST"},{"data":"Neutralize","floor":15.0,"key":"SMITH"},{"data":"Leg Sweep","floor":24.0,"key":"SMITH"},{"floor":28.0,"key":"REST"},{"floor":32.0,"key":"REST"},{"data":"After Image","floor":44.0,"key":"SMITH"},{"floor":49.0,"key":"REST"},{"data":"Bouncing Flask","floor":52.0,"key":"SMITH"}],"circlet_count":0,"master_deck":["Strike_G","Strike_G","Strike_G","Defend_G","Defend_G","Defend_G","Survivor","Neutralize+1","Good Instincts","Poisoned Stab","Underhanded Strike","Poisoned Stab+1","After Image+1","Madness","PiercingWail","Tactician","All Out Attack","Noxious Fumes","Burst","Flying Knee","Bouncing Flask+1","Deadly Poison","Leg Sweep+1","Backstab","Bullet Time+1","Storm of Steel+1","Crippling Poison+1","Die Die Die","Cloak And Dagger+1","Corpse Explosion+1","CurseOfTheBell","Panacea+1","Master of Strategy+1","Caltrops","Footwork+1","Backflip+1","Heel Hook+1","Doppelganger+1","Doubt","Acrobatics+1","Quick Slash+1","Accuracy","Concentrate+1","Blind+1","Dagger Throw"],"relics":["Ring of the Snake","Kunai","Oddly Smooth Stone","Happy Flower","Tiny House","Paper Crane","Toxic Egg 2","HornCleat","Calling Bell","Potion Belt","Question Card","Tough Bandages","Membership Card","Nunchaku","Ginger","Ornamental Fan","Snake Skull","Mercury Hourglass","Thread and Needle"],"acts_visited":["Exordium","TheCity","TheBeyond","TheEnding"],"potions_floor_usage":[54,54],"damage_taken":[{"damage":0.0,"enemies":"Cultist","floor":1.0,"turns":4.0},{"damage":0.0,"enemies":"Jaw Worm","floor":2.0,"turns":4.0},{"damage":0.0,"enemies":"Small Slimes","floor":3.0,"turns":3.0},{"damage":8.0,"enemies":"Blue Slaver","floor":4.0,"turns":3.0},{"damage":10.0,"enemies":"3 Sentries","floor":7.0,"turns":9.0},{"damage":9.0,"enemies":"Large Slime","floor":8.0,"turns":9.0},{"damage":5.0,"enemies":"Lagavulin","floor":10.0,"turns":9.0},{"damage":5.0,"enemies":"Exordium Wildlife","floor":11.0,"turns":9.0},{"damage":16.0,"enemies":"Gremlin Nob","floor":14.0,"turns":4.0},{"damage":8.0,"enemies":"The Guardian","floor":16.0,"turns":13.0},{"damage":3.0,"enemies":"Chosen","floor":18.0,"turns":7.0},{"damage":0.0,"enemies":"Shell Parasite","floor":20.0,"turns":5.0},{"damage":17.0,"enemies":"Snake Plant","floor":21.0,"turns":5.0},{"damage":17.0,"enemies":"Centurion and Healer","floor":22.0,"turns":8.0},{"damage":7.0,"enemies":"Book of Stabbing","floor":23.0,"turns":8.0},{"damage":11.0,"enemies":"3 Cultists","floor":25.0,"turns":7.0},{"damage":8.0,"enemies":"Snecko","floor":29.0,"turns":6.0},{"damage":0.0,"enemies":"Snake Plant","floor":31.0,"turns":4.0},{"damage":30.0,"enemies":"Collector","floor":33.0,"turns":13.0},{"damage":3.0,"enemies":"Orb Walker","floor":35.0,"turns":3.0},{"damage":17.0,"enemies":"3 Darklings","floor":37.0,"turns":2.0},{"damage":7.0,"enemies":"Jaw Worm Horde","floor":38.0,"turns":4.0},{"damage":0.0,"enemies":"Writhing Mass","floor":39.0,"turns":7.0},{"damage":5.0,"enemies":"Nemesis","floor":40.0,"turns":9.0},{"damage":23.0,"enemies":"Giant Head","floor":45.0,"turns":10.0},{"damage":14.0,"enemies":"Sphere and 2 Shapes","floor":47.0,"turns":7.0},{"damage":0.0,"enemies":"4 Shapes","floor":48.0,"turns":1.0},{"damage":40.0,"enemies":"Awakened One","floor":50.0,"turns":15.0},{"damage":9,"enemies":"Shield and Spear","floor":54,"turns":8},{"damage":71,"enemies":"The Heart","floor":55,"turns":8}],"seed_played":"6312048418691619611","potions_obtained":[{"floor":1.0,"key":"LiquidBronze"},{"floor":4.0,"key":"Strength Potion"},{"floor":8.0,"key":"Strength Potion"},{"floor":14.0,"key":"Block Potion"},{"floor":16.0,"key":"SpeedPotion"},{"floor":17.0,"key":"SpeedPotion"},{"floor":20.0,"key":"Swift Potion"},{"floor":21.0,"key":"Regen Potion"},{"floor":29.0,"key":"Energy Potion"},{"floor":33.0,"key":"SmokeBomb"},{"floor":38.0,"key":"Block Potion"},{"floor":40.0,"key":"BlessingOfTheForge"},{"floor":45.0,"key":"LiquidBronze"},{"floor":47.0,"key":"AttackPotion"},{"floor":48.0,"key":"SmokeBomb"}],"is_trial":false,"path_per_floor":["M","M","M","M","?","R","E","M","T","E","M","$","R","E","R","B",null,"M","T","M","M","M","E","R","M","T","?","R","M","?","M","R","B",null,"M","$","M","M","M","E","?","?","T","R","E","?","M","M","R","B",null,"R","$","E","B"],"character_chosen":"THE_SILENT","items_purchased":["Noxious Fumes","Membership Card","Nunchaku","Ginger","Panacea+1","Master of Strategy+1","Caltrops","Concentrate+1","Energy Potion","SkillPotion","GamblersBrew","Blind+1","Dagger Throw"],"campfire_rested":4,"item_purchase_floors":[12,36,36,36,36,36,36,53,53,53,53,53,53],"current_hp_per_floor":[70,70,70,62,62,62,52,43,43,38,33,33,54,38,38,30,75,72,72,72,55,53,46,46,35,35,21,45,37,37,37,61,31,80,77,77,60,53,53,48,80,80,80,80,57,57,43,43,67,27,80,80,80,71,0,0],"gold":42,"neow_bonus":"RANDOM_COLORLESS","is_daily":false,"chose_seed":false,"campfire_upgraded":4,"win_rate":0.0,"timestamp":1611000568,"path_taken":["M","M","M","?","?","R","E","M","T","E","M","$","R","E","R","BOSS","M","?","M","M","M","E","R","M","T","?","R","M","?","M","R","BOSS","M","$","M","M","M","E","?","?","T","R","E","?","M","M","R","BOSS","R","$","E","BOSS"],"items_purchased_type":["Card","Relic","Relic","Relic","Card","Card","Card","Card","Potion","Potion","Potion","Card","Card"],"build_version":"2020-12-22","purchased_purges":2,"victory":false,"max_hp_per_floor":[70,70,70,70,70,70,70,70,70,70,70,70,70,70,70,70,75,75,75,75,75,75,75,75,75,75,80,80,80,80,80,80,80,80,80,80,80,80,80,80,80,80,80,80,80,80,80,80,80,80,80,80,80,80,80,80],"card_choices":[{"not_picked":["Trip","Impatience"],"picked":"Good Instincts","floor":0.0},{"not_picked":["Blade Dance","Cloak And Dagger"],"picked":"Poisoned Stab","floor":1.0},{"not_picked":["Well Laid Plans","Quick Slash"],"picked":"Underhanded Strike","floor":2.0},{"not_picked":["Catalyst","Eviscerate"],"picked":"Poisoned Stab","floor":3.0},{"not_picked":["Flying Knee","Infinite Blades"],"picked":"After Image","floor":4.0},{"not_picked":["Dodge and Roll","Quick Slash"],"picked":"PiercingWail","floor":7.0},{"not_picked":["Choke","PiercingWail"],"picked":"Dagger Throw","floor":8.0},{"not_picked":["Underhanded Strike","Setup"],"picked":"Tactician","floor":10.0},{"not_picked":["Bane","Tactician"],"picked":"All Out Attack","floor":11.0},{"not_picked":["Wraith Form v2","Deflect","Flechettes"],"picked":"SKIP","floor":14.0},{"not_picked":["Doppelganger","Die Die Die"],"picked":"Burst","floor":16.0},{"not_picked":["Bane","Quick Slash"],"picked":"Flying Knee","floor":17.0},{"not_picked":["Blade Dance+1","Predator"],"picked":"Bouncing Flask","floor":18.0},{"not_picked":["Dodge and Roll","Blade Dance"],"picked":"Deadly Poison","floor":20.0},{"not_picked":["Poisoned Stab","Acrobatics"],"picked":"Leg Sweep","floor":21.0},{"not_picked":["Accuracy","Slice"],"picked":"Backstab","floor":22.0},{"not_picked":["Dagger Throw+1","Cloak And Dagger+1"],"picked":"Bullet Time+1","floor":23.0},{"not_picked":["Quick Slash","Endless Agony+1","Poisoned Stab+1"],"picked":"SKIP","floor":25.0},{"not_picked":["Dodge and Roll+1","Quick Slash"],"picked":"Storm of Steel+1","floor":29.0},{"not_picked":["Blade Dance+1","Flying Knee"],"picked":"Cloak And Dagger+1","floor":31.0},{"not_picked":["Die Die Die","Unload"],"picked":"Corpse Explosion+1","floor":33.0},{"not_picked":["Endless Agony+1","Finisher+1","Bane+1","Choke"],"picked":"SKIP","floor":35.0},{"not_picked":["Acrobatics+1","Dash","Poisoned Stab"],"picked":"Footwork+1","floor":37.0},{"not_picked":["Footwork","Leg Sweep+1","Cloak And Dagger+1"],"picked":"Backflip+1","floor":38.0},{"not_picked":["Sucker Punch","Dodge and Roll+1","Flying Knee+1"],"picked":"Heel Hook+1","floor":39.0},{"not_picked":["Backstab+1","All Out Attack+1","Predator"],"picked":"Doppelganger+1","floor":40.0},{"not_picked":["Riddle With Holes","Deflect+1","Eviscerate+1"],"picked":"Acrobatics+1","floor":45.0},{"not_picked":["Underhanded Strike","All Out Attack+1","Predator"],"picked":"Quick Slash+1","floor":47.0},{"not_picked":["Burst+1","Choke","Dodge and Roll+1"],"picked":"Accuracy","floor":48.0},{"not_picked":["Acrobatics+1","Dodge and Roll+1","Noxious Fumes","Cloak And Dagger+1"],"picked":"SKIP","floor":54}],"player_experience":2712031,"relics_obtained":[{"floor":7.0,"key":"Kunai"},{"floor":10.0,"key":"Oddly Smooth Stone"},{"floor":14.0,"key":"Happy Flower"},{"floor":19.0,"key":"Paper Crane"},{"floor":23.0,"key":"Toxic Egg 2"},{"floor":26.0,"key":"HornCleat"},{"floor":34.0,"key":"Potion Belt"},{"floor":34.0,"key":"Question Card"},{"floor":34.0,"key":"Tough Bandages"},{"floor":40.0,"key":"Ornamental Fan"},{"floor":43.0,"key":"Snake Skull"},{"floor":45.0,"key":"Mercury Hourglass"},{"floor":54,"key":"Thread and Needle"}],"event_choices":[{"damage_healed":0.0,"max_hp_gain":0.0,"max_hp_loss":0.0,"gold_gain":0.0,"event_name":"Match and Keep!","player_choice":"1 cards matched","floor":5.0,"gold_loss":0.0,"damage_taken":0.0,"cards_obtained":["Madness"]},{"damage_healed":0.0,"max_hp_gain":0.0,"max_hp_loss":0.0,"gold_gain":0.0,"event_name":"Match and Keep!","player_choice":"1 cards matched","floor":5.0,"gold_loss":0.0,"damage_taken":0.0,"cards_obtained":["Madness"]},{"damage_healed":0.0,"max_hp_gain":5.0,"max_hp_loss":0.0,"gold_gain":0.0,"event_name":"Forgotten Altar","player_choice":"Shed Blood","floor":27.0,"gold_loss":0.0,"damage_taken":19.0},{"damage_healed":0.0,"max_hp_gain":0.0,"max_hp_loss":0.0,"gold_gain":0.0,"cards_transformed":["Strike_G","Defend_G"],"event_name":"Drug Dealer","player_choice":"Became Test Subject","floor":30.0,"gold_loss":0.0,"damage_taken":0.0,"cards_obtained":["Crippling Poison","Die Die Die"]},{"damage_healed":32.0,"max_hp_gain":0.0,"max_hp_loss":0.0,"gold_gain":0.0,"event_name":"MindBloom","player_choice":"Heal","floor":41.0,"gold_loss":0.0,"damage_taken":0.0,"cards_obtained":["Doubt"]},{"cards_removed":["Dagger Throw"],"damage_healed":0.0,"max_hp_gain":0.0,"max_hp_loss":0.0,"gold_gain":0.0,"event_name":"Falling","player_choice":"Removed Attack","floor":42.0,"gold_loss":0.0,"damage_taken":0.0},{"damage_healed":0.0,"max_hp_gain":0.0,"max_hp_loss":0.0,"gold_gain":100.0,"event_name":"Golden Shrine","player_choice":"Pray","floor":46.0,"gold_loss":0.0,"damage_taken":0.0}],"is_beta":false,"boss_relics":[{"not_picked":["Velvet Choker","Ectoplasm"],"picked":"Tiny House"},{"not_picked":["Snecko Eye","SacredBark"],"picked":"Calling Bell"}],"items_purged_floors":[12,53],"is_endless":false,"potions_floor_spawned":[1,4,8,14,16,20,21,29,33,38,40,45,47,48],"killed_by":"The Heart","ascension_level":0}}