{"host":"ccw6t0i2dpm5wyxf","time":1611014065,"event":{"mods":["AchievementEnabler","BaseMod","Colored Map","Minty Spire (QoL Compilation)","Permanent Neow","SuperFastMode"],"gold_per_floor":[119,137,149,324,324,324,353,353,353,368,368,387,413,429,429,528,528,541,466,74,74,88,88,113,126,126,126,159,159,185,204,204,204,204],"floor_reached":33,"language":"ENG","playtime":1031,"items_purged":["Strike_G","Strike_G"],"score":369,"play_id":"102b457f-d809-42d2-8ae4-2b7d63de23d4","local_time":"20210118175425","is_ascension_mode":true,"campfire_choices":[{"data":"Survivor","floor":6,"key":"SMITH"},{"floor":8,"key":"REST"},{"floor":11,"key":"REST"},{"floor":15,"key":"REST"},{"data":"Envenom","floor":23,"key":"SMITH"},{"floor":27,"key":"REST"},{"floor":32,"key":"REST"}],"circlet_count":0,"master_deck":["Strike_G","Strike_G","Defend_G","Defend_G","Defend_G","Defend_G","Defend_G","Survivor+1","Neutralize","Quick Slash","Dagger Spray","Bouncing Flask","Doubt","Corpse Explosion","Noxious Fumes","Dodge and Roll","Deflect","Envenom+1","Outmaneuver+1","Dash+1","Blade Dance","Decay"],"relics":["Ring of the Snake","NeowsBlessing","Darkstone Periapt","Ornamental Fan","Thread and Needle","Runic Pyramid","Lee\u0027s Waffle","Ancient Tea Set","Oddly Smooth Stone","Kunai","Smiling Mask","Pen Nib"],"acts_visited":["Exordium","TheCity"],"potions_floor_usage":[7,7,12,13,24,28],"damage_taken":[{"damage":0,"enemies":"Small Slimes","floor":1,"turns":1},{"damage":0,"enemies":"Jaw Worm","floor":2,"turns":1},{"damage":0,"enemies":"Cultist","floor":3,"turns":1},{"damage":31,"enemies":"Gremlin Nob","floor":7,"turns":5},{"damage":13,"enemies":"Red Slaver","floor":10,"turns":3},{"damage":8,"enemies":"Blue Slaver","floor":12,"turns":4},{"damage":26,"enemies":"Lagavulin","floor":13,"turns":6},{"damage":0,"enemies":"2 Fungi Beasts","floor":14,"turns":4},{"damage":38,"enemies":"The Guardian","floor":16,"turns":9},{"damage":18,"enemies":"2 Thieves","floor":18,"turns":4},{"damage":9,"enemies":"3 Byrds","floor":22,"turns":3},{"damage":40,"enemies":"Book of Stabbing","floor":24,"turns":7},{"damage":16,"enemies":"Snake Plant","floor":25,"turns":5},{"damage":23,"enemies":"Slavers","floor":28,"turns":5},{"damage":0,"enemies":"3 Cultists","floor":31,"turns":4},{"damage":42,"enemies":"Champ","floor":33,"turns":10}],"seed_played":"8375191687664555206","potions_obtained":[{"floor":1,"key":"EssenceOfSteel"},{"floor":3,"key":"Poison Potion"},{"floor":10,"key":"SneckoOil"},{"floor":12,"key":"DuplicationPotion"},{"floor":22,"key":"Dexterity Potion"},{"floor":24,"key":"Fire Potion"},{"floor":28,"key":"Swift Potion"}],"is_trial":false,"path_per_floor":["M","M","M","?","?","R","E","R","T","M","R","M","E","M","R","B",null,"M","$","$","?","M","R","E","M","T","R","E","?","T","M","R","B"],"character_chosen":"THE_SILENT","items_purchased":["Lee\u0027s Waffle","Ancient Tea Set"],"campfire_rested":5,"item_purchase_floors":[20,20],"current_hp_per_floor":[70,70,70,70,70,70,39,60,60,47,68,60,34,34,55,17,57,39,39,77,77,68,68,28,12,12,35,12,18,18,18,42,0,0],"gold":204,"neow_bonus":"THREE_ENEMY_KILL","is_daily":false,"chose_seed":false,"campfire_upgraded":2,"win_rate":0.0,"timestamp":1611014065,"path_taken":["M","M","M","?","?","R","E","R","T","M","R","?","E","M","R","BOSS","M","?","$","?","M","R","E","M","T","R","E","?","?","M","R","BOSS"],"items_purchased_type":["Relic","Relic"],"build_version":"2020-12-22","purchased_purges":2,"victory":false,"max_hp_per_floor":[70,70,70,70,70,70,70,70,70,70,70,70,70,70,70,70,70,70,70,77,77,77,77,77,77,77,77,77,83,83,83,83,83,83],"card_choices":[{"not_picked":["Setup","Expertise"],"picked":"Quick Slash","floor":1},{"not_picked":["Sucker Punch","Flying Knee"],"picked":"Dagger Spray","floor":2},{"not_picked":["Sucker Punch","Catalyst"],"picked":"Bouncing Flask","floor":3},{"not_picked":["Predator","Backflip"],"picked":"Corpse Explosion","floor":7},{"not_picked":["Acrobatics","Deadly Poison"],"picked":"Noxious Fumes","floor":10},{"not_picked":["Slice","Poisoned Stab"],"picked":"Dodge and Roll","floor":12},{"not_picked":["Expertise","Slice"],"picked":"Deflect","floor":13},{"not_picked":["Cloak And Dagger","Sucker Punch"],"picked":"Envenom","floor":14},{"not_picked":["Acrobatics","Calculated Gamble"],"picked":"Outmaneuver+1","floor":18},{"not_picked":["Dash","Predator+1","Terror"],"picked":"SKIP","floor":22},{"not_picked":["Reflex","Blade Dance","Dodge and Roll"],"picked":"SKIP","floor":24},{"not_picked":["Caltrops","Bane"],"picked":"Dash+1","floor":25},{"not_picked":["Acrobatics","Backflip"],"picked":"Blade Dance","floor":28},{"not_picked":["Sucker Punch","Acrobatics","Quick Slash+1"],"picked":"SKIP","floor":31}],"player_experience":303769,"relics_obtained":[{"floor":7,"key":"Darkstone Periapt"},{"floor":9,"key":"Ornamental Fan"},{"floor":13,"key":"Thread and Needle"},{"floor":24,"key":"Oddly Smooth Stone"},{"floor":26,"key":"Kunai"},{"floor":28,"key":"Smiling Mask"},{"floor":30,"key":"Pen Nib"}],"event_choices":[{"damage_healed":0,"gold_gain":175,"player_choice":"AGREE","damage_taken":0,"max_hp_gain":0,"max_hp_loss":0,"event_name":"Liars Game","floor":4,"gold_loss":0,"cards_obtained":["Doubt"]},{"cards_removed":["Strike_G"],"damage_healed":0,"gold_gain":0,"player_choice":"Card Removal","damage_taken":0,"max_hp_gain":0,"max_hp_loss":0,"event_name":"Wheel of Change","floor":5,"gold_loss":0},{"damage_healed":0,"gold_gain":0,"player_choice":"Ignored","damage_taken":0,"max_hp_gain":0,"max_hp_loss":0,"event_name":"Ghosts","floor":21,"gold_loss":0},{"damage_healed":0,"gold_gain":0,"player_choice":"Smashed Altar","damage_taken":0,"max_hp_gain":0,"max_hp_loss":0,"event_name":"Forgotten Altar","floor":29,"gold_loss":0,"cards_obtained":["Decay"]}],"is_beta":false,"boss_relics":[{"not_picked":["Fusion Hammer","Busted Crown"],"picked":"Runic Pyramid"}],"items_purged_floors":[19,20],"is_endless":false,"potions_floor_spawned":[1,3,10,12,22,24,28],"killed_by":"Champ","ascension_level":5}}