{"host":"vm3f1ccwgbs4oygt","time":1611007249,"event":{"mods":["BaseMod","BetterRewards","Colored Powertips","Minty Spire (QoL Compilation)","Permanent Neow","Shop Mod","StSLib"],"gold_per_floor":[113,83,98,23,23,52,52,63,63,98,112,142,154,166,178,289,301,323,57,70,87,97,97,97,97,97,97,114,114,114,114],"floor_reached":30,"language":"ENG","playtime":9665,"items_purged":["Strike_R","Strike_R"],"score":303,"play_id":"0c5ba51f-d686-49e2-8a0e-81ae7a0d9c93","local_time":"20210118230049","is_ascension_mode":true,"campfire_choices":[{"data":"Uppercut","floor":7,"key":"SMITH"},{"data":"Fire Breathing","floor":13,"key":"SMITH"},{"floor":15,"key":"REST"},{"data":"Limit Break","floor":23,"key":"SMITH"},{"data":"Disarm","floor":27,"key":"SMITH"}],"circlet_count":0,"master_deck":["Defend_R","Defend_R","Defend_R","Bash","Uppercut+1","Heavy Blade","Flex","Fire Breathing+1","Iron Wave+1","Reckless Charge+1","Exhume","Disarm+1","Shockwave","Immolate+1","Limit Break+1","Flex","Pommel Strike+1","Inflame","Shrug It Off+1"],"relics":["Burning Blood","NeowsBlessing","Kunai","Molten Egg 2","FossilizedHelix","MawBank","Empty Cage","Orrery","MutagenicStrength","Question Card"],"acts_visited":["Exordium","TheCity"],"potions_floor_usage":[11,16,21,22,22,22],"damage_taken":[{"damage":0,"enemies":"Small Slimes","floor":1,"turns":1},{"damage":0,"enemies":"Cultist","floor":3,"turns":1},{"damage":0,"enemies":"3 Sentries","floor":6,"turns":2},{"damage":3,"enemies":"2 Louse","floor":8,"turns":2},{"damage":39,"enemies":"Lagavulin","floor":10,"turns":7},{"damage":8,"enemies":"Looter","floor":11,"turns":3},{"damage":10,"enemies":"Gremlin Nob","floor":12,"turns":5},{"damage":25,"enemies":"Exordium Thugs","floor":14,"turns":6},{"damage":23,"enemies":"Hexaghost","floor":16,"turns":9},{"damage":33,"enemies":"Shell Parasite","floor":18,"turns":6},{"damage":6,"enemies":"3 Byrds","floor":20,"turns":4},{"damage":37,"enemies":"Shelled Parasite and Fungi","floor":21,"turns":4},{"damage":0,"enemies":"Snake Plant","floor":22,"turns":4},{"damage":8,"enemies":"3 Cultists","floor":28,"turns":3},{"damage":27,"enemies":"Gremlin Leader","floor":30,"turns":5}],"seed_played":"-138902496218795422","potions_obtained":[{"floor":1,"key":"Fire Potion"},{"floor":2,"key":"SkillPotion"},{"floor":2,"key":"EntropicBrew"},{"floor":3,"key":"BloodPotion"},{"floor":6,"key":"BlessingOfTheForge"},{"floor":18,"key":"SkillPotion"},{"floor":21,"key":"SneckoOil"}],"is_trial":false,"path_per_floor":["M","?","M","$","?","E","R","M","T","E","M","E","R","M","R","B",null,"M","$","M","M","M","R","?","$","T","R","M","?","E"],"character_chosen":"IRONCLAD","items_purchased":["Orrery","Flex"],"campfire_rested":1,"item_purchase_floors":[19,19],"current_hp_per_floor":[80,80,80,80,80,80,80,80,80,47,61,57,57,38,62,45,80,53,53,53,22,28,28,28,28,28,28,26,26,0,0],"gold":114,"neow_bonus":"THREE_ENEMY_KILL","is_daily":false,"chose_seed":false,"campfire_upgraded":4,"win_rate":0.0,"timestamp":1611007249,"path_taken":["M","?","?","$","?","E","R","M","T","E","M","E","R","M","R","BOSS","M","?","M","M","?","R","?","$","T","R","M","?","E"],"items_purchased_type":["Relic","Card"],"build_version":"2020-12-22","purchased_purges":2,"victory":false,"max_hp_per_floor":[80,80,80,80,80,80,80,80,80,80,80,80,80,80,80,80,80,80,80,80,80,80,80,80,80,80,80,80,80,80,80],"card_choices":[{"not_picked":["Bloodletting","Warcry"],"picked":"Uppercut","floor":1},{"not_picked":["Twin Strike","Cleave"],"picked":"Heavy Blade","floor":3},{"not_picked":["Power Through","Pummel"],"picked":"Flex","floor":6},{"not_picked":["Blood for Blood","Hemokinesis"],"picked":"Fire Breathing","floor":8},{"not_picked":["Hemokinesis+1","Offering"],"picked":"Iron Wave+1","floor":10},{"not_picked":["Twin Strike+1","Clash+1","Iron Wave+1"],"picked":"SKIP","floor":11},{"not_picked":["Body Slam+1","Iron Wave+1","Anger+1"],"picked":"SKIP","floor":12},{"not_picked":["Bloodletting","Sword Boomerang+1"],"picked":"Reckless Charge+1","floor":14},{"not_picked":["Reaper+1","Impervious"],"picked":"Exhume","floor":16},{"not_picked":["Body Slam+1","Second Wind"],"picked":"Disarm","floor":18},{"not_picked":["Perfected Strike+1","Fire Breathing"],"picked":"Shockwave","floor":19},{"not_picked":["Ghostly Armor","Juggernaut"],"picked":"Immolate+1","floor":19},{"not_picked":["Pommel Strike+1","Flame Barrier"],"picked":"Limit Break","floor":19},{"not_picked":["Rampage+1","Anger+1"],"picked":"Pommel Strike+1","floor":20},{"not_picked":["Iron Wave+1","Twin Strike+1","Immolate+1"],"picked":"SKIP","floor":21},{"not_picked":["Pommel Strike+1","Second Wind"],"picked":"Inflame","floor":22},{"not_picked":["Evolve","Burning Pact+1","Sword Boomerang+1"],"picked":"Shrug It Off+1","floor":28}],"player_experience":531547,"relics_obtained":[{"floor":6,"key":"Kunai"},{"floor":9,"key":"Molten Egg 2"},{"floor":10,"key":"FossilizedHelix"},{"floor":12,"key":"MawBank"},{"floor":26,"key":"Question Card"}],"event_choices":[{"damage_healed":0,"gold_gain":0,"player_choice":"Bought 2 Potions","damage_taken":0,"max_hp_gain":0,"max_hp_loss":0,"event_name":"The Woman in Blue","floor":2,"gold_loss":0},{"cards_removed":["Defend_R"],"damage_healed":0,"gold_gain":0,"player_choice":"Offered Basic","damage_taken":0,"max_hp_gain":0,"max_hp_loss":0,"event_name":"Bonfire Elementals","floor":5,"gold_loss":0},{"damage_healed":0,"gold_gain":0,"player_choice":"Inject Mutagens","damage_taken":0,"relics_obtained":["MutagenicStrength"],"max_hp_gain":0,"max_hp_loss":0,"event_name":"Drug Dealer","floor":24,"gold_loss":0},{"cards_removed":["Strike_R"],"damage_healed":0,"gold_gain":0,"player_choice":"Elegance","damage_taken":0,"max_hp_gain":0,"max_hp_loss":0,"event_name":"Back to Basics","floor":29,"gold_loss":0}],"is_beta":false,"boss_relics":[{"not_picked":["Runic Cube","Runic Pyramid"],"picked":"Empty Cage"}],"items_purged_floors":[4,19],"is_endless":false,"potions_floor_spawned":[1,3,6,18,21],"killed_by":"Gremlin Leader","ascension_level":2}}