{"host":"9j3ghh26vbket12t","time":1611010135,"event":{"mods":["AchievementEnabler","BaseMod","Colored Powertips","Hermit","Marisa????????","Minty Spire (QoL Compilation)","StSLib","The Servant 0.9.4"],"gold_per_floor":[119,129,129,153,153,187,211,232,232,272,272,272,310,37,37,37,37],"floor_reached":16,"language":"ENG","playtime":3651,"items_purged":["Defend_MRS"],"score":112,"play_id":"1eaa5917-f703-49ff-a23d-41555b79741c","local_time":"20210118174855","is_ascension_mode":false,"campfire_choices":[{"data":"AsteroidBelt","floor":15,"key":"SMITH"}],"circlet_count":0,"master_deck":["Strike_MRS+1","Strike_MRS","Strike_MRS+1","Strike_MRS","Defend_MRS","Defend_MRS","Defend_MRS","MasterSpark","UpSweep","Injury","GasGiant","WitchLeyline","GalacticHalo","ManaConvection","ShootTheMoon","6A","WitchOfGreed","ShootingEcho","AsteroidBelt+1"],"relics":["MiniHakkero","Calipers","Golden Idol","Pantograph","Omamori","Boot","White Beast Statue","Bag of Preparation"],"acts_visited":["Exordium"],"potions_floor_usage":[10,10,10],"damage_taken":[{"damage":0,"enemies":"Small Slimes","floor":1,"turns":3},{"damage":6,"enemies":"Jaw Worm","floor":2,"turns":3},{"damage":0,"enemies":"2 Louse","floor":4,"turns":2},{"damage":16,"enemies":"Gremlin Nob","floor":6,"turns":4},{"damage":7,"enemies":"Blue Slaver","floor":7,"turns":4},{"damage":5,"enemies":"3 Louse","floor":8,"turns":4},{"damage":4,"enemies":"3 Sentries","floor":10,"turns":6},{"damage":13,"enemies":"Exordium Wildlife","floor":13,"turns":6},{"damage":37,"enemies":"Hexaghost","floor":16,"turns":9}],"seed_played":"4264431826172136726","potions_obtained":[{"floor":6,"key":"LiquidBronze"},{"floor":7,"key":"DuplicationPotion"},{"floor":8,"key":"CultistPotion"},{"floor":13,"key":"Energy Potion"}],"is_trial":false,"path_per_floor":["M","M","?","M","?","E","M","M","T","E","?","?","M","$","R","B"],"character_chosen":"MARISA","items_purchased":["AsteroidBelt","Bag of Preparation"],"campfire_rested":0,"item_purchase_floors":[14,14],"current_hp_per_floor":[75,69,51,51,36,20,13,8,8,4,22,22,9,9,9,0,0],"gold":37,"neow_bonus":"ONE_RARE_RELIC","is_daily":false,"chose_seed":false,"campfire_upgraded":1,"win_rate":0.0,"timestamp":1611010135,"path_taken":["M","M","?","M","?","E","M","M","T","E","?","?","M","?","R","BOSS"],"items_purchased_type":["Card","Relic"],"build_version":"2020-12-22","purchased_purges":1,"victory":false,"max_hp_per_floor":[75,75,75,75,75,75,75,75,75,75,75,75,75,75,75,75,75],"card_choices":[{"not_picked":["MilkyWay","Acceleration"],"picked":"GasGiant","floor":1},{"not_picked":["GrandCross","DoubleSpark"],"picked":"WitchLeyline","floor":2},{"not_picked":["RefractionSpark","IllusionStar"],"picked":"GalacticHalo","floor":4},{"not_picked":["BlazeAway","DeepEcoloBomb"],"picked":"ManaConvection","floor":6},{"not_picked":["DoubleSpark","LuminesStrike"],"picked":"ShootTheMoon","floor":7},{"not_picked":["DoubleSpark","NonDirectionalLaser"],"picked":"6A","floor":8},{"not_picked":["TreasureHunter","OpenUniverse"],"picked":"WitchOfGreed","floor":10},{"not_picked":["DoubleSpark","DC"],"picked":"ShootingEcho","floor":13}],"player_experience":87043,"relics_obtained":[{"floor":6,"key":"Pantograph"},{"floor":9,"key":"Omamori"},{"floor":10,"key":"Boot"}],"event_choices":[{"damage_healed":0,"gold_gain":0,"player_choice":"Take Damage","damage_taken":18,"relics_obtained":["Golden Idol"],"max_hp_gain":0,"max_hp_loss":0,"event_name":"Golden Idol","floor":3,"gold_loss":0},{"damage_healed":0,"gold_gain":0,"player_choice":"Entered Light","damage_taken":15,"max_hp_gain":0,"max_hp_loss":0,"event_name":"Shining Light","floor":5,"gold_loss":0,"cards_upgraded":["Strike_MRS","Strike_MRS"]},{"damage_healed":18,"gold_gain":0,"player_choice":"Healed and dodged fight","damage_taken":0,"max_hp_gain":0,"max_hp_loss":0,"event_name":"Mushrooms_MRS","floor":11,"gold_loss":0,"cards_obtained":["Parasite"]},{"damage_healed":0,"gold_gain":0,"player_choice":"Box","damage_taken":0,"relics_obtained":["White Beast Statue"],"max_hp_gain":0,"max_hp_loss":0,"event_name":"Big Fish","floor":12,"gold_loss":0,"cards_obtained":["Regret"]}],"is_beta":false,"boss_relics":[],"items_purged_floors":[14],"is_endless":false,"potions_floor_spawned":[6,7,8,13],"killed_by":"Hexaghost","ascension_level":0}}