{"host":"te4ihy0orbpglf07","time":1611007563,"event":{"mods":["Act Like it!","Arknights The Spire","BaseMod","BetterRewards","Friendly Minions","Gensokyo","Hubris","Infinite Spire","Minty Spire (QoL Compilation)","Prisma Mod","RumiaBox-????????","Small Relic Pack","StSLib","SuperFastMode","Td1madao Mod","The Servant 0.9.4"],"gold_per_floor":[119,119,138,238,21,-23,-23,-23,-23,-15,-2,-2,-2,9,9,110,110,126,126,137,147,147,147,147,147,171,185,0,0],"floor_reached":28,"language":"ENG","playtime":944,"items_purged":["ats:Defend"],"score":318,"play_id":"8956265a-fe9d-4eff-9544-0197940abb0b","local_time":"20210119010603","is_ascension_mode":false,"campfire_choices":[{"data":"ats:Emotion Absorption","floor":8,"key":"SMITH"},{"data":"ats:Mental Burst","floor":15,"key":"SMITH"},{"data":"ats:Volcano","floor":23,"key":"SMITH"},{"data":"ats:True Silver Slash","floor":25,"key":"SMITH"}],"circlet_count":0,"master_deck":["ats:Strike C","ats:Strike G","ats:Strike S","ats:Armor Crushing Shot","ats:Defend","ats:Defend","ats:Defend","ats:Emotion Absorption+1","ats:Thorns","ats:Apocalypse","ats:Healing Strengthening","ats:Volcano+1","ats:Mental Burst+1","ats:Hook Shot","ats:Apocalypse","ats:Chain Hook","ats:True Silver Slash+1","ats:Magnetic Hammer","ats:Automatic Cover"],"relics":["ats:Sanity","infinitespire:Golems Mask","hubris:VirtuousBlindfold","AddBug","SecretRecord","Baka","SecretRecord","SecretRecord"],"acts_visited":["Exordium","Gensokyo:Gensokyo"],"potions_floor_usage":[],"damage_taken":[{"damage":5,"enemies":"Gensokyo:Python","floor":1,"turns":3},{"damage":7,"enemies":"Gensokyo:2_Kodama","floor":3,"turns":5},{"damage":0,"enemies":"Gensokyo:3_Fairies","floor":6,"turns":2},{"damage":14,"enemies":"Gensokyo:Aya","floor":10,"turns":3},{"damage":7,"enemies":"Gensokyo:2_Rabbits","floor":11,"turns":2},{"damage":0,"enemies":"Gensokyo:LivingMonolith","floor":14,"turns":2},{"damage":20,"enemies":"Gensokyo:Reimu","floor":16,"turns":9},{"damage":51,"enemies":"Gensokyo:3_Dogs","floor":18,"turns":3},{"damage":7,"enemies":"Gensokyo:Chomper","floor":20,"turns":3},{"damage":20,"enemies":"Gensokyo:Swordslinger","floor":21,"turns":3},{"damage":64,"enemies":"Gensokyo:Wraith","floor":27,"turns":3},{"damage":11,"enemies":"Gensokyo:Mirror_and_Dog","floor":28,"turns":2}],"seed_played":"-3810950938653602263","potions_obtained":[{"floor":11,"key":"BlessingOfTheForge"},{"floor":16,"key":"Regen Potion"},{"floor":20,"key":"EssenceOfSteel"}],"is_trial":false,"path_per_floor":["M","?","M","?","$","M","T","R","T","E","M","?","$","M","R","B",null,"M","?","M","M","?","R","?","R","T","M","M"],"character_chosen":"DOCTOR_CLASS","items_purchased":["infinitespire:Golems Mask","ats:Thorns","ats:Volcano","ats:Mental Burst"],"campfire_rested":0,"item_purchase_floors":[0,0,5,5],"current_hp_per_floor":[67,67,70,70,70,70,70,70,70,56,54,54,54,64,64,62,72,21,21,23,32,32,32,32,32,32,7,0,0],"gold":0,"neow_bonus":"","is_daily":false,"chose_seed":false,"campfire_upgraded":4,"win_rate":0.0,"timestamp":1611007563,"path_taken":["M","?","?","?","?","M","?","R","T","E","M","?","?","?","R","BOSS","M","?","M","?","?","R","?","R","T","M","M"],"items_purchased_type":["Relic","Card","Card","Card"],"build_version":"2020-12-22","purchased_purges":1,"victory":false,"max_hp_per_floor":[72,72,72,72,72,72,72,72,72,72,72,72,72,72,72,72,72,72,72,72,72,72,72,72,72,72,72,72,72],"card_choices":[{"not_picked":["ats:Flexible Camouflage","ats:Childhood Dance"],"picked":"ats:Apocalypse","floor":1},{"not_picked":["ats:LN2 Cannon","ats:Curse Doll"],"picked":"ats:Healing Strengthening","floor":3},{"not_picked":["ats:Curse Doll","ats:Thermite Blade"],"picked":"ats:Hook Shot","floor":6},{"not_picked":["ats:Flexible Camouflage","ats:Consecutive Shot Auto"],"picked":"ats:Apocalypse","floor":10},{"not_picked":["ats:Explosion Area Strengthen","ats:Shell Defense","ats:Assault Order"],"picked":"SKIP","floor":11},{"not_picked":["ats:Explosion Area Strengthen","ats:Leaping Hammer"],"picked":"ats:Chain Hook","floor":14},{"not_picked":["ats:Wolf Pack","ats:Fractured Body"],"picked":"ats:True Silver Slash","floor":16},{"not_picked":["ats:Assault Order","ats:Neurotoxin"],"picked":"ats:Magnetic Hammer","floor":18},{"not_picked":["ats:Shell Defense","ats:Childhood Dance","ats:Magnetic Hammer"],"picked":"SKIP","floor":20},{"not_picked":["ats:Song Of Battle","ats:Poison Spread"],"picked":"ats:Automatic Cover","floor":21},{"not_picked":["ats:Hook Shot+1","ats:Poison Spread","ats:Assault Order"],"picked":"SKIP","floor":27}],"player_experience":78012,"relics_obtained":[{"floor":1,"key":"AddBug"},{"floor":1,"key":"Baka"},{"floor":7,"key":"MagicDraw1"},{"floor":9,"key":"Vajra"},{"floor":10,"key":"ats:Originium"},{"floor":10,"key":"Bag of Marbles"},{"floor":16,"key":"SecretRecord"},{"floor":20,"key":"SecretRecord"},{"floor":27,"key":"ats:Rhine Circuitry"}],"event_choices":[],"is_beta":false,"boss_relics":[{"not_picked":["Busted Crown","relicPack:ShieldShield"],"picked":"Sozu"}],"items_purged_floors":[5],"is_endless":false,"potions_floor_spawned":[1,11,16,20],"killed_by":"Gensokyo:Mirror_and_Dog","ascension_level":0}}