{"host":"uv5ws9rdk87e8i5k","time":1611002771,"event":{"mods":["AchievementEnabler","BaseMod","Colored Map","Minty Spire (QoL Compilation)","StSLib","SuperFastMode"],"gold_per_floor":[115,127,137,137,151,151,151,151,178,204,204,234,252,16,16,113,113,124,141,154,154,154,154,154],"floor_reached":23,"language":"ENG","playtime":544,"items_purged":[],"score":289,"play_id":"1bca6652-3ac5-45ff-96a2-0ab49b5cac53","local_time":"20210118144611","is_ascension_mode":true,"campfire_choices":[{"data":"Noxious Fumes","floor":6,"key":"SMITH"},{"floor":11,"key":"REST"},{"data":"Noxious Fumes","floor":15,"key":"SMITH"}],"circlet_count":0,"master_deck":["Strike_G","Strike_G","Strike_G","Strike_G+1","Strike_G","Defend_G+1","Defend_G","Defend_G","Defend_G+1","Defend_G","Survivor","Neutralize","Escape Plan+1","Noxious Fumes+1","Glass Knife","Backflip","Deadly Poison","Noxious Fumes+1","Poisoned Stab","Die Die Die","CurseOfTheBell"],"relics":["Ring of the Snake","Orichalcum","Nunchaku","Sundial","Anchor","War Paint","Tiny Chest","Snake Skull","Calling Bell","Dream Catcher","Toxic Egg 2","Bird Faced Urn","Bronze Scales"],"acts_visited":["Exordium","TheCity"],"potions_floor_usage":[10,12,16,20],"damage_taken":[{"damage":3,"enemies":"Jaw Worm","floor":1,"turns":8},{"damage":2,"enemies":"Small Slimes","floor":2,"turns":4},{"damage":0,"enemies":"Cultist","floor":3,"turns":4},{"damage":2,"enemies":"2 Fungi Beasts","floor":5,"turns":5},{"damage":17,"enemies":"Gremlin Nob","floor":10,"turns":5},{"damage":1,"enemies":"3 Sentries","floor":12,"turns":6},{"damage":0,"enemies":"Large Slime","floor":13,"turns":5},{"damage":0,"enemies":"Slime Boss","floor":16,"turns":6},{"damage":7,"enemies":"Shell Parasite","floor":18,"turns":4},{"damage":12,"enemies":"Chosen","floor":19,"turns":5},{"damage":23,"enemies":"Snecko","floor":20,"turns":6},{"damage":43,"enemies":"Book of Stabbing","floor":23,"turns":5}],"seed_played":"6418782922944615248","potions_obtained":[{"floor":1,"key":"EssenceOfSteel"},{"floor":10,"key":"CunningPotion"},{"floor":12,"key":"Ancient Potion"},{"floor":19,"key":"BlessingOfTheForge"},{"floor":20,"key":"Swift Potion"}],"is_trial":false,"path_per_floor":["M","M","M","?","M","R","T","?","T","E","R","E","M","$","R","B",null,"M","M","M","?","T","E"],"character_chosen":"THE_SILENT","items_purchased":["Noxious Fumes","Snake Skull","Poisoned Stab"],"campfire_rested":1,"item_purchase_floors":[14,14,14],"current_hp_per_floor":[67,65,65,51,49,49,49,24,24,7,28,27,27,27,27,27,70,65,57,38,38,38,0,0],"gold":154,"neow_bonus":"RANDOM_COMMON_RELIC","is_daily":false,"chose_seed":false,"campfire_upgraded":2,"win_rate":0.0,"timestamp":1611002771,"path_taken":["M","M","M","?","M","R","?","?","T","E","R","E","?","?","R","BOSS","M","M","M","?","?","E"],"items_purchased_type":["Card","Relic","Card"],"build_version":"2020-12-22","purchased_purges":0,"victory":false,"max_hp_per_floor":[70,70,70,70,70,70,70,70,70,70,70,70,70,70,70,70,70,70,70,70,70,70,70,70],"card_choices":[{"not_picked":["Backflip","Skewer"],"picked":"Escape Plan","floor":1},{"not_picked":["Outmaneuver","Bane","Sucker Punch"],"picked":"SKIP","floor":2},{"not_picked":["Tactician","Caltrops","Slice"],"picked":"SKIP","floor":3},{"not_picked":["Quick Slash","Concentrate"],"picked":"Noxious Fumes","floor":5},{"not_picked":["Flechettes","Endless Agony"],"picked":"Glass Knife","floor":10},{"not_picked":["Masterful Stab","PiercingWail"],"picked":"Backflip","floor":12},{"not_picked":["Backflip","Sucker Punch"],"picked":"Deadly Poison","floor":13},{"not_picked":["Unload","Night Terror"],"picked":"Die Die Die","floor":16},{"not_picked":["Underhanded Strike+1","Blade Dance+1","Dagger Spray"],"picked":"SKIP","floor":18},{"not_picked":["Escape Plan+1","Dodge and Roll+1","Backflip+1"],"picked":"SKIP","floor":19},{"not_picked":["Choke","Outmaneuver+1","Dash+1"],"picked":"SKIP","floor":20}],"player_experience":122182,"relics_obtained":[{"floor":7,"key":"Nunchaku"},{"floor":9,"key":"Anchor"},{"floor":10,"key":"War Paint"},{"floor":12,"key":"Tiny Chest"},{"floor":17,"key":"Dream Catcher"},{"floor":17,"key":"Toxic Egg 2"},{"floor":17,"key":"Bird Faced Urn"},{"floor":22,"key":"Bronze Scales"}],"event_choices":[{"damage_healed":0,"gold_gain":0,"player_choice":"Entered Light","damage_taken":14,"max_hp_gain":0,"max_hp_loss":0,"event_name":"Shining Light","floor":4,"gold_loss":0,"cards_upgraded":["Defend_G","Strike_G"]},{"damage_healed":0,"gold_gain":0,"player_choice":"Success","damage_taken":25,"relics_obtained":["Sundial"],"max_hp_gain":0,"max_hp_loss":0,"event_name":"Scrap Ooze","floor":8,"gold_loss":0},{"damage_healed":0,"gold_gain":0,"player_choice":"Ignored","damage_taken":0,"max_hp_gain":0,"max_hp_loss":0,"event_name":"Ghosts","floor":21,"gold_loss":0}],"is_beta":false,"boss_relics":[{"not_picked":["Coffee Dripper","Pandora\u0027s Box"],"picked":"Calling Bell"}],"items_purged_floors":[],"is_endless":false,"potions_floor_spawned":[1,10,12,19,20],"killed_by":"Book of Stabbing","ascension_level":3}}