{"host":"och2iitg9ibgz06n","time":1611010783,"event":{"mods":["Abigail Mod","AchievementEnabler","Aspiration","BaseMod","Colored Powertips","Dio Mod","FruityMod","Hubris","Hyrulean Relics","Infinite Spire","Minty Spire (QoL Compilation)","Replay The Spire","Small Relic Pack","StSLib","The Animator","The Bug Knight","The Hierophant","The Jungle","The Saiyan","TheHero","Wandering Minibosses","everything is the same but u backflip on backflip","slay the spire mod where everything is the same but ironclad has a cowboy hat","vexMod"],"gold_per_floor":[113,113,128,145,71,71,98,116,116,80,80,180,195,209,209,209,209],"floor_reached":16,"language":"ENG","playtime":641,"items_purged":[],"score":112,"play_id":"aaee529a-58bc-4285-bfe5-eba28333dbc5","local_time":"20210118165943","is_ascension_mode":true,"campfire_choices":[{"data":"dioMod:HeavyLifting","floor":6,"key":"SMITH"},{"data":"1","floor":11,"key":"LIFT"},{"floor":15,"key":"REST"}],"circlet_count":0,"master_deck":["dioMod:Strike","dioMod:Strike","dioMod:Strike","dioMod:Strike","Bite","dioMod:Defend","dioMod:Defend","dioMod:Defend","dioMod:Defend","dioMod:VengefulMuda","dioMod:HeavyLifting+1","dioMod:Muda","dioMod:DarkRebirth","dioMod:ComposedMuda","dioMod:DoubleTime","dioMod:LaserVision","dioMod:LaserVision","dioMod:LaserVision","dioMod:VengefulMuda"],"relics":["dioMod:VampireBlood","ReplayTheSpireMod:Lightbulb","infinitespire:Beetle Shell","Girya"],"acts_visited":["Exordium"],"potions_floor_usage":[7,8,13],"damage_taken":[{"damage":3,"enemies":"Jaw Worm","floor":1,"turns":5},{"damage":6,"enemies":"Cultist","floor":3,"turns":4},{"damage":12,"enemies":"Small Slimes","floor":4,"turns":3},{"damage":44,"enemies":"3 Sentries","floor":7,"turns":10},{"damage":35,"enemies":"Gremlin Gang","floor":8,"turns":6},{"damage":10,"enemies":"Lots of Slimes","floor":13,"turns":3},{"damage":18,"enemies":"Red Slaver","floor":14,"turns":4},{"damage":93,"enemies":"Fading Forest","floor":16,"turns":10}],"seed_played":"-4902111351256288001","potions_obtained":[{"floor":1,"key":"Fire Potion"},{"floor":7,"key":"LiquidMemories"},{"floor":8,"key":"LiquidMemories"}],"is_trial":false,"path_per_floor":["M","?","M","M","$","R","E","M","T","$","R","?","M","M","R","B"],"character_chosen":"THE_DEFAULT","items_purchased":["dioMod:DarkRebirth","dioMod:LaserVision"],"campfire_rested":1,"item_purchase_floors":[5,10],"current_hp_per_floor":[75,75,74,68,68,68,41,24,24,24,24,24,31,18,40,0,0],"gold":209,"neow_bonus":"RANDOM_COMMON_RELIC","is_daily":false,"chose_seed":false,"campfire_upgraded":1,"win_rate":0.0,"timestamp":1611010783,"path_taken":["M","?","M","M","$","R","E","M","T","?","R","?","M","?","R","BOSS"],"items_purchased_type":["Card","Card"],"build_version":"2020-12-22","purchased_purges":0,"victory":false,"max_hp_per_floor":[75,75,75,75,75,75,75,75,75,75,75,75,75,75,75,75,75],"card_choices":[{"not_picked":["dioMod:SecretPlan","dioMod:BloodSplash"],"picked":"dioMod:VengefulMuda","floor":1},{"not_picked":["dioMod:Roundabout","dioMod:BloodShield"],"picked":"dioMod:HeavyLifting","floor":3},{"not_picked":["dioMod:DaggerSpree","dioMod:GoodbyeJojo"],"picked":"dioMod:Muda","floor":4},{"not_picked":["dioMod:Freeze","dioMod:WRYYY"],"picked":"dioMod:ComposedMuda","floor":7},{"not_picked":["dioMod:BloodSplash","dioMod:ZaWarudo"],"picked":"dioMod:DoubleTime","floor":8},{"not_picked":["dioMod:HeavyLifting","dioMod:BloodSplash"],"picked":"dioMod:LaserVision","floor":13},{"not_picked":["dioMod:HeavyLifting","dioMod:BloodSplash"],"picked":"dioMod:VengefulMuda","floor":14}],"player_experience":410736,"relics_obtained":[{"floor":7,"key":"infinitespire:Beetle Shell"},{"floor":9,"key":"Girya"}],"event_choices":[{"damage_healed":0,"gold_gain":0,"player_choice":"Ignored","damage_taken":0,"max_hp_gain":0,"max_hp_loss":0,"event_name":"Purifier","floor":2,"gold_loss":0},{"damage_healed":0,"gold_gain":100,"player_choice":"Pray","damage_taken":0,"max_hp_gain":0,"max_hp_loss":0,"event_name":"Golden Shrine","floor":12,"gold_loss":0}],"is_beta":false,"boss_relics":[],"items_purged_floors":[],"is_endless":false,"potions_floor_spawned":[1,7,8],"killed_by":"Fading Forest","ascension_level":2}}