{"host":"uoq8e77duj6rs50g","time":1611005976,"event":{"mods":["BaseMod","Better Altar","Better Match","Better Note","Better Sensory Stone","Better Skull","Better Third Choice","BetterRewards","Block Reminder","ChefMod","Curses Come First","Hermit","Hubris","Ironclad Rager","Minty Spire (QoL Compilation)","Relic Stats","Replay The Spire","Shade Mod","StSLib","The Blue Laboratory","The Cursed","The Dragon Tamer","The Exalted","The Judge","The Marked","The Runesmith","The Servant 0.9.4","TheSwordswoman","Uncapped","WarShipGirlsR/????R mod"],"gold_per_floor":[111,61,61,75,94,136,158,158,158,181,181,224,224,247,247,356,356,380,47,7,7,16,58,58,78,78,130,176,46,46,86,86,195,195,226,255,255,291,332,332,354,381,407,444,478,58,67,104,104,104],"floor_reached":51,"language":"ENG","playtime":4509,"items_purged":[],"score":682,"play_id":"af8ae76e-9450-484f-b59c-906bd1dc93bb","local_time":"20210118163936","is_ascension_mode":true,"campfire_choices":[{"floor":8,"key":"REST"},{"floor":11,"key":"REST"},{"floor":13,"key":"REST"},{"data":"rmod:expedition","floor":15,"key":"SMITH"},{"data":"rmod:expedition+1","floor":30,"key":"SMITH"},{"data":"rmod:openingtorpedo","floor":32,"key":"SMITH"},{"floor":40,"key":"REST"},{"floor":47,"key":"REST"},{"data":"rmod:secretscript","floor":49,"key":"SMITH"}],"circlet_count":0,"master_deck":["rmod:strick","rmod:strick","rmod:defend","rmod:defend","rmod:defend","rmod:basicallowance","rmod:maingunfire+1","rmod:aluminumsupply","rmod:overbreakdown","rmod:lonelyqueen","rmod:goodsister","rmod:supportescort","rmod:expedition+3","rmod:wife","rmod:unsinkable","rmod:expeditionaryescort","rmod:goodfighter","rmod:chargemoney","rmod:salvage","rmod:garrisonisland","rmod:fuelsupply+1","rmod:generalist+1","rmod:fletcher","rmod:fletcherpendant+1","rmod:luckystar","rmod:fletcherpendant+1","rmod:ammunitionsupply+1","rmod:bulid","rmod:mineteam","rmod:openingtorpedo+1","rmod:fletcher","rmod:aviationdawn+1","rmod:advancebysurprise","rmod:windflower","rmod:openingtorpedo+1","rmod:goodsister","rmod:firesupport","rmod:wife","rmod:fletcherpendant+1","rmod:wasp+1","rmod:fletcherpendant","rmod:supportescort+1","rmod:smokecover+1","rmod:overbreakdown+1","rmod:timeschanged","rmod:mineteam+1","rmod:luckystar+1","rmod:saltedfish","rmod:guardianhero+1","rmod:secretscript+1","rmod:concentratefire"],"relics":["NeowsBlessing","CeramicFish","Pet Ghost","Tiny Chest","rmod:mogul","hubris:CrystalStatue","Enchiridion","hubris:Zylophone","Bird Faced Urn","Prayer Wheel","Gremlin Food","Painkiller Herb","Dream Catcher","Bag of Preparation","Pen Nib","Whetstone","Happy Flower"],"acts_visited":["Exordium","TheCity","TheBeyond"],"potions_floor_usage":[16,27,27,45],"damage_taken":[{"damage":0,"enemies":"Jaw Worm","floor":1,"turns":1},{"damage":0,"enemies":"Cultist","floor":4,"turns":1},{"damage":0,"enemies":"2 Louse","floor":5,"turns":1},{"damage":58,"enemies":"Gremlin Nob","floor":6,"turns":7},{"damage":4,"enemies":"Looter","floor":7,"turns":5},{"damage":1,"enemies":"2 Fungi Beasts","floor":10,"turns":5},{"damage":4,"enemies":"Replay:BlueRogue","floor":12,"turns":8},{"damage":17,"enemies":"Gremlin Gang","floor":14,"turns":7},{"damage":14,"enemies":"Slime Boss","floor":16,"turns":5},{"damage":1,"enemies":"Spheric Guardian","floor":18,"turns":6},{"damage":0,"enemies":"Replay:Snechameleon","floor":23,"turns":4},{"damage":7,"enemies":"2 Thieves","floor":25,"turns":4},{"damage":3,"enemies":"Slavers","floor":27,"turns":8},{"damage":1,"enemies":"Chosen and Byrds","floor":28,"turns":6},{"damage":8,"enemies":"Shelled Parasite and Fungi","floor":31,"turns":5},{"damage":44,"enemies":"hubris:MusketHawk","floor":33,"turns":9},{"damage":11,"enemies":"Orb Walker","floor":35,"turns":3},{"damage":5,"enemies":"3 Darklings","floor":36,"turns":4},{"damage":16,"enemies":"Transient","floor":38,"turns":5},{"damage":20,"enemies":"Sphere and 2 Shapes","floor":39,"turns":4},{"damage":32,"enemies":"4 Shapes","floor":41,"turns":4},{"damage":14,"enemies":"Reptomancer","floor":44,"turns":9},{"damage":6,"enemies":"Writhing Mass","floor":45,"turns":5},{"damage":2,"enemies":"3 Darklings","floor":48,"turns":3},{"damage":12,"enemies":"Replay:Hell Engine","floor":50,"turns":10}],"seed_played":"-1255061492027622406","potions_obtained":[{"floor":6,"key":"blueLaboratory:LouseDecoction"},{"floor":7,"key":"blueLaboratory:PhilterOfMotion"},{"floor":12,"key":"Death Potion"},{"floor":18,"key":"Energy Potion"},{"floor":25,"key":"Dexterity Potion"},{"floor":35,"key":"blueLaboratory:FruitPreserves"},{"floor":41,"key":"Flashbang"},{"floor":48,"key":"blueLaboratory:FruitPreserves"}],"is_trial":false,"path_per_floor":["M","?","?","M","M","E","M","R","T","M","R","E","R","M","R","B",null,"M","$","?","?","?","E","T","M","T","E","M","$","R","M","R","B",null,"?","?","?","?","?","T","?","T","T","E","?","T","T","?","T","B",null],"character_chosen":"PRAEFECT","items_purchased":["hubris:CrystalStatue","rmod:chargemoney","rmod:salvage","rmod:mineteam","rmod:openingtorpedo","Whetstone","Happy Flower","rmod:saltedfish"],"campfire_rested":5,"item_purchase_floors":[19,19,19,29,29,46,46,46],"current_hp_per_floor":[75,75,75,75,75,17,13,35,35,34,56,52,74,57,57,43,75,74,74,74,58,58,58,58,59,59,64,71,71,71,71,71,37,75,66,71,71,63,53,75,51,51,51,49,51,51,73,73,73,73],"gold":104,"neow_bonus":"THREE_ENEMY_KILL","is_daily":false,"chose_seed":false,"campfire_upgraded":4,"win_rate":0.0,"timestamp":1611005976,"path_taken":["M","?","?","M","M","E","M","R","T","?","R","E","R","M","R","BOSS","M","$","?","?","?","E","?","?","T","E","M","$","R","M","R","BOSS","?","?","?","?","?","T","?","?","T","E","?","T","T","?","T","BOSS"],"items_purchased_type":["Relic","Card","Card","Card","Card","Relic","Relic","Card"],"build_version":"2020-12-22","purchased_purges":0,"victory":true,"max_hp_per_floor":[75,75,75,75,75,75,75,75,75,75,75,75,75,75,75,75,75,75,75,75,75,75,75,75,75,75,75,75,75,75,75,75,75,75,75,75,75,75,75,75,75,75,75,75,75,75,75,75,75,75],"relic_stats":{"Dream Catcher":1,"Happy Flower":[4],"counters":[25,129],"CeramicFish":369,"Bird Faced Urn":[114],"Tiny Chest":2,"Prayer Wheel":9,"Pen Nib":[6],"Bag of Preparation":[8],"Whetstone":["rmod:maingunfire","rmod:fletcherpendant"],"obtain_stats":[{"Gremlin Food":27,"hubris:CrystalStatue":19,"NeowsBlessing":0,"rmod:mogul":17,"Happy Flower":46,"CeramicFish":6,"Enchiridion":21,"Painkiller Herb":34,"Pen Nib":44,"Bag of Preparation":43,"Whetstone":46,"Pet Ghost":9,"hubris:Zylophone":23,"Dream Catcher":42,"Bird Faced Urn":24,"Tiny Chest":12,"Prayer Wheel":26,"rmod:firstchargereward":0},{"Gremlin Food":13,"hubris:CrystalStatue":10,"NeowsBlessing":0,"rmod:mogul":9,"Happy Flower":23,"CeramicFish":4,"Enchiridion":10,"Painkiller Herb":16,"Pen Nib":22,"Bag of Preparation":21,"Whetstone":23,"Pet Ghost":5,"hubris:Zylophone":11,"Dream Catcher":21,"Bird Faced Urn":11,"Tiny Chest":7,"Prayer Wheel":12,"rmod:firstchargereward":0},{"Gremlin Food":62,"hubris:CrystalStatue":46,"NeowsBlessing":0,"rmod:mogul":40,"Happy Flower":116,"CeramicFish":10,"Enchiridion":46,"Painkiller Herb":82,"Pen Nib":111,"Bag of Preparation":102,"Whetstone":116,"Pet Ghost":15,"hubris:Zylophone":50,"Dream Catcher":102,"Bird Faced Urn":50,"Tiny Chest":28,"Prayer Wheel":54,"rmod:firstchargereward":0}]},"card_choices":[{"not_picked":["rmod:fletcherpendant","rmod:generalist"],"picked":"rmod:aluminumsupply","floor":1},{"not_picked":["rmod:aluminumsupply","rmod:aviationdawn"],"picked":"rmod:overbreakdown","floor":4},{"not_picked":["rmod:fuelsupply","rmod:combined"],"picked":"rmod:lonelyqueen","floor":5},{"not_picked":["rmod:fuelsupply","rmod:u235"],"picked":"rmod:goodsister","floor":6},{"not_picked":["rmod:slowdown","rmod:fuelsupply"],"picked":"rmod:supportescort","floor":7},{"not_picked":["rmod:diamondstrike","rmod:salvage"],"picked":"rmod:expedition","floor":10},{"not_picked":["rmod:combined","rmod:unsinkable"],"picked":"rmod:wife","floor":12},{"not_picked":["rmod:capitalist","rmod:victimresponsibility"],"picked":"rmod:unsinkable","floor":14},{"not_picked":["rmod:saltedfish","rmod:acesubmarine"],"picked":"rmod:expeditionaryescort","floor":16},{"not_picked":["rmod:highspeedshooting+1","rmod:unsinkable"],"picked":"rmod:goodfighter","floor":18},{"not_picked":["rmod:unsinkable","rmod:ammunitionsupply+1"],"picked":"rmod:fuelsupply+1","floor":23},{"not_picked":["rmod:royalracing","rmod:overbreakdown"],"picked":"rmod:generalist+1","floor":25},{"not_picked":["rmod:saltedfish","rmod:highspeedshooting"],"picked":"rmod:luckystar","floor":27},{"not_picked":["rmod:combined+1","rmod:overbreakdown"],"picked":"rmod:ammunitionsupply+1","floor":28},{"not_picked":["rmod:luckystar","rmod:combined"],"picked":"rmod:bulid","floor":28},{"not_picked":["rmod:fuelsupply","rmod:unsinkable"],"picked":"rmod:aviationdawn","floor":31},{"not_picked":["rmod:highspeedshooting","rmod:fuelsupply"],"picked":"rmod:advancebysurprise","floor":31},{"not_picked":["rmod:ridicule","rmod:stealaluminum"],"picked":"rmod:windflower","floor":33},{"not_picked":["rmod:capitalist+1","rmod:circuitoustactics"],"picked":"rmod:openingtorpedo+1","floor":35},{"not_picked":["rmod:wolves+1","rmod:aluminumsupply"],"picked":"rmod:goodsister","floor":35},{"not_picked":["rmod:bulid+1","rmod:advancebysurprise+1"],"picked":"rmod:firesupport","floor":36},{"not_picked":["rmod:circuitoustactics","rmod:unsinkable"],"picked":"rmod:wife","floor":36},{"not_picked":["rmod:aviationdawn+1","rmod:luckystar+1"],"picked":"rmod:fletcherpendant","floor":38},{"not_picked":["rmod:intelligenceanalysis","rmod:diamondstrike"],"picked":"rmod:wasp+1","floor":38},{"not_picked":["rmod:victimresponsibility+1","rmod:ammunitionsupply+1"],"picked":"rmod:supportescort+1","floor":39},{"not_picked":["rmod:intelligenceanalysis","rmod:slowdown"],"picked":"rmod:smokecover+1","floor":39},{"not_picked":["rmod:unsinkable+1","rmod:u235"],"picked":"rmod:overbreakdown+1","floor":41},{"not_picked":["rmod:gendarmerie","rmod:tearstotiara","rmod:steelsupply+1"],"picked":"SKIP","floor":41},{"not_picked":["rmod:combined","rmod:sl"],"picked":"rmod:timeschanged","floor":44},{"not_picked":["rmod:salvage+1","rmod:diamondstrike+1"],"picked":"rmod:mineteam+1","floor":45},{"not_picked":["rmod:generalist","rmod:tearstotiara+1"],"picked":"rmod:luckystar+1","floor":45},{"not_picked":["rmod:aviationdawn+1","rmod:aluminumsupply+1"],"picked":"rmod:guardianhero+1","floor":47},{"not_picked":["rmod:steelsupply+1","rmod:tearstotiara+1"],"picked":"rmod:secretscript","floor":48},{"not_picked":["rmod:highspeedshooting","rmod:circuitoustactics+1"],"picked":"rmod:concentratefire","floor":48}],"player_experience":410011,"relics_obtained":[{"floor":6,"key":"CeramicFish"},{"floor":9,"key":"Pet Ghost"},{"floor":12,"key":"Tiny Chest"},{"floor":21,"key":"Enchiridion"},{"floor":23,"key":"hubris:Zylophone"},{"floor":24,"key":"Bird Faced Urn"},{"floor":26,"key":"Prayer Wheel"},{"floor":27,"key":"Gremlin Food"},{"floor":42,"key":"Dream Catcher"},{"floor":43,"key":"Bag of Preparation"},{"floor":44,"key":"Pen Nib"}],"event_choices":[{"cards_removed":["rmod:strick"],"damage_healed":0,"gold_gain":0,"player_choice":"Card Removal","damage_taken":0,"max_hp_gain":0,"max_hp_loss":0,"event_name":"The Cleric","floor":2,"gold_loss":50},{"cards_removed":["rmod:defend"],"damage_healed":0,"gold_gain":0,"player_choice":"Offered Basic","damage_taken":0,"max_hp_gain":0,"max_hp_loss":0,"event_name":"Bonfire Elementals","floor":3,"gold_loss":0},{"damage_healed":0,"gold_gain":0,"player_choice":"Obtained Book","damage_taken":16,"max_hp_gain":0,"max_hp_loss":0,"event_name":"Cursed Tome","floor":21,"gold_loss":0},{"damage_healed":0,"gold_gain":0,"cards_transformed":["rmod:strick"],"player_choice":"Transformed","damage_taken":0,"max_hp_gain":0,"max_hp_loss":0,"event_name":"Transmorgrifier","floor":22,"gold_loss":0,"cards_obtained":["rmod:garrisonisland"]},{"damage_healed":0,"gold_gain":0,"player_choice":"Forge","damage_taken":0,"max_hp_gain":0,"max_hp_loss":0,"event_name":"Accursed Blacksmith","floor":37,"gold_loss":0,"cards_upgraded":["rmod:expedition"]}],"is_beta":false,"boss_relics":[{"not_picked":["hubris:ScarierMask","Honey Jar"],"picked":"rmod:mogul"},{"not_picked":["Black Star","Replay:Bronze Core"],"picked":"Painkiller Herb"}],"items_purged_floors":[],"is_endless":false,"potions_floor_spawned":[6,7,12,14,18,25,35,41,48],"ascension_level":1}}