{"host":"3qkmyeoym75lj4wn","time":1611003486,"event":{"mods":["2.2 Compatiblity","BaseMod","Block Reminder","Colored Powertips","Highlight Path","Minty Spire (QoL Compilation)","Permanent Neow","Potion Indicator Mod","Rare Cards Sparkle","Relic Stats","StSLib","Unceasing Turn Reminder"],"gold_per_floor":[109,109,184,1,1,44,44,87,87,87,131,56,56,79,79,168,168,189,207,207,207,220,220,63,78,78,78,122,122,158,73,73,166,166,181,20,35,310,325,364,364,380,407,85,418,418,449,487,487,487,487,487],"floor_reached":51,"language":"ENG","playtime":2579,"items_purged":["Strike_P"],"score":1845,"play_id":"4a87ae72-6594-4dc8-b80a-ba1163aa6d2f","local_time":"20210118205806","is_ascension_mode":true,"campfire_choices":[{"data":"Eruption","floor":7,"key":"SMITH"},{"data":"WheelKick","floor":10,"key":"SMITH"},{"data":"Vigilance","floor":15,"key":"SMITH"},{"data":"LikeWater","floor":23,"key":"SMITH"},{"data":"Vault","floor":27,"key":"SMITH"},{"data":"Wallop","floor":29,"key":"SMITH"},{"data":"Vault","floor":32,"key":"SMITH"},{"floor":41,"key":"RECALL"},{"data":"Omniscience","floor":46,"key":"SMITH"},{"data":"InnerPeace","floor":49,"key":"SMITH"}],"circlet_count":0,"master_deck":["AscendersBane","Strike_P","Strike_P","Strike_P","Defend_P","Defend_P","Defend_P","Defend_P","Eruption+1","Vigilance+1","InnerPeace+1","EmptyFist+1","TalkToTheHand+1","WheelKick+1","CarveReality","CutThroughFate","FollowUp","FlurryOfBlows+1","Vault+1","CurseOfTheBell","LikeWater+1","Halt","Wallop+1","DevaForm","Vault+1","Omniscience+1","Adaptation","Halt+1","DeceiveReality+1","Vengeance+1","ForeignInfluence"],"relics":["PureWater","Golden Idol","Mummified Hand","Pen Nib","StoneCalendar","MealTicket","Calling Bell","Anchor","StrikeDummy","Bird Faced Urn","MutagenicStrength","Oddly Smooth Stone","TeardropLocket","Dead Branch","Dream Catcher","Omamori","Philosopher\u0027s Stone","Bag of Marbles","Happy Flower","Medical Kit","Lantern","Old Coin","FossilizedHelix","Whetstone"],"acts_visited":["Exordium","TheCity","TheBeyond"],"potions_floor_usage":[6,13,16,19,30,33,35,39,40,51,51],"damage_taken":[{"damage":9,"enemies":"Small Slimes","floor":1,"turns":3},{"damage":0,"enemies":"Gremlin Nob","floor":6,"turns":2},{"damage":2,"enemies":"Lagavulin","floor":8,"turns":7},{"damage":17,"enemies":"3 Sentries","floor":11,"turns":7},{"damage":0,"enemies":"2 Louse","floor":14,"turns":2},{"damage":0,"enemies":"Slime Boss","floor":16,"turns":3},{"damage":1,"enemies":"Spheric Guardian","floor":18,"turns":4},{"damage":3,"enemies":"3 Byrds","floor":19,"turns":4},{"damage":5,"enemies":"Snecko","floor":22,"turns":5},{"damage":0,"enemies":"Sentry and Sphere","floor":25,"turns":2},{"damage":0,"enemies":"Gremlin Leader","floor":28,"turns":4},{"damage":18,"enemies":"Slavers","floor":30,"turns":4},{"damage":20,"enemies":"Collector","floor":33,"turns":10},{"damage":0,"enemies":"3 Shapes","floor":35,"turns":6},{"damage":0,"enemies":"Orb Walker","floor":37,"turns":1},{"damage":0,"enemies":"Maw","floor":39,"turns":7},{"damage":0,"enemies":"Reptomancer","floor":40,"turns":7},{"damage":0,"enemies":"3 Darklings","floor":42,"turns":5},{"damage":0,"enemies":"Nemesis","floor":45,"turns":7},{"damage":7,"enemies":"Mind Bloom Boss Battle","floor":47,"turns":7},{"damage":0,"enemies":"Giant Head","floor":48,"turns":5},{"damage":64,"enemies":"Donu and Deca","floor":50,"turns":8},{"damage":26,"enemies":"Time Eater","floor":51,"turns":5}],"seed_played":"-2128264458800612884","potions_obtained":[{"floor":8,"key":"BlessingOfTheForge"},{"floor":11,"key":"DuplicationPotion"},{"floor":13,"key":"Fruit Juice"},{"floor":13,"key":"Fruit Juice"},{"floor":16,"key":"BlessingOfTheForge"},{"floor":22,"key":"Block Potion"},{"floor":30,"key":"Swift Potion"},{"floor":33,"key":"Block Potion"},{"floor":35,"key":"SneckoOil"},{"floor":37,"key":"StancePotion"},{"floor":40,"key":"BlessingOfTheForge"},{"floor":42,"key":"LiquidBronze"}],"is_trial":false,"path_per_floor":["M","?","?","$","?","E","R","E","T","R","E","$","?","M","R","B",null,"M","M","?","?","M","R","$","M","T","R","E","R","E","?","R","B",null,"M","$","M","?","M","E","R","M","T","$","E","R","?","E","R","B","B"],"character_chosen":"WATCHER","items_purchased":["TalkToTheHand","WheelKick","AttackPotion","Oddly Smooth Stone","Bag of Marbles","Medical Kit","Lantern"],"campfire_rested":0,"item_purchase_floors":[4,4,4,24,36,44,44],"current_hp_per_floor":[52,52,41,41,41,41,41,39,39,39,22,37,42,42,42,47,66,65,64,64,64,61,61,72,72,72,72,72,72,56,56,56,42,65,72,72,72,72,72,72,72,72,72,72,72,72,65,72,72,12,0,0],"gold":487,"neow_bonus":"THREE_CARDS","is_daily":false,"chose_seed":false,"campfire_upgraded":9,"win_rate":0.0,"timestamp":1611003486,"path_taken":["M","?","?","$","?","E","R","E","T","R","E","?","?","M","R","BOSS","M","M","?","?","M","R","$","M","T","R","E","R","E","?","R","BOSS","M","$","M","?","M","E","R","?","T","$","E","R","?","E","R","BOSS","BOSS"],"items_purchased_type":["Card","Card","Potion","Relic","Relic","Relic","Relic"],"build_version":"2020-12-22","purchased_purges":1,"victory":false,"max_hp_per_floor":[68,62,62,62,62,62,62,62,62,62,62,62,67,67,67,72,72,72,72,72,72,72,72,72,72,72,72,72,72,72,72,72,72,72,72,72,72,72,72,72,72,72,72,72,72,72,72,72,72,72,72,72],"relic_stats":{"Happy Flower":[12],"counters":[23,115],"Golden Idol":159,"Dead Branch":[117],"StoneCalendar":[228],"Pen Nib":[27],"Whetstone":["FlurryOfBlows","EmptyFist"],"Medical Kit":[11],"Dream Catcher":0,"Mummified Hand":[59],"Bird Faced Urn":[36],"MealTicket":26,"obtain_stats":[{"Lantern":44,"Happy Flower":40,"Golden Idol":2,"Dead Branch":28,"Oddly Smooth Stone":24,"StoneCalendar":9,"Pen Nib":8,"Omamori":31,"TeardropLocket":26,"Whetstone":48,"Medical Kit":44,"Old Coin":45,"Calling Bell":17,"Anchor":17,"Dream Catcher":30,"Mummified Hand":6,"Bird Faced Urn":17,"MutagenicStrength":21,"MealTicket":11,"Philosopher\u0027s Stone":34,"Bag of Marbles":36,"PureWater":0,"StrikeDummy":17,"FossilizedHelix":47},{"Lantern":18,"Happy Flower":17,"Golden Idol":1,"Dead Branch":11,"Oddly Smooth Stone":9,"StoneCalendar":3,"Pen Nib":3,"Omamori":12,"TeardropLocket":10,"Whetstone":21,"Medical Kit":18,"Old Coin":19,"Calling Bell":6,"Anchor":6,"Dream Catcher":12,"Mummified Hand":2,"Bird Faced Urn":6,"MutagenicStrength":8,"MealTicket":4,"Philosopher\u0027s Stone":13,"Bag of Marbles":14,"PureWater":0,"StrikeDummy":6,"FossilizedHelix":20},{"Lantern":83,"Happy Flower":78,"Golden Idol":3,"Dead Branch":43,"Oddly Smooth Stone":37,"StoneCalendar":12,"Pen Nib":12,"Omamori":47,"TeardropLocket":39,"Whetstone":102,"Medical Kit":83,"Old Coin":90,"Calling Bell":24,"Anchor":24,"Dream Catcher":47,"Mummified Hand":5,"Bird Faced Urn":24,"MutagenicStrength":32,"MealTicket":19,"Philosopher\u0027s Stone":57,"Bag of Marbles":63,"PureWater":0,"StrikeDummy":24,"FossilizedHelix":97}]},"card_choices":[{"not_picked":["Crescendo","WindmillStrike"],"picked":"InnerPeace","floor":0},{"not_picked":["FlyingSleeves","Halt"],"picked":"EmptyFist","floor":1},{"not_picked":["SignatureMove","ClearTheMind"],"picked":"CarveReality","floor":6},{"not_picked":["MentalFortress","WreathOfFlame"],"picked":"CutThroughFate","floor":8},{"not_picked":["Blasphemy","Crescendo"],"picked":"FollowUp","floor":11},{"not_picked":["Evaluate","Prostrate"],"picked":"FlurryOfBlows","floor":14},{"not_picked":["Omniscience","Blasphemy"],"picked":"Vault","floor":16},{"not_picked":["EmptyMind","Crescendo"],"picked":"LikeWater","floor":18},{"not_picked":["FlurryOfBlows","Collect"],"picked":"Halt","floor":19},{"not_picked":["JustLucky","Pray","ThirdEye"],"picked":"SKIP","floor":22},{"not_picked":["Blasphemy","WreathOfFlame"],"picked":"Wallop","floor":25},{"not_picked":["CrushJoints","Wallop"],"picked":"DevaForm","floor":28},{"not_picked":["EmptyBody+1","FollowUp"],"picked":"Vault","floor":30},{"not_picked":["Blasphemy","Alpha"],"picked":"Omniscience","floor":33},{"not_picked":["SandsOfTime","Perseverance+1"],"picked":"Adaptation","floor":35},{"not_picked":["ClearTheMind","EmptyBody"],"picked":"Halt+1","floor":37},{"not_picked":["SashWhip","CrushJoints"],"picked":"DeceiveReality+1","floor":39},{"not_picked":["Crescendo","FearNoEvil"],"picked":"Vengeance+1","floor":40},{"not_picked":["EmptyMind+1","SashWhip+1","InnerPeace+1"],"picked":"SKIP","floor":42},{"not_picked":["Nirvana","Worship","FollowUp"],"picked":"SKIP","floor":45},{"not_picked":["Protect","EmptyBody"],"picked":"ForeignInfluence","floor":47},{"not_picked":["Sanctity","Meditate+1","CrushJoints"],"picked":"SKIP","floor":48}],"player_experience":1689326,"relics_obtained":[{"floor":6,"key":"Mummified Hand"},{"floor":8,"key":"Pen Nib"},{"floor":9,"key":"StoneCalendar"},{"floor":11,"key":"MealTicket"},{"floor":17,"key":"Anchor"},{"floor":17,"key":"StrikeDummy"},{"floor":17,"key":"Bird Faced Urn"},{"floor":26,"key":"TeardropLocket"},{"floor":28,"key":"Dead Branch"},{"floor":30,"key":"Dream Catcher"},{"floor":40,"key":"Happy Flower"},{"floor":45,"key":"Old Coin"},{"floor":47,"key":"FossilizedHelix"},{"floor":48,"key":"Whetstone"}],"event_choices":[{"damage_healed":0,"gold_gain":0,"player_choice":"Lose Max HP","damage_taken":0,"relics_obtained":["Golden Idol"],"max_hp_gain":0,"max_hp_loss":6,"event_name":"Golden Idol","floor":2,"gold_loss":0},{"damage_healed":0,"gold_gain":75,"player_choice":"Gather Gold","damage_taken":11,"max_hp_gain":0,"max_hp_loss":0,"event_name":"World of Goop","floor":3,"gold_loss":0},{"damage_healed":0,"gold_gain":0,"player_choice":"Grow","damage_taken":0,"max_hp_gain":0,"max_hp_loss":0,"event_name":"Living Wall","floor":5,"gold_loss":0,"cards_upgraded":["TalkToTheHand"]},{"damage_healed":0,"gold_gain":0,"player_choice":"Got Potions","damage_taken":0,"max_hp_gain":0,"max_hp_loss":0,"event_name":"Lab","floor":13,"gold_loss":0},{"damage_healed":0,"gold_gain":0,"player_choice":"Ignored","damage_taken":0,"max_hp_gain":0,"max_hp_loss":0,"event_name":"The Mausoleum","floor":20,"gold_loss":0},{"damage_healed":0,"gold_gain":0,"player_choice":"Inject Mutagens","damage_taken":0,"relics_obtained":["MutagenicStrength"],"max_hp_gain":0,"max_hp_loss":0,"event_name":"Drug Dealer","floor":21,"gold_loss":0},{"damage_healed":0,"gold_gain":0,"player_choice":"Obtained Relic","damage_taken":0,"relics_obtained":["Omamori"],"max_hp_gain":0,"max_hp_loss":0,"event_name":"Addict","floor":31,"gold_loss":85},{"damage_healed":0,"gold_gain":275,"player_choice":"Desecrate","damage_taken":0,"max_hp_gain":0,"max_hp_loss":0,"event_name":"Golden Shrine","floor":38,"gold_loss":0,"cards_obtained":["Regret"]},{"damage_healed":0,"gold_gain":0,"player_choice":"Fight","damage_taken":0,"max_hp_gain":0,"max_hp_loss":0,"event_name":"MindBloom","floor":47,"gold_loss":0}],"is_beta":false,"boss_relics":[{"not_picked":["Coffee Dripper","Ectoplasm"],"picked":"Calling Bell"},{"not_picked":["Runic Pyramid","Sozu"],"picked":"Philosopher\u0027s Stone"}],"items_purged_floors":[12],"is_endless":false,"potions_floor_spawned":[8,11,16,18,22,30,33,35,37,40,42],"killed_by":"Time Eater","ascension_level":20}}