{"host":"qbnk2vkaq38efxaz","time":1611011116,"event":{"mods":["BaseMod","Minty Spire (QoL Compilation)","Relic Stats"],"gold_per_floor":[111,131,143,163,176,176,208,208,208,238,248,248,248],"floor_reached":12,"language":"ENG","playtime":1043,"items_purged":[],"score":106,"play_id":"8aba761a-8098-4f15-a304-fd514f9eb07e","local_time":"20210118150516","is_ascension_mode":true,"campfire_choices":[{"data":"Bash","floor":6,"key":"SMITH"},{"data":"True Grit","floor":8,"key":"SMITH"}],"circlet_count":0,"master_deck":["Strike_R","Strike_R","Strike_R","Strike_R","Strike_R","Defend_R","Defend_R","Defend_R","Defend_R","Bash+1","True Grit+1","Feel No Pain","Shockwave","Sever Soul","Sentinel","Feel No Pain","Wild Strike"],"relics":["Burning Blood","Bag of Preparation","Strawberry","Unceasing Top","Gambling Chip"],"acts_visited":["Exordium"],"potions_floor_usage":[7,10],"damage_taken":[{"damage":1,"enemies":"Cultist","floor":1,"turns":3},{"damage":1,"enemies":"2 Louse","floor":2,"turns":3},{"damage":0,"enemies":"Small Slimes","floor":3,"turns":3},{"damage":12,"enemies":"Red Slaver","floor":4,"turns":4},{"damage":30,"enemies":"Large Slime","floor":5,"turns":11},{"damage":19,"enemies":"3 Sentries","floor":7,"turns":7},{"damage":10,"enemies":"Gremlin Nob","floor":10,"turns":3},{"damage":36,"enemies":"Lots of Slimes","floor":11,"turns":8},{"damage":13,"enemies":"Lagavulin","floor":12,"turns":6}],"seed_played":"-1709020898848978289","potions_obtained":[{"floor":1,"key":"Ancient Potion"},{"floor":4,"key":"PowerPotion"},{"floor":7,"key":"DistilledChaos"},{"floor":10,"key":"SteroidPotion"}],"is_trial":false,"path_per_floor":["M","M","M","M","M","R","E","R","T","E","M","E"],"character_chosen":"IRONCLAD","items_purchased":[],"campfire_rested":0,"item_purchase_floors":[],"current_hp_per_floor":[80,80,80,74,50,50,44,44,44,40,10,0,0],"gold":248,"neow_bonus":"RANDOM_COMMON_RELIC","is_daily":false,"chose_seed":false,"campfire_upgraded":2,"win_rate":0.0,"timestamp":1611011116,"path_taken":["M","M","M","M","M","R","E","R","T","E","M","E"],"items_purchased_type":[],"build_version":"2020-12-22","purchased_purges":0,"victory":false,"max_hp_per_floor":[80,80,80,80,80,80,87,87,87,87,87,87,87],"relic_stats":{"counters":[9,48],"Gambling Chip":[11],"Bag of Preparation":[18],"obtain_stats":[{"Strawberry":7,"Gambling Chip":10,"Bag of Preparation":0,"Burning Blood":0,"Unceasing Top":9},{"Strawberry":6,"Gambling Chip":7,"Bag of Preparation":0,"Burning Blood":0,"Unceasing Top":6},{"Strawberry":31,"Gambling Chip":34,"Bag of Preparation":0,"Burning Blood":0,"Unceasing Top":31}],"Burning Blood":32,"Unceasing Top":[0]},"card_choices":[{"not_picked":["Body Slam","Bloodletting"],"picked":"True Grit","floor":1},{"not_picked":["Sever Soul","Clash"],"picked":"Feel No Pain","floor":2},{"not_picked":["Anger","Warcry"],"picked":"Shockwave","floor":3},{"not_picked":["Bloodletting","Sword Boomerang","Anger"],"picked":"SKIP","floor":4},{"not_picked":["Dual Wield","Twin Strike"],"picked":"Sever Soul","floor":5},{"not_picked":["Anger","Wild Strike"],"picked":"Sentinel","floor":7},{"not_picked":["Body Slam","Searing Blow"],"picked":"Feel No Pain","floor":10},{"not_picked":["Twin Strike","Armaments"],"picked":"Wild Strike","floor":11}],"player_experience":128707,"relics_obtained":[{"floor":7,"key":"Strawberry"},{"floor":9,"key":"Unceasing Top"},{"floor":10,"key":"Gambling Chip"}],"event_choices":[],"is_beta":false,"boss_relics":[],"items_purged_floors":[],"is_endless":false,"potions_floor_spawned":[1,4,7,10],"killed_by":"Lagavulin","ascension_level":3}}