{"host":"k2mw1od0xoi9pcfj","time":1611011689,"event":{"mods":["Act Like it!","Aspiration","BaseMod","Downfall","Energized Spire","Highlight Path","Minty Spire (QoL Compilation)","Relic Stats","Retaliation","StSLib","TheHeartMod"],"gold_per_floor":[161,174,174,184,197,225,225,259,259,259,259,276,451,25,25,128,128,146,146,163,175,186,186],"floor_reached":22,"language":"ENG","playtime":1224,"items_purged":["Pain"],"score":208,"play_id":"60524be1-f3cb-4328-a2ae-26a399bcc22d","local_time":"20210118171449","is_ascension_mode":true,"campfire_choices":[{"data":"Tools of the Trade","floor":7,"key":"SMITH"},{"data":"Accuracy","floor":10,"key":"SMITH"},{"floor":15,"key":"RECALL"}],"circlet_count":0,"master_deck":["Strike_G","Strike_G","Strike_G","Strike_G","Strike_G","Defend_G","Defend_G","Defend_G","Defend_G","Defend_G+1","Survivor","Neutralize","Flying Knee+1","Flying Knee","Accuracy+1","Tools of the Trade+1","Backflip","Blade Dance+1","Blade Dance","Doubt","Sadistic Nature","Night Terror","Infinite Blades","Infinite Blades","Blade Dance","Cloak And Dagger","All Out Attack","downfall:Bewildered"],"relics":["Tiny House","WarpedTongs","Thread and Needle","MealTicket","Membership Card","Du-Vu Doll","energizedSpire:CursedPentagram"],"acts_visited":["Exordium","TheCity"],"potions_floor_usage":[6,16,22],"damage_taken":[{"damage":0,"enemies":"Cultist","floor":1,"turns":3},{"damage":0,"enemies":"2 Louse","floor":2,"turns":2},{"damage":11,"enemies":"Small Slimes","floor":4,"turns":4},{"damage":16,"enemies":"3 Louse","floor":5,"turns":3},{"damage":15,"enemies":"Gremlin Nob","floor":6,"turns":5},{"damage":4,"enemies":"3 Sentries","floor":8,"turns":9},{"damage":1,"enemies":"2 Fungi Beasts","floor":12,"turns":3},{"damage":2,"enemies":"Hexaghost","floor":16,"turns":8},{"damage":0,"enemies":"2 Thieves","floor":18,"turns":2},{"damage":1,"enemies":"Spheric Guardian","floor":20,"turns":3},{"damage":24,"enemies":"Snake Plant","floor":21,"turns":5},{"damage":12,"enemies":"Cultist and Chosen","floor":22,"turns":5}],"seed_played":"8171404957333210007","potions_obtained":[{"floor":0,"key":"LiquidBronze"},{"floor":4,"key":"Strength Potion"},{"floor":8,"key":"LiquidMemories"},{"floor":12,"key":"Swift Potion"},{"floor":20,"key":"SkillPotion"}],"is_trial":false,"path_per_floor":["M","M","?","M","M","E","R","E","T","R","?","M","?","$","R","B",null,"M","?","M","M","M"],"character_chosen":"THE_SILENT","items_purchased":["Membership Card","Du-Vu Doll","Sadistic Nature"],"campfire_rested":0,"item_purchase_floors":[14,14,14],"current_hp_per_floor":[75,75,75,64,48,33,33,29,29,29,14,13,13,28,28,26,75,75,75,74,50,38,38],"gold":186,"neow_bonus":"BOSS_RELIC","is_daily":false,"chose_seed":false,"campfire_upgraded":2,"win_rate":0.0,"timestamp":1611011689,"path_taken":["M","?","?","M","?","E","R","E","T","R","?","M","?","$","R","BOSS","M","?","M","M","M"],"items_purchased_type":["Relic","Relic","Card"],"build_version":"2020-12-22","purchased_purges":1,"victory":false,"max_hp_per_floor":[75,75,75,75,75,75,75,75,75,75,75,75,75,75,75,75,75,75,75,75,75,75,75],"relic_stats":{"counters":[12,52],"MealTicket":15,"obtain_stats":[{"Du-Vu Doll":14,"Tiny House":0,"energizedSpire:CursedPentagram":17,"Thread and Needle":6,"MealTicket":8,"Membership Card":14,"Ring of the Snake":0,"WarpedTongs":3},{"Du-Vu Doll":7,"Tiny House":0,"energizedSpire:CursedPentagram":8,"Thread and Needle":5,"MealTicket":6,"Membership Card":7,"Ring of the Snake":0,"WarpedTongs":2},{"Du-Vu Doll":29,"Tiny House":0,"energizedSpire:CursedPentagram":37,"Thread and Needle":17,"MealTicket":26,"Membership Card":29,"Ring of the Snake":0,"WarpedTongs":5}],"WarpedTongs":[46]},"card_choices":[{"not_picked":["PiercingWail","Heel Hook"],"picked":"Flying Knee","floor":0},{"not_picked":["Predator","Underhanded Strike"],"picked":"Flying Knee","floor":1},{"not_picked":["Deadly Poison","Slice","Leg Sweep"],"picked":"SKIP","floor":2},{"not_picked":["Dodge and Roll","Underhanded Strike"],"picked":"Accuracy","floor":4},{"not_picked":["Blade Dance","Bane"],"picked":"Tools of the Trade","floor":5},{"not_picked":["Endless Agony","Slice"],"picked":"Backflip","floor":6},{"not_picked":["Dagger Spray","Riddle With Holes"],"picked":"Blade Dance","floor":8},{"not_picked":["Acrobatics","Reflex"],"picked":"Blade Dance","floor":12},{"not_picked":["Adrenaline","Die Die Die"],"picked":"Night Terror","floor":16},{"not_picked":["Dagger Spray+1","Dash"],"picked":"Infinite Blades","floor":18},{"not_picked":["Deflect+1","Dagger Spray"],"picked":"Blade Dance","floor":20},{"not_picked":["Acrobatics","Flying Knee"],"picked":"Cloak And Dagger","floor":21},{"not_picked":["Slice","Crippling Poison"],"picked":"All Out Attack","floor":22}],"player_experience":648342,"relics_obtained":[{"floor":6,"key":"Thread and Needle"},{"floor":8,"key":"MealTicket"}],"event_choices":[{"damage_healed":0,"gold_gain":0,"player_choice":"Rummage","damage_taken":0,"relics_obtained":["WarpedTongs"],"max_hp_gain":0,"max_hp_loss":0,"event_name":"Accursed Blacksmith","floor":3,"gold_loss":0,"cards_obtained":["Pain"]},{"damage_healed":0,"gold_gain":0,"player_choice":"Entered Light","damage_taken":15,"max_hp_gain":0,"max_hp_loss":0,"event_name":"Shining Light","floor":11,"gold_loss":0,"cards_upgraded":["Blade Dance","Flying Knee"]},{"damage_healed":0,"gold_gain":175,"player_choice":"AGREE","damage_taken":0,"max_hp_gain":0,"max_hp_loss":0,"event_name":"Liars Game","floor":13,"gold_loss":0,"cards_obtained":["Doubt"]},{"damage_healed":0,"gold_gain":0,"player_choice":"Copied","damage_taken":0,"max_hp_gain":0,"max_hp_loss":0,"event_name":"Duplicator","floor":19,"gold_loss":0,"cards_obtained":["Infinite Blades"]}],"is_beta":false,"boss_relics":[{"not_picked":["Empty Cage","energizedSpire:DeadBattery"],"picked":"energizedSpire:CursedPentagram"}],"items_purged_floors":[14],"is_endless":false,"potions_floor_spawned":[4,8,12,20,21],"killed_by":"Cultist and Chosen","ascension_level":1}}