{"host":"wj6vwlg8bkoql3lv","time":1611002802,"event":{"mods":["BaseMod","Colored Map","Downfall","Hermit","Jorbs\u0027s Wanderer Trilogy","Marisa????????","Minty Spire (QoL Compilation)","StSLib","The Bug Knight","The Cursed","The Disciple","The Hierophant","The Marked","The Runesmith","The Senshi","The Servant 0.9.4"],"gold_per_floor":[109,109,123,136,166,192,192,218,218,228,228,239,239,61,61,174,174,189,216,226,226,226,266,283,283,310,225,225,245,245,245,245,245,245],"floor_reached":33,"language":"ENG","playtime":3972,"items_purged":[],"score":294,"play_id":"d90e86a8-5e59-4f78-aadc-35abf38cc9e5","local_time":"20210118204642","is_ascension_mode":false,"campfire_choices":[{"data":"SecondHand","floor":7,"key":"SMITH"},{"floor":11,"key":"REST"},{"floor":15,"key":"REST"},{"floor":25,"key":"REST"},{"floor":28,"key":"REST"},{"data":"LockedScales","floor":30,"key":"SMITH"},{"floor":32,"key":"REST"}],"circlet_count":0,"master_deck":["Defend_Br","Defend_Br","Defend_Br","Defend_Br","SecondHand+1","Allegro","LockedScales+1","LockedMawBank","Analog","WindUp","ShortSighted","Echoward","LockedScales","Analog","ReapSow","Fragmentalize","FormalWear+1","Allegro","LockedMedicine","LockedAnchor","Bite","Bite","Bite","Bite","Bite","ReapSow","Lento"],"relics":["Chronometer","Mercury Hourglass","Lantern","Velvet Choker","Tiny Chest","Boot","theSenshi:FeatherClipsRelic","Vajra"],"acts_visited":["Exordium","TheCity"],"potions_floor_usage":[6,16,16,33],"damage_taken":[{"damage":0,"enemies":"2 Louse","floor":1,"turns":3},{"damage":5,"enemies":"Cultist","floor":3,"turns":4},{"damage":0,"enemies":"Small Slimes","floor":4,"turns":4},{"damage":11,"enemies":"2 Fungi Beasts","floor":5,"turns":5},{"damage":24,"enemies":"Lagavulin","floor":6,"turns":8},{"damage":8,"enemies":"Large Slime","floor":8,"turns":4},{"damage":9,"enemies":"3 Louse","floor":10,"turns":3},{"damage":8,"enemies":"2 Fungi Beasts","floor":12,"turns":3},{"damage":54,"enemies":"The Guardian","floor":16,"turns":12},{"damage":13,"enemies":"Shell Parasite","floor":18,"turns":4},{"damage":10,"enemies":"Chosen","floor":19,"turns":4},{"damage":7,"enemies":"Centurion and Healer","floor":20,"turns":2},{"damage":20,"enemies":"Gremlin Leader","floor":23,"turns":7},{"damage":27,"enemies":"Cultist and Chosen","floor":24,"turns":5},{"damage":32,"enemies":"Snake Plant","floor":29,"turns":3},{"damage":99,"enemies":"Automaton","floor":33,"turns":10}],"seed_played":"-8495173223500317580","potions_obtained":[{"floor":1,"key":"WardPotion"},{"floor":5,"key":"BlessingOfTheForge"},{"floor":12,"key":"champ:CounterPotion"},{"floor":16,"key":"FairyPotion"},{"floor":18,"key":"HastePotion"}],"is_trial":false,"path_per_floor":["M","?","M","M","M","E","R","M","T","M","R","M","?","$","R","B",null,"M","M","M","?","?","E","M","R","T","?","R","M","R","?","R","B"],"character_chosen":"CHRONO_CLASS","items_purchased":["LockedScales","Analog","ReapSow"],"campfire_rested":5,"item_purchase_floors":[14,14,14],"current_hp_per_floor":[71,71,66,66,55,31,31,23,23,20,41,39,39,39,60,12,71,58,48,41,41,41,35,14,28,28,28,42,20,20,20,34,0,0],"gold":245,"neow_bonus":"TEN_PERCENT_HP_BONUS","is_daily":false,"chose_seed":false,"campfire_upgraded":2,"win_rate":0.0,"timestamp":1611002802,"path_taken":["M","?","M","M","M","E","R","M","T","M","R","?","?","$","R","BOSS","M","M","M","?","?","E","M","R","T","?","R","M","R","?","R","BOSS"],"items_purchased_type":["Card","Card","Card"],"build_version":"2020-12-22","purchased_purges":0,"victory":false,"max_hp_per_floor":[71,71,71,71,71,71,71,71,71,71,71,71,71,71,71,71,71,71,71,71,71,49,49,49,49,49,49,49,49,49,49,49,49,49],"card_choices":[{"not_picked":["LockedMawBank","Engulf"],"picked":"Tempo","floor":1},{"not_picked":["Backlash","CrunchTime"],"picked":"LockedScales","floor":3},{"not_picked":["Engulf","Tempo"],"picked":"LockedMawBank","floor":4},{"not_picked":["BiteCommand","Stagnate"],"picked":"Analog","floor":5},{"not_picked":["LockedTurtyl","ExoVibe"],"picked":"WindUp","floor":6},{"not_picked":["BackFourSeconds","LockedWarPaint"],"picked":"ShortSighted","floor":8},{"not_picked":["BlueShift","BeatsPerMinute"],"picked":"Echoward","floor":10},{"not_picked":["Engulf","ReapSow"],"picked":"Tempo","floor":12},{"not_picked":["OldTimer","Echonomics"],"picked":"Fragmentalize","floor":16},{"not_picked":["CrunchTime","LockedScales"],"picked":"FormalWear+1","floor":18},{"not_picked":["Analog+1","TiringSlam"],"picked":"LockedMedicine","floor":19},{"not_picked":["Tempo","PrimeTime+1"],"picked":"LockedAnchor","floor":20},{"not_picked":["WakeUpCall+1","LockedMedicine"],"picked":"ReapSow","floor":23},{"not_picked":["Engulf","HandsUpC"],"picked":"Tempo","floor":24},{"not_picked":["Stagnate","HandsUpC","LockedMedicine+1"],"picked":"SKIP","floor":29}],"player_experience":64857,"relics_obtained":[{"floor":6,"key":"Mercury Hourglass"},{"floor":9,"key":"Lantern"},{"floor":23,"key":"Tiny Chest"},{"floor":26,"key":"Boot"}],"event_choices":[{"cards_removed":["PatternShift"],"damage_healed":0,"gold_gain":0,"player_choice":"Offered Basic","damage_taken":0,"max_hp_gain":0,"max_hp_loss":0,"event_name":"Bonfire Elementals","floor":2,"gold_loss":0},{"damage_healed":0,"gold_gain":0,"player_choice":"Ignored","damage_taken":0,"max_hp_gain":0,"max_hp_loss":0,"event_name":"Liars Game","floor":13,"gold_loss":0},{"damage_healed":0,"gold_gain":0,"player_choice":"Became a vampire","damage_taken":0,"max_hp_gain":0,"max_hp_loss":22,"event_name":"Vampires","floor":22,"gold_loss":0,"cards_obtained":["Bite","Bite","Bite","Bite","Bite"]},{"damage_healed":0,"gold_gain":0,"player_choice":"Obtained Relic","damage_taken":0,"relics_obtained":["theSenshi:FeatherClipsRelic"],"max_hp_gain":0,"max_hp_loss":0,"event_name":"Addict","floor":27,"gold_loss":85},{"damage_healed":0,"gold_gain":0,"player_choice":"Opened","damage_taken":0,"relics_obtained":["Vajra"],"max_hp_gain":0,"max_hp_loss":0,"event_name":"The Mausoleum","floor":31,"gold_loss":0}],"is_beta":false,"boss_relics":[{"not_picked":["Sozu","Philosopher\u0027s Stone"],"picked":"Velvet Choker"}],"items_purged_floors":[],"is_endless":false,"potions_floor_spawned":[1,5,12,16,18],"killed_by":"Automaton","ascension_level":0}}