{"host":"rzpi613efy9j52u4","time":1611013835,"event":{"mods":["Aspiration","BaseMod","Colored Powertips","Downfall","Marisa????????","Minty Spire (QoL Compilation)","Rare Cards Sparkle","StSLib"],"gold_per_floor":[99,117,136,136,154,154,231,681,691,701,701,721,721,721],"floor_reached":13,"language":"ENG","playtime":1096,"items_purged":[],"score":77,"play_id":"809067f1-6250-41e4-8be0-bf94531aea0c","local_time":"20210118185035","is_ascension_mode":false,"campfire_choices":[{"floor":6,"key":"REST"}],"circlet_count":0,"master_deck":["sneckomod:Strike","sneckomod:Strike","sneckomod:Defend","sneckomod:Defend","sneckomod:Defend","sneckomod:TailWhip","sneckomod:SnekBite","sneckomod:Unknown","Distraction","sneckomod:UnknownDraw","sneckomod:UnknownDraw","sneckomod:Unknown1Cost","downfall:Icky","downfall:Icky","downfall:Icky","sneckomod:QuickBite","sneckomod:UnknownCommonSkill","sneckomod:UnknownBlock"],"relics":["sneckomod:SneckoSoul","sneckomod:ConfusingCodex"],"acts_visited":["Exordium"],"potions_floor_usage":[3,13,13,13],"damage_taken":[{"damage":7,"enemies":"2 Louse","floor":2,"turns":3},{"damage":79,"enemies":"Jaw Worm","floor":3,"turns":12},{"damage":3,"enemies":"Cultist","floor":5,"turns":3},{"damage":20,"enemies":"Large Slime","floor":9,"turns":6},{"damage":7,"enemies":"2 Fungi Beasts","floor":10,"turns":5},{"damage":1,"enemies":"Blue Slaver","floor":12,"turns":2},{"damage":13,"enemies":"3 Sentries","floor":13,"turns":4}],"seed_played":"5608791308173931979","potions_obtained":[{"floor":2,"key":"GamblersBrew"},{"floor":3,"key":"Dexterity Potion"},{"floor":5,"key":"hexamod:SoulburnPotion"},{"floor":9,"key":"sneckomod:CheatPotion"}],"is_trial":false,"path_per_floor":["R","M","M","?","M","R","T","?","M","M","?","M","E"],"character_chosen":"THE_SNECKO","items_purchased":[],"campfire_rested":1,"item_purchase_floors":[],"current_hp_per_floor":[99,92,13,13,10,39,39,39,19,12,12,11,0,0],"gold":721,"neow_bonus":"TEN_PERCENT_HP_BONUS","is_daily":false,"chose_seed":false,"campfire_upgraded":0,"win_rate":0.0,"timestamp":1611013835,"path_taken":["R","M","M","?","M","R","T","?","?","M","?","?","E"],"items_purchased_type":[],"build_version":"2020-12-13","purchased_purges":0,"victory":false,"max_hp_per_floor":[99,99,99,99,99,99,99,99,99,99,99,99,99,99],"card_choices":[{"not_picked":["sneckomod:DiceBlock","sneckomod:IronFang"],"picked":"sneckomod:UnknownDraw","floor":2},{"not_picked":["sneckomod:Unknown1Cost","sneckomod:DiceBlock"],"picked":"sneckomod:UnknownDraw","floor":3},{"not_picked":["sneckomod:SoulRoll","sneckomod:SoulExchange"],"picked":"sneckomod:Unknown1Cost","floor":5},{"not_picked":["sneckomod:TrashToTreasure","sneckomod:SoulDraw"],"picked":"sneckomod:QuickBite","floor":9},{"not_picked":["sneckomod:QuickBite","sneckomod:Unknown1Cost"],"picked":"sneckomod:UnknownCommonSkill","floor":10},{"not_picked":["sneckomod:DefensiveFlair","sneckomod:DiceBlock"],"picked":"sneckomod:UnknownBlock","floor":12}],"player_experience":34568,"relics_obtained":[{"floor":7,"key":"sneckomod:ConfusingCodex"}],"event_choices":[{"cards_removed":["sneckomod:Strike"],"damage_healed":0,"gold_gain":0,"player_choice":"Card Removal","damage_taken":0,"max_hp_gain":0,"max_hp_loss":0,"event_name":"The Cleric","floor":4,"gold_loss":0}],"is_beta":false,"boss_relics":[],"items_purged_floors":[],"is_endless":false,"potions_floor_spawned":[2,3,5,9],"killed_by":"3 Sentries","ascension_level":0}}