{"host":"15dd7v8o90xso62x","time":1611008079,"event":{"mods":["BaseMod","Minty Spire (QoL Compilation)","Quick Restart","StSLib","SuperFastMode"],"gold_per_floor":[117,129,140,158,177,177,206,206,206,240,240,254,265,283,283,359,359,372,372,78,95,110,110,136,136,182,182,182,182,97,107,107,181,181,194,81,101,101,126,145,145,175,201,214,109,109,120,22,22,22,22,22],"floor_reached":51,"language":"KOR","playtime":2657,"items_purged":["Strike_G","Strike_G","Defend_G"],"score":1343,"play_id":"ef0e3c74-d037-4688-99f1-110474d5e01e","local_time":"20210119071439","is_ascension_mode":true,"campfire_choices":[{"data":"Skewer","floor":6.0,"key":"SMITH"},{"floor":11.0,"key":"REST"},{"floor":15.0,"key":"REST"},{"data":"Envenom","floor":23.0,"key":"SMITH"},{"data":"Cloak And Dagger","floor":25.0,"key":"SMITH"},{"floor":28.0,"key":"REST"},{"data":"Calculated Gamble","floor":32.0,"key":"SMITH"},{"data":"Night Terror","floor":41,"key":"SMITH"},{"floor":49,"key":"REST"}],"circlet_count":0,"master_deck":["AscendersBane","Defend_G+1","Survivor","After Image","Poisoned Stab","Skewer+1","Accuracy","Footwork","Adrenaline","Acrobatics","Cloak And Dagger+1","Calculated Gamble+1","Envenom+1","Deflect","Adrenaline","Footwork","Cloak And Dagger+1","Accuracy","Deflect","Night Terror+1","Cloak And Dagger","Accuracy","Backflip","Dodge and Roll+1","Accuracy","Accuracy","Blade Dance","Footwork"],"relics":["Ring of the Snake","Bird Faced Urn","Bronze Scales","Nunchaku","Empty Cage","Membership Card","War Paint","Molten Egg 2","Anchor","Enchiridion","Ornamental Fan","HoveringKite","CaptainsWheel","Gambling Chip","Smiling Mask"],"acts_visited":["Exordium","TheCity","TheBeyond"],"potions_floor_usage":[47,50],"damage_taken":[{"damage":0.0,"enemies":"Cultist","floor":1.0,"turns":4.0},{"damage":6.0,"enemies":"Small Slimes","floor":2.0,"turns":4.0},{"damage":5.0,"enemies":"Jaw Worm","floor":3.0,"turns":4.0},{"damage":8.0,"enemies":"Blue Slaver","floor":4.0,"turns":4.0},{"damage":5.0,"enemies":"Large Slime","floor":5.0,"turns":6.0},{"damage":33.0,"enemies":"Gremlin Nob","floor":7.0,"turns":5.0},{"damage":5.0,"enemies":"3 Sentries","floor":10.0,"turns":6.0},{"damage":15.0,"enemies":"Exordium Wildlife","floor":12.0,"turns":7.0},{"damage":3.0,"enemies":"Looter","floor":13.0,"turns":3.0},{"damage":0.0,"enemies":"Blue Slaver","floor":14.0,"turns":4.0},{"damage":32.0,"enemies":"Slime Boss","floor":16.0,"turns":9.0},{"damage":9.0,"enemies":"3 Byrds","floor":18.0,"turns":3.0},{"damage":0.0,"enemies":"Spheric Guardian","floor":21.0,"turns":6.0},{"damage":12.0,"enemies":"3 Cultists","floor":22.0,"turns":6.0},{"damage":33.0,"enemies":"Gremlin Leader","floor":24.0,"turns":7.0},{"damage":0.0,"enemies":"Sentry and Sphere","floor":31.0,"turns":5.0},{"damage":14.0,"enemies":"Automaton","floor":33.0,"turns":9.0},{"damage":8.0,"enemies":"3 Darklings","floor":35.0,"turns":6.0},{"damage":10,"enemies":"Orb Walker","floor":37,"turns":3},{"damage":0,"enemies":"Mind Bloom Boss Battle","floor":39,"turns":6},{"damage":5,"enemies":"Spire Growth","floor":40,"turns":7},{"damage":3,"enemies":"Giant Head","floor":42,"turns":8},{"damage":0,"enemies":"4 Shapes","floor":44,"turns":5},{"damage":61,"enemies":"Transient","floor":47,"turns":6},{"damage":73,"enemies":"Time Eater","floor":50,"turns":14},{"damage":38,"enemies":"Awakened One","floor":51,"turns":2}],"seed_played":"4079369870962709691","potions_obtained":[{"floor":2.0,"key":"Ancient Potion"},{"floor":4.0,"key":"Swift Potion"},{"floor":7.0,"key":"CunningPotion"},{"floor":12.0,"key":"FearPotion"},{"floor":14.0,"key":"PowerPotion"},{"floor":16.0,"key":"Swift Potion"},{"floor":18.0,"key":"Strength Potion"},{"floor":21.0,"key":"PowerPotion"},{"floor":31.0,"key":"ColorlessPotion"},{"floor":37,"key":"DistilledChaos"},{"floor":42,"key":"SpeedPotion"}],"is_trial":false,"path_per_floor":["M","M","M","M","M","R","E","?","T","E","R","M","M","M","R","B",null,"M","?","$","M","M","R","E","R","T","?","R","?","?","M","R","B",null,"M","$","M","?","?","M","R","E","T","M","$","?","M","$","R","B","B"],"character_chosen":"THE_SILENT","items_purchased":["Membership Card","Cloak And Dagger","War Paint","Accuracy","Backflip","FairyPotion","GhostInAJar","Footwork"],"campfire_rested":4,"item_purchase_floors":[20,20,20,36,36,45,48,48],"current_hp_per_floor":[59,53,48,40,35,35,2,2,2,3,22,13,12,18,37,13,53,48,48,48,58,54,54,33,33,33,12,31,31,31,45,45,45,61,62,62,60,60,66,61,61,63,63,66,66,66,9,9,28,3,0,0],"gold":22,"neow_bonus":"TRANSFORM_CARD","is_daily":false,"chose_seed":false,"campfire_upgraded":5,"win_rate":0.0,"timestamp":1611008079,"path_taken":["M","M","?","M","M","R","E","?","T","E","R","M","?","?","R","BOSS","M","?","$","M","M","R","E","R","T","?","R","?","?","M","R","BOSS","M","$","M","?","?","M","R","E","T","M","$","?","M","?","R","BOSS","BOSS"],"items_purchased_type":["Relic","Card","Relic","Card","Card","Potion","Potion","Card"],"build_version":"2020-12-22","purchased_purges":3,"victory":false,"max_hp_per_floor":[66,66,66,66,66,66,66,66,66,66,66,66,66,66,66,66,66,66,66,66,66,66,66,66,66,66,66,66,66,66,66,66,66,66,66,66,66,66,66,66,66,66,66,66,66,66,66,66,66,66,66,66],"card_choices":[{"not_picked":["Backflip","Outmaneuver","Flechettes"],"picked":"SKIP","floor":1.0},{"not_picked":["Quick Slash","PiercingWail"],"picked":"Poisoned Stab","floor":2.0},{"not_picked":["PiercingWail","Masterful Stab"],"picked":"Skewer","floor":3.0},{"not_picked":["Slice","Endless Agony"],"picked":"Accuracy","floor":4.0},{"not_picked":["Eviscerate","Blade Dance"],"picked":"Footwork","floor":5.0},{"not_picked":["Masterful Stab","Sucker Punch"],"picked":"Adrenaline","floor":7.0},{"not_picked":["Storm of Steel","Concentrate"],"picked":"Acrobatics","floor":10.0},{"not_picked":["Sucker Punch","Choke"],"picked":"Cloak And Dagger","floor":12.0},{"not_picked":["Expertise","Deadly Poison"],"picked":"Calculated Gamble","floor":13.0},{"not_picked":["Dagger Throw","Expertise","Quick Slash"],"picked":"SKIP","floor":14.0},{"not_picked":["Die Die Die","Tools of the Trade"],"picked":"Envenom","floor":16.0},{"not_picked":["Eviscerate+1","Bane"],"picked":"Deflect","floor":18.0},{"not_picked":["Dodge and Roll","Dagger Spray"],"picked":"Accuracy","floor":21.0},{"not_picked":["Bane","Deadly Poison"],"picked":"Deflect","floor":22.0},{"not_picked":["Skewer+1","Bane+1","Flying Knee+1"],"picked":"SKIP","floor":24.0},{"not_picked":["Underhanded Strike+1","Calculated Gamble","Caltrops"],"picked":"SKIP","floor":31.0},{"not_picked":["Phantasmal Killer","Envenom"],"picked":"Night Terror","floor":33.0},{"not_picked":["Backstab+1","Terror"],"picked":"Cloak And Dagger","floor":35.0},{"not_picked":["Poisoned Stab+1","Heel Hook+1","Concentrate"],"picked":"SKIP","floor":37},{"not_picked":["Flechettes+1","Riddle With Holes+1"],"picked":"Dodge and Roll+1","floor":39},{"not_picked":["Choke+1","Flechettes+1"],"picked":"Accuracy","floor":40},{"not_picked":["Deflect","Poisoned Stab+1","Quick Slash+1"],"picked":"SKIP","floor":42},{"not_picked":["Prepared","Acrobatics"],"picked":"Accuracy","floor":44},{"not_picked":["Masterful Stab+1","Deadly Poison+1"],"picked":"Blade Dance","floor":47}],"player_experience":1046996,"relics_obtained":[{"floor":7.0,"key":"Bird Faced Urn"},{"floor":9.0,"key":"Bronze Scales"},{"floor":10.0,"key":"Nunchaku"},{"floor":24.0,"key":"Molten Egg 2"},{"floor":26.0,"key":"Anchor"},{"floor":27.0,"key":"Enchiridion"},{"floor":39,"key":"CaptainsWheel"},{"floor":42,"key":"Gambling Chip"},{"floor":43,"key":"Smiling Mask"}],"event_choices":[{"cards_removed":["Strike_G"],"damage_healed":0.0,"max_hp_gain":0.0,"max_hp_loss":0.0,"gold_gain":0.0,"event_name":"Purifier","player_choice":"Purged","floor":8.0,"gold_loss":0.0,"damage_taken":0.0},{"damage_healed":0.0,"max_hp_gain":0.0,"max_hp_loss":0.0,"gold_gain":0.0,"cards_transformed":["Defend_G","Strike_G"],"event_name":"Drug Dealer","player_choice":"Became Test Subject","floor":19.0,"gold_loss":0.0,"damage_taken":0.0,"cards_obtained":["Adrenaline","Footwork"]},{"damage_healed":0.0,"max_hp_gain":0.0,"max_hp_loss":0.0,"gold_gain":0.0,"event_name":"Cursed Tome","player_choice":"Obtained Book","floor":27.0,"gold_loss":0.0,"damage_taken":21.0},{"damage_healed":0.0,"max_hp_gain":0.0,"max_hp_loss":0.0,"gold_gain":0.0,"event_name":"The Mausoleum","player_choice":"Ignored","floor":29.0,"gold_loss":0.0,"damage_taken":0.0},{"damage_healed":0.0,"max_hp_gain":0.0,"max_hp_loss":0.0,"gold_gain":0.0,"event_name":"Addict","player_choice":"Obtained Relic","floor":30.0,"gold_loss":85.0,"damage_taken":0.0,"relics_obtained":["Ornamental Fan"]},{"damage_healed":0,"gold_gain":0,"player_choice":"Ignored","damage_taken":0,"max_hp_gain":0,"max_hp_loss":0,"event_name":"Tomb of Lord Red Mask","floor":38,"gold_loss":0},{"damage_healed":0,"gold_gain":0,"player_choice":"Fight","damage_taken":0,"max_hp_gain":0,"max_hp_loss":0,"event_name":"MindBloom","floor":39,"gold_loss":0},{"cards_removed":["Neutralize"],"damage_healed":0,"gold_gain":0,"player_choice":"Removed Attack","damage_taken":0,"max_hp_gain":0,"max_hp_loss":0,"event_name":"Falling","floor":46,"gold_loss":0}],"is_beta":false,"boss_relics":[{"not_picked":["SlaversCollar","Tiny House"],"picked":"Empty Cage"},{"not_picked":["SacredBark","Coffee Dripper"],"picked":"HoveringKite"}],"items_purged_floors":[20,36,45],"is_endless":false,"potions_floor_spawned":[2,4,7,12,14,16,18,21,31,37,42,44],"killed_by":"Awakened One","ascension_level":20}}