{"host":"soyfmymeou4emntr","time":1611003655,"event":{"mods":["BaseMod","Minty Spire (QoL Compilation)","Relic Sorter","Relic Stats","StSLib"],"gold_per_floor":[117,117,132,148,148,148,176,176,245,275,275,302,45,64,64,141,141,154,166,166,91,102,102,130,130,130,164,164,190,221,234,234,305,305,322,83,100,21,38,69,82,82,82,101,101,129,129,161,161,161,161,161],"floor_reached":51,"language":"ENG","playtime":7521,"items_purged":["Defend_B","Dualcast"],"score":1597,"play_id":"94612931-8af3-47f2-afaa-3bea1e188aef","local_time":"20210118140055","is_ascension_mode":true,"campfire_choices":[{"data":"Glacier","floor":6.0,"key":"SMITH"},{"data":"Go for the Eyes","floor":8.0,"key":"SMITH"},{"data":"Consume","floor":11.0,"key":"SMITH"},{"data":"Aggregate","floor":15.0,"key":"SMITH"},{"data":"Loop","floor":23,"key":"SMITH"},{"data":"Defragment","floor":25,"key":"SMITH"},{"floor":32,"key":"REST"},{"floor":42,"key":"REST"},{"floor":45,"key":"REST"},{"floor":49,"key":"RECALL"}],"circlet_count":0,"master_deck":["AscendersBane","Strike_B","Defend_B","Zap","Glacier+1","Coolheaded","Cold Snap+1","Go for the Eyes+1","Consume+1","Meteor Strike","Loop+1","Aggregate+1","Meteor Strike","Turbo+1","Cold Snap+1","Undo+1","Coolheaded","Coolheaded","Defragment+1","Recycle","Lockon","Amplify","Sweeping Beam","Multi-Cast+1","Turbo+1","Coolheaded+1","Ball Lightning","Cold Snap","Chaos+1","Loop","Ball Lightning","Recycle+1"],"relics":["Runic Pyramid","Pen Nib","StrikeDummy","Omamori","StoneCalendar","Lee\u0027s Waffle","Astrolabe","Matryoshka","Ornamental Fan","Shuriken","Blood Vial","Toxic Egg 2","Nunchaku","Bag of Marbles","Fusion Hammer","Membership Card","DataDisk","Cables","Oddly Smooth Stone","Gambling Chip"],"acts_visited":["Exordium","TheCity","TheBeyond"],"potions_floor_usage":[24,27,39,40,50],"damage_taken":[{"damage":7.0,"enemies":"Small Slimes","floor":1.0,"turns":5.0},{"damage":2.0,"enemies":"Cultist","floor":3.0,"turns":5.0},{"damage":2.0,"enemies":"2 Louse","floor":4.0,"turns":5.0},{"damage":8.0,"enemies":"3 Sentries","floor":7.0,"turns":11.0},{"damage":12.0,"enemies":"Gremlin Nob","floor":10.0,"turns":5.0},{"damage":5.0,"enemies":"Lagavulin","floor":12.0,"turns":7.0},{"damage":0.0,"enemies":"Exordium Wildlife","floor":14.0,"turns":5.0},{"damage":31.0,"enemies":"Hexaghost","floor":16.0,"turns":7.0},{"damage":16.0,"enemies":"2 Thieves","floor":18.0,"turns":4.0},{"damage":0.0,"enemies":"Spheric Guardian","floor":19.0,"turns":3.0},{"damage":0,"enemies":"Snake Plant","floor":22,"turns":5},{"damage":9,"enemies":"Book of Stabbing","floor":24,"turns":7},{"damage":20,"enemies":"Slavers","floor":27,"turns":7},{"damage":9,"enemies":"Gremlin Leader","floor":30,"turns":8},{"damage":7,"enemies":"Cultist and Chosen","floor":31,"turns":7},{"damage":14,"enemies":"Collector","floor":33,"turns":13},{"damage":26,"enemies":"3 Darklings","floor":35,"turns":7},{"damage":6,"enemies":"3 Shapes","floor":37,"turns":4},{"damage":46,"enemies":"Jaw Worm Horde","floor":39,"turns":6},{"damage":3,"enemies":"Reptomancer","floor":40,"turns":8},{"damage":0,"enemies":"3 Darklings","floor":41,"turns":7},{"damage":7,"enemies":"4 Shapes","floor":44,"turns":6},{"damage":0,"enemies":"Giant Head","floor":46,"turns":6},{"damage":9,"enemies":"Reptomancer","floor":48,"turns":7},{"damage":33,"enemies":"Time Eater","floor":50,"turns":10},{"damage":52,"enemies":"Awakened One","floor":51,"turns":3}],"seed_played":"-1596908967230954985","potions_obtained":[{"floor":7.0,"key":"Fruit Juice"},{"floor":12.0,"key":"Fire Potion"},{"floor":14.0,"key":"Explosive Potion"},{"floor":19.0,"key":"GamblersBrew"},{"floor":24,"key":"EssenceOfSteel"},{"floor":30,"key":"BlessingOfTheForge"},{"floor":37,"key":"LiquidMemories"},{"floor":41,"key":"Weak Potion"},{"floor":48,"key":"FairyPotion"}],"is_trial":false,"path_per_floor":["M","?","M","M","?","R","E","R","T","E","R","E","$","M","R","B",null,"M","M","?","$","M","R","E","R","T","E","?","T","E","M","R","B",null,"M","$","M","$","M","E","M","R","T","M","R","E","?","E","R","B","B"],"character_chosen":"DEFECT","items_purchased":["Loop","Lee\u0027s Waffle","Membership Card","DataDisk","Ball Lightning"],"campfire_rested":3,"item_purchase_floors":[13,13,36,36,38],"current_hp_per_floor":[57,62,60,58,58,58,50,50,50,38,38,33,83,83,83,52,75,59,59,83,83,83,83,74,74,74,54,54,54,47,42,66,54,76,52,52,48,48,9,8,10,36,36,31,57,59,59,52,52,21,0,0],"gold":161,"neow_bonus":"BOSS_RELIC","is_daily":false,"chose_seed":false,"campfire_upgraded":6,"win_rate":0.0,"timestamp":1611003655,"path_taken":["M","?","M","M","?","R","E","R","T","E","R","E","$","M","R","BOSS","M","M","?","$","?","R","E","R","T","E","?","?","E","M","R","BOSS","M","?","M","$","M","E","M","R","T","M","R","E","?","E","R","BOSS","BOSS"],"items_purchased_type":["Card","Relic","Relic","Relic","Card"],"build_version":"2020-12-22","purchased_purges":2,"victory":false,"max_hp_per_floor":[71,76,76,76,76,76,76,76,76,76,76,76,83,83,83,83,83,83,83,83,83,83,83,83,83,83,83,83,83,83,83,83,83,83,83,83,83,83,88,88,88,88,88,88,88,88,84,84,84,84,84,84],"relic_stats":{"Blood Vial":26,"Lee\u0027s Waffle":50,"Nunchaku":[16],"counters":[26,167],"Ornamental Fan":[88],"Shuriken":[22],"Astrolabe":["Turbo","Cold Snap","Undo"],"Gambling Chip":[7],"StoneCalendar":[449],"Pen Nib":[24],"obtain_stats":[{"Lee\u0027s Waffle":13,"Astrolabe":17,"Oddly Smooth Stone":46,"StoneCalendar":12,"Pen Nib":7,"Omamori":10,"Cables":40,"Blood Vial":27,"Nunchaku":29,"DataDisk":36,"Matryoshka":24,"Ornamental Fan":26,"Shuriken":26,"Gambling Chip":48,"Fusion Hammer":34,"Bag of Marbles":30,"Membership Card":36,"Toxic Egg 2":29,"Cracked Core":0,"StrikeDummy":9,"Runic Pyramid":0},{"Lee\u0027s Waffle":6,"Astrolabe":8,"Oddly Smooth Stone":23,"StoneCalendar":6,"Pen Nib":4,"Omamori":5,"Cables":20,"Blood Vial":13,"Nunchaku":13,"DataDisk":17,"Matryoshka":12,"Ornamental Fan":12,"Shuriken":12,"Gambling Chip":24,"Fusion Hammer":16,"Bag of Marbles":14,"Membership Card":17,"Toxic Egg 2":13,"Cracked Core":0,"StrikeDummy":4,"Runic Pyramid":0},{"Lee\u0027s Waffle":38,"Astrolabe":50,"Oddly Smooth Stone":147,"StoneCalendar":38,"Pen Nib":26,"Omamori":31,"Cables":128,"Blood Vial":76,"Nunchaku":76,"DataDisk":110,"Matryoshka":69,"Ornamental Fan":69,"Shuriken":69,"Gambling Chip":154,"Fusion Hammer":103,"Bag of Marbles":84,"Membership Card":110,"Toxic Egg 2":76,"Cracked Core":0,"StrikeDummy":26,"Runic Pyramid":0}],"Cables":[33,1,17,4,11]},"card_choices":[{"not_picked":["Conserve Battery","Ball Lightning"],"picked":"Glacier","floor":1.0},{"not_picked":["Hello World","Steam"],"picked":"Coolheaded","floor":3.0},{"not_picked":["Steam","Hologram"],"picked":"Cold Snap","floor":4.0},{"not_picked":["Stack","Storm"],"picked":"Go for the Eyes","floor":7.0},{"not_picked":["Hologram","Reinforced Body"],"picked":"Consume","floor":10.0},{"not_picked":["Fission","Rainbow"],"picked":"Meteor Strike","floor":12.0},{"not_picked":["Streamline","Skim"],"picked":"Aggregate","floor":14.0},{"not_picked":["Fission","Creative AI"],"picked":"Meteor Strike","floor":16.0},{"not_picked":["Rip and Tear","Blizzard"],"picked":"Coolheaded","floor":18.0},{"not_picked":["Gash","Turbo"],"picked":"Coolheaded","floor":19.0},{"not_picked":["Melter","Rip and Tear","Steam Power"],"picked":"SKIP","floor":22},{"not_picked":["Turbo+1","Redo"],"picked":"Defragment","floor":24},{"not_picked":["Scrape","Conserve Battery"],"picked":"Recycle","floor":27},{"not_picked":["Streamline","Compile Driver"],"picked":"Sweeping Beam","floor":30},{"not_picked":["Sunder","Blizzard","FTL"],"picked":"SKIP","floor":31},{"not_picked":["Fission+1","Reboot+1"],"picked":"Multi-Cast+1","floor":33},{"not_picked":["Rip and Tear","Barrage+1"],"picked":"Turbo+1","floor":35},{"not_picked":["Steam+1","Conserve Battery+1"],"picked":"Coolheaded+1","floor":37},{"not_picked":["Blizzard+1","Barrage"],"picked":"Cold Snap","floor":39},{"not_picked":["Core Surge","Stack+1"],"picked":"Chaos+1","floor":40},{"not_picked":["Go for the Eyes","Barrage","Hello World"],"picked":"SKIP","floor":41},{"not_picked":["FTL","Barrage"],"picked":"Loop","floor":44},{"not_picked":["Turbo+1","Conserve Battery+1"],"picked":"Ball Lightning","floor":46},{"not_picked":["Core Surge","Stack+1"],"picked":"Recycle+1","floor":48}],"player_experience":2827962,"relics_obtained":[{"floor":7.0,"key":"Pen Nib"},{"floor":9.0,"key":"StrikeDummy"},{"floor":10.0,"key":"Omamori"},{"floor":12.0,"key":"StoneCalendar"},{"floor":24,"key":"Matryoshka"},{"floor":26,"key":"Ornamental Fan"},{"floor":26,"key":"Shuriken"},{"floor":27,"key":"Blood Vial"},{"floor":29,"key":"Toxic Egg 2"},{"floor":29,"key":"Nunchaku"},{"floor":30,"key":"Bag of Marbles"},{"floor":40,"key":"Cables"},{"floor":46,"key":"Oddly Smooth Stone"},{"floor":48,"key":"Gambling Chip"}],"event_choices":[{"damage_healed":0.0,"max_hp_gain":5.0,"max_hp_loss":0.0,"gold_gain":0.0,"event_name":"Big Fish","player_choice":"Donut","floor":2.0,"gold_loss":0.0,"damage_taken":0.0},{"damage_healed":0.0,"max_hp_gain":0.0,"max_hp_loss":0.0,"gold_gain":0.0,"event_name":"Accursed Blacksmith","player_choice":"Forge","floor":5.0,"gold_loss":0.0,"damage_taken":0.0,"cards_upgraded":["Cold Snap"]},{"damage_healed":24.0,"max_hp_gain":0.0,"max_hp_loss":0.0,"gold_gain":0.0,"event_name":"Wheel of Change","player_choice":"Full Heal","floor":20.0,"gold_loss":0.0,"damage_taken":0.0},{"damage_healed":0,"gold_gain":0,"cards_transformed":["Defend_B","Defend_B"],"player_choice":"Became Test Subject","damage_taken":0,"max_hp_gain":0,"max_hp_loss":0,"event_name":"Drug Dealer","floor":28,"gold_loss":0,"cards_obtained":["Lockon","Amplify"]},{"damage_healed":0,"gold_gain":0,"player_choice":"Max HP","damage_taken":0,"max_hp_gain":0,"max_hp_loss":4,"event_name":"Winding Halls","floor":47,"gold_loss":0}],"is_beta":false,"boss_relics":[{"not_picked":["Calling Bell","Cursed Key"],"picked":"Astrolabe"},{"not_picked":["Tiny House","Velvet Choker"],"picked":"Fusion Hammer"}],"items_purged_floors":[21,38],"is_endless":false,"potions_floor_spawned":[7,12,14,19,24,30,37,41,48],"killed_by":"Awakened One","ascension_level":20}}