{"host":"mai03x2ekbjy4059","time":1611011783,"event":{"mods":["2.2 Compatiblity","BaseMod","DeckTracker","Keyboard Shortcuts","Minty Spire (QoL Compilation)","Permanent Neow","Quick Restart","SuperFastMode","everything is the same but u backflip on backflip"],"gold_per_floor":[359,359,359,379,72,103,103,120,120,146,146,175,191,161,161,258,258,183,35,53,53,68,99,99,99,175,175,210,210,237,152,164,274,286,317,329,341,373,398,440,470,507,519,557,569,581,45,75,75,75,75,75,23,52,52],"floor_reached":56,"language":"KOR","playtime":1858,"items_purged":["Defend_G","Strike_G"],"score":1701,"play_id":"41dc4741-aa48-4ff1-a641-7e1fb7525d1d","local_time":"20210119081623","is_ascension_mode":true,"campfire_choices":[{"data":"Footwork","floor":7.0,"key":"SMITH"},{"data":"Accuracy","floor":15.0,"key":"SMITH"},{"data":"A Thousand Cuts","floor":24.0,"key":"SMITH"},{"data":"Cloak And Dagger","floor":27.0,"key":"SMITH"},{"data":"Cloak And Dagger","floor":29.0,"key":"SMITH"},{"data":"Cloak And Dagger","floor":32.0,"key":"SMITH"},{"data":"A Thousand Cuts","floor":45.0,"key":"SMITH"},{"floor":49.0,"key":"RECALL"},{"data":"Accuracy","floor":52.0,"key":"SMITH"}],"circlet_count":0,"master_deck":["Strike_G+1","Strike_G","Strike_G","Defend_G+1","Defend_G","Defend_G+1","Defend_G","Survivor","Neutralize","Blur","Footwork+1","Blur","Blur","Cloak And Dagger+1","Cloak And Dagger+1","Accuracy+1","Finisher+1","A Thousand Cuts+1","Impatience","Cloak And Dagger+1","Footwork","Backflip+1","Accuracy+1","A Thousand Cuts+1","Finesse","Bandage Up","Trip","Cloak And Dagger+1","Slice+1","Blade Dance","Prepared+1","Footwork+1","Cloak And Dagger+1"],"relics":["Ring of the Serpent","MealTicket","PreservedInsect","HornCleat","Gremlin Horn","Eternal Feather","Regal Pillow","SlaversCollar","Vajra","Shuriken","War Paint","Question Card","MawBank","Molten Egg 2","Whetstone","Frozen Egg 2","Girya","Pen Nib","Singing Bowl","Happy Flower","Anchor"],"acts_visited":["Exordium","TheCity","TheBeyond","TheEnding"],"potions_floor_usage":[55,55,55],"damage_taken":[{"damage":1.0,"enemies":"Jaw Worm","floor":1.0,"turns":6.0},{"damage":4.0,"enemies":"Cultist","floor":4.0,"turns":5.0},{"damage":19.0,"enemies":"Lagavulin","floor":6.0,"turns":9.0},{"damage":0.0,"enemies":"2 Louse","floor":8.0,"turns":4.0},{"damage":0.0,"enemies":"Gremlin Nob","floor":10.0,"turns":5.0},{"damage":1.0,"enemies":"3 Sentries","floor":12.0,"turns":12.0},{"damage":0.0,"enemies":"Blue Slaver","floor":13.0,"turns":6.0},{"damage":6.0,"enemies":"Exordium Thugs","floor":14.0,"turns":7.0},{"damage":0.0,"enemies":"The Guardian","floor":16.0,"turns":22.0},{"damage":2.0,"enemies":"2 Thieves","floor":18.0,"turns":5.0},{"damage":1.0,"enemies":"3 Byrds","floor":20.0,"turns":10.0},{"damage":32.0,"enemies":"Sentry and Sphere","floor":22.0,"turns":8.0},{"damage":5.0,"enemies":"Book of Stabbing","floor":23.0,"turns":6.0},{"damage":0.0,"enemies":"Gremlin Leader","floor":28.0,"turns":4.0},{"damage":0.0,"enemies":"Book of Stabbing","floor":30.0,"turns":4.0},{"damage":0.0,"enemies":"Automaton","floor":33.0,"turns":7.0},{"damage":10.0,"enemies":"3 Darklings","floor":35.0,"turns":5.0},{"damage":22.0,"enemies":"3 Shapes","floor":38.0,"turns":4.0},{"damage":25.0,"enemies":"Transient","floor":39.0,"turns":5.0},{"damage":0.0,"enemies":"Giant Head","floor":40.0,"turns":7.0},{"damage":20.0,"enemies":"Sphere and 2 Shapes","floor":41.0,"turns":6.0},{"damage":0.0,"enemies":"Nemesis","floor":42.0,"turns":5.0},{"damage":0.0,"enemies":"Reptomancer","floor":44.0,"turns":3.0},{"damage":0.0,"enemies":"Nemesis","floor":48.0,"turns":5.0},{"damage":29.0,"enemies":"Awakened One","floor":50.0,"turns":9.0},{"damage":38.0,"enemies":"Shield and Spear","floor":54.0,"turns":5.0},{"damage":46,"enemies":"The Heart","floor":55,"turns":8}],"seed_played":"-6016305458138592558","potions_obtained":[{"floor":6.0,"key":"Energy Potion"},{"floor":8.0,"key":"Poison Potion"},{"floor":10.0,"key":"Weak Potion"},{"floor":14.0,"key":"SteroidPotion"},{"floor":16.0,"key":"SmokeBomb"},{"floor":20.0,"key":"LiquidBronze"},{"floor":23.0,"key":"DuplicationPotion"},{"floor":33.0,"key":"BlessingOfTheForge"},{"floor":38.0,"key":"Block Potion"},{"floor":39.0,"key":"ColorlessPotion"},{"floor":41.0,"key":"FearPotion"}],"is_trial":false,"path_per_floor":["M","?","?","M","$","E","R","M","T","E","?","E","M","M","R","B",null,"M","$","M","?","M","E","R","T","T","R","E","R","E","?","R","B",null,"M","?","?","M","M","E","M","E","T","E","R","?","$","E","R","B",null,"R","$","E","B",null],"character_chosen":"THE_SILENT","items_purchased":["PreservedInsect","Footwork","Impatience","Cloak And Dagger","Pen Nib","Singing Bowl","Footwork+1","BlessingOfTheForge"],"campfire_rested":0,"item_purchase_floors":[5,5,19,19,47,47,47,53],"current_hp_per_floor":[48,41,34,30,45,26,26,26,26,26,31,30,30,24,33,33,75,73,75,74,60,28,23,35,35,35,47,47,59,59,59,74,74,80,70,60,60,42,21,25,9,13,13,17,35,35,50,56,74,49,82,82,82,48,8],"gold":52,"neow_bonus":"TWO_FIFTY_GOLD","is_daily":false,"chose_seed":false,"campfire_upgraded":8,"win_rate":0.0,"timestamp":1611011783,"path_taken":["M","?","?","?","?","E","R","M","T","E","?","E","M","M","R","BOSS","M","$","M","?","M","E","R","?","T","R","E","R","E","?","R","BOSS","M","?","?","M","M","E","M","E","T","E","R","?","$","E","R","BOSS","R","$","E","BOSS"],"items_purchased_type":["Relic","Card","Card","Card","Relic","Relic","Card","Potion"],"build_version":"2020-12-22","purchased_purges":2,"victory":true,"max_hp_per_floor":[70,70,70,70,70,70,70,70,70,70,75,75,75,75,75,75,75,75,75,75,80,80,80,80,80,80,80,80,80,80,80,80,80,80,80,80,80,80,80,80,80,80,80,80,80,80,80,82,82,82,82,82,82,82,82],"card_choices":[{"not_picked":["Outmaneuver","Backflip"],"picked":"Blur","floor":1.0},{"not_picked":["Distraction","Flying Knee","Sucker Punch"],"picked":"SKIP","floor":4.0},{"not_picked":["Tactician","Crippling Poison"],"picked":"Blur","floor":6.0},{"not_picked":["Leg Sweep","Quick Slash"],"picked":"Blur","floor":8.0},{"not_picked":["Eviscerate","Outmaneuver"],"picked":"Cloak And Dagger","floor":10.0},{"not_picked":["Poisoned Stab","Noxious Fumes"],"picked":"Cloak And Dagger","floor":12.0},{"not_picked":["Deflect","Skewer"],"picked":"Accuracy","floor":13.0},{"not_picked":["Deflect","Heel Hook"],"picked":"Finisher","floor":14.0},{"not_picked":["Wraith Form v2","Grand Finale"],"picked":"A Thousand Cuts","floor":16.0},{"not_picked":["Slice","Quick Slash","Flechettes+1"],"picked":"SKIP","floor":18.0},{"not_picked":["Bouncing Flask","Bane","Dagger Throw"],"picked":"SKIP","floor":20.0},{"not_picked":["Sucker Punch","Deadly Poison"],"picked":"Backstab","floor":22.0},{"not_picked":["Dash+1","Outmaneuver"],"picked":"Footwork","floor":23.0},{"not_picked":["Tactician","Wraith Form v2"],"picked":"Backflip+1","floor":28.0},{"not_picked":["PiercingWail","Dodge and Roll"],"picked":"Accuracy","floor":30.0},{"not_picked":["Phantasmal Killer","Doppelganger","Envenom"],"picked":"A Thousand Cuts","floor":33.0},{"not_picked":["Tactician","Underhanded Strike+1","Dash+1","Sucker Punch"],"picked":"SKIP","floor":35.0},{"not_picked":["Thinking Ahead","Forethought","Mind Blast"],"picked":"Finesse","floor":36.0},{"not_picked":["Metamorphosis","Magnetism","Jack Of All Trades"],"picked":"Bandage Up","floor":36.0},{"not_picked":["Madness","Mind Blast","The Bomb"],"picked":"Trip","floor":36.0},{"not_picked":["Eviscerate","Slice","Quick Slash"],"picked":"Cloak And Dagger+1","floor":38.0},{"not_picked":["Flechettes","Dodge and Roll+1","Finisher"],"picked":"Slice+1","floor":39.0},{"not_picked":["Sucker Punch+1","Distraction+1","Tools of the Trade"],"picked":"Blade Dance","floor":40.0},{"not_picked":["Sucker Punch+1","Quick Slash+1","Calculated Gamble"],"picked":"Prepared+1","floor":41.0},{"not_picked":["Acrobatics+1","Flechettes+1","Slice+1","Dagger Throw+1"],"picked":"SKIP","floor":42.0},{"not_picked":["Reflex+1","Concentrate+1","Crippling Poison+1","Well Laid Plans+1"],"picked":"SKIP","floor":44.0},{"not_picked":["Venomology","Bouncing Flask+1","Underhanded Strike+1","Eviscerate+1"],"picked":"Singing Bowl","floor":48.0},{"not_picked":["Choke+1","Poisoned Stab+1","Dodge and Roll"],"picked":"Cloak And Dagger+1","floor":54.0}],"player_experience":1089647,"relics_obtained":[{"floor":6.0,"key":"HornCleat"},{"floor":9.0,"key":"Gremlin Horn"},{"floor":10.0,"key":"Eternal Feather"},{"floor":12.0,"key":"Regal Pillow"},{"floor":23.0,"key":"Vajra"},{"floor":25.0,"key":"Shuriken"},{"floor":28.0,"key":"War Paint"},{"floor":30.0,"key":"Question Card"},{"floor":40.0,"key":"Molten Egg 2"},{"floor":42.0,"key":"Whetstone"},{"floor":43.0,"key":"Frozen Egg 2"},{"floor":44.0,"key":"Girya"},{"floor":48.0,"key":"Happy Flower"},{"floor":54.0,"key":"Anchor"}],"event_choices":[{"damage_healed":0.0,"max_hp_gain":0.0,"max_hp_loss":0.0,"gold_gain":0.0,"event_name":"Scrap Ooze","player_choice":"Success","floor":2.0,"gold_loss":0.0,"damage_taken":7.0,"relics_obtained":["MealTicket"]},{"cards_removed":["Strike_G"],"damage_healed":0.0,"max_hp_gain":0.0,"max_hp_loss":0.0,"gold_gain":0.0,"event_name":"Golden Wing","player_choice":"Card Removal","floor":3.0,"gold_loss":0.0,"damage_taken":7.0},{"damage_healed":0.0,"max_hp_gain":5.0,"max_hp_loss":0.0,"gold_gain":0.0,"event_name":"Big Fish","player_choice":"Donut","floor":11.0,"gold_loss":0.0,"damage_taken":0.0},{"damage_healed":0.0,"max_hp_gain":5.0,"max_hp_loss":0.0,"gold_gain":0.0,"event_name":"Forgotten Altar","player_choice":"Shed Blood","floor":21.0,"gold_loss":0.0,"damage_taken":19.0},{"damage_healed":0.0,"max_hp_gain":0.0,"max_hp_loss":0.0,"gold_gain":0.0,"event_name":"Addict","player_choice":"Obtained Relic","floor":31.0,"gold_loss":85.0,"damage_taken":0.0,"relics_obtained":["MawBank"]},{"damage_healed":0.0,"max_hp_gain":0.0,"max_hp_loss":0.0,"gold_gain":0.0,"event_name":"SensoryStone","player_choice":"Memory 3","floor":36.0,"gold_loss":0.0,"damage_taken":10.0},{"cards_removed":["Backstab"],"damage_healed":0.0,"max_hp_gain":0.0,"max_hp_loss":0.0,"gold_gain":0.0,"event_name":"Falling","player_choice":"Removed Attack","floor":37.0,"gold_loss":0.0,"damage_taken":0.0},{"damage_healed":0.0,"max_hp_gain":0.0,"max_hp_loss":0.0,"gold_gain":0.0,"event_name":"The Moai Head","player_choice":"Ignored","floor":46.0,"gold_loss":0.0,"damage_taken":0.0}],"is_beta":false,"boss_relics":[{"not_picked":["Runic Pyramid","Runic Dome"],"picked":"SlaversCollar"},{"not_picked":["SacredBark","Calling Bell"],"picked":"Ring of the Serpent"}],"items_purged_floors":[5,47],"is_endless":false,"potions_floor_spawned":[6,8,10,14,16,20,23,33,38,39,41,44],"ascension_level":1}}