{"host":"s3s7xsmblwiz356v","time":1611009621,"event":{"mods":["AchievementEnabler","BaseMod","Block Reminder","Colored Map","Colored Powertips","Minty Spire (QoL Compilation)"],"gold_per_floor":[114,190,140,140,215,215,244,244,293,10,24,49,49,85,85,181,181,172,262,37,55,55,55],"floor_reached":22,"language":"ENG","playtime":1023,"items_purged":[],"score":368,"play_id":"c3d4d165-183f-4daf-93bd-fc76701db485","local_time":"20210118174021","is_ascension_mode":true,"campfire_choices":[{"data":"Bash","floor":6.0,"key":"SMITH"},{"data":"Wild Strike","floor":8.0,"key":"SMITH"},{"data":"Fire Breathing","floor":15,"key":"SMITH"}],"circlet_count":0,"master_deck":["AscendersBane","Strike_R","Strike_R","Strike_R","Strike_R","Defend_R","Defend_R","Defend_R","Defend_R","Bash+1","Wild Strike+1","Pommel Strike","Fire Breathing+1","Feed","Shrug It Off","Spot Weakness","Shockwave","Double Tap"],"relics":["Burning Blood","NeowsBlessing","Calipers","Nunchaku","Vajra","Potion Belt","Pantograph","Golden Idol","Dream Catcher","Runic Dome"],"acts_visited":["Exordium","TheCity"],"potions_floor_usage":[14,16],"damage_taken":[{"damage":0.0,"enemies":"Small Slimes","floor":1.0,"turns":1.0},{"damage":0.0,"enemies":"3 Sentries","floor":7.0,"turns":1.0},{"damage":0.0,"enemies":"Jaw Worm","floor":11.0,"turns":1.0},{"damage":16.0,"enemies":"Gremlin Nob","floor":12.0,"turns":3.0},{"damage":15,"enemies":"3 Sentries","floor":14,"turns":5},{"damage":49,"enemies":"Hexaghost","floor":16,"turns":7},{"damage":29,"enemies":"2 Thieves","floor":18,"turns":4},{"damage":16,"enemies":"Chosen","floor":21,"turns":5},{"damage":30,"enemies":"Sentry and Sphere","floor":22,"turns":4}],"seed_played":"2934576833797087119","potions_obtained":[{"floor":7.0,"key":"FearPotion"},{"floor":11.0,"key":"EssenceOfSteel"},{"floor":21,"key":"FearPotion"}],"is_trial":false,"path_per_floor":["M","?","?","?","?","R","E","R","T","$","M","E","?","E","R","B",null,"M","?","$","M","M"],"character_chosen":"IRONCLAD","items_purchased":["Potion Belt","LiquidBronze","PowerPotion","Spot Weakness","Shockwave","DuplicationPotion"],"campfire_rested":0,"item_purchase_floors":[10,10,10,20,20,20],"current_hp_per_floor":[78,78,78,53,42,42,48,48,48,48,54,44,44,35,35,17,60,37,25,25,18,0,0],"gold":55,"neow_bonus":"THREE_ENEMY_KILL","is_daily":false,"chose_seed":false,"campfire_upgraded":3,"win_rate":0.0,"timestamp":1611009621,"path_taken":["M","?","?","?","?","R","E","R","T","$","?","E","?","E","R","BOSS","M","?","?","?","M"],"items_purchased_type":["Relic","Potion","Potion","Card","Card","Potion"],"build_version":"2020-12-22","purchased_purges":0,"victory":false,"max_hp_per_floor":[80,80,80,80,80,80,80,80,80,80,80,80,74,74,74,74,74,74,74,74,77,80,80],"card_choices":[{"not_picked":["Body Slam","True Grit"],"picked":"Wild Strike","floor":1.0},{"not_picked":["Juggernaut","Reckless Charge","Perfected Strike"],"picked":"SKIP","floor":7.0},{"not_picked":["Havoc","Anger","Rupture"],"picked":"SKIP","floor":11.0},{"not_picked":["Sever Soul","Anger"],"picked":"Pommel Strike","floor":12.0},{"not_picked":["Shrug It Off","Sever Soul"],"picked":"Fire Breathing","floor":14},{"not_picked":["Impervious","Double Tap"],"picked":"Feed","floor":16},{"not_picked":["Thunderclap","Flex"],"picked":"Shrug It Off","floor":18},{"not_picked":["Pommel Strike","Combust"],"picked":"Double Tap","floor":21}],"player_experience":449651,"relics_obtained":[{"floor":7.0,"key":"Nunchaku"},{"floor":9.0,"key":"Vajra"},{"floor":12.0,"key":"Pantograph"},{"floor":14,"key":"Dream Catcher"}],"event_choices":[{"damage_healed":0.0,"max_hp_gain":0.0,"max_hp_loss":0.0,"gold_gain":76.0,"event_name":"Golden Wing","player_choice":"Gained Gold","floor":2.0,"gold_loss":0.0,"damage_taken":0.0},{"cards_removed":["Strike_R"],"damage_healed":0.0,"max_hp_gain":0.0,"max_hp_loss":0.0,"gold_gain":0.0,"event_name":"The Cleric","player_choice":"Card Removal","floor":3.0,"gold_loss":50.0,"damage_taken":0.0},{"damage_healed":0.0,"max_hp_gain":0.0,"max_hp_loss":0.0,"gold_gain":0.0,"event_name":"Scrap Ooze","player_choice":"Success","floor":4.0,"gold_loss":0.0,"damage_taken":25.0,"relics_obtained":["Calipers"]},{"damage_healed":0.0,"max_hp_gain":0.0,"max_hp_loss":0.0,"gold_gain":75.0,"event_name":"World of Goop","player_choice":"Gather Gold","floor":5.0,"gold_loss":0.0,"damage_taken":11.0},{"damage_healed":0.0,"max_hp_gain":0.0,"max_hp_loss":6.0,"gold_gain":0.0,"event_name":"Golden Idol","player_choice":"Lose Max HP","floor":13.0,"gold_loss":0.0,"damage_taken":0.0,"relics_obtained":["Golden Idol"]},{"damage_healed":0,"gold_gain":90,"player_choice":"GOLD ","damage_taken":12,"max_hp_gain":0,"max_hp_loss":0,"event_name":"Knowing Skull","floor":19,"potions_obtained":[],"gold_loss":0,"cards_obtained":[]}],"is_beta":false,"boss_relics":[{"not_picked":["Snecko Eye","SacredBark"],"picked":"Runic Dome"}],"items_purged_floors":[],"is_endless":false,"potions_floor_spawned":[7,11,21],"killed_by":"Sentry and Sphere","ascension_level":13}}