{"host":"ss2ocoam53r2lno0","time":1611011878,"event":{"mods":["Act Like it!","BaseMod","ChefMod","Clockwork Mod","Colored Powertips","Curses Come First","Displayed Cursed Tome","Downfall","Evolution","Googly Eyes","Hallownest","Highlight Path","Minty Spire (QoL Compilation)","Poor People Problems","Rare Cards Sparkle","Robot Space Explorer","Shade Mod","Shop Mod","Spicy Shops","StSLib","The Marked"],"gold_per_floor":[99,99,99,99,26,40,40,25,38,38,58,73,73,73,91,91,91,91],"floor_reached":16,"language":"ENG","playtime":719,"items_purged":[],"score":99,"play_id":"4e602e28-2e19-4843-951e-89363e7a01b5","local_time":"20210119001758","is_ascension_mode":true,"campfire_choices":[{"data":"champ:Taunt","floor":1,"key":"SMITH"},{"data":"champ:PreciseThrust","floor":10,"key":"SMITH"},{"data":"champ:FanOfKnives","floor":13,"key":"SMITH"}],"circlet_count":0,"master_deck":["champ:Strike","champ:Strike","champ:Strike","champ:Strike","champ:Defend","champ:Defend","champ:Defend","champ:Defend","champ:Execute","champ:Taunt+1","champ:PreciseThrust+1","champ:Shatter","champ:FanOfKnives+1"],"relics":["champ:ChampionCrown","EVO:Axolotl","downfall:HeartsMalice","Membership Card","Matryoshka"],"acts_visited":["Exordium"],"potions_floor_usage":[3,15,16,16,16],"damage_taken":[{"damage":0,"enemies":"Jaw Worm","floor":2,"turns":1},{"damage":0,"enemies":"Cultist","floor":4,"turns":1},{"damage":0,"enemies":"downfall:FleeingMerchant","floor":5,"turns":1},{"damage":10,"enemies":"Small Slimes","floor":6,"turns":2},{"damage":10,"enemies":"downfall:FleeingMerchant","floor":8,"turns":4},{"damage":22,"enemies":"Exordium Thugs","floor":9,"turns":4},{"damage":10,"enemies":"Exordium Wildlife","floor":11,"turns":3},{"damage":9,"enemies":"Exordium Thugs","floor":12,"turns":3},{"damage":26,"enemies":"Gremlin Gang","floor":15,"turns":4},{"damage":66,"enemies":"DF_ARCHETYPE_STREAMLINE","floor":16,"turns":6}],"seed_played":"2983974844701943205","potions_obtained":[{"floor":3,"key":"Regen Potion"},{"floor":3,"key":"Fruit Juice"},{"floor":3,"key":"EssenceOfSteel"},{"floor":9,"key":"CultistPotion"},{"floor":15,"key":"SteroidPotion"}],"is_trial":false,"path_per_floor":["R","M","?","M","$","M","T","$","M","R","M","M","R","?","M","B"],"character_chosen":"THE_CHAMP","items_purchased":["Membership Card"],"campfire_rested":0,"item_purchase_floors":[5],"current_hp_per_floor":[90,90,95,95,95,95,95,95,83,83,83,74,74,39,35,0,0,0],"gold":91,"neow_bonus":"THREE_ENEMY_KILL","is_daily":false,"chose_seed":false,"campfire_upgraded":3,"win_rate":0.0,"timestamp":1611011878,"path_taken":["R","M","?","?","?","?","T","$","M","R","M","M","R","?","M","BOSS"],"items_purchased_type":["Relic"],"build_version":"2020-12-22","purchased_purges":0,"victory":false,"max_hp_per_floor":[90,90,95,95,95,95,95,95,95,95,95,95,95,95,95,95,95,95],"card_choices":[{"not_picked":["champ:StanceDance","champ:GutPunch","champ:BringItOn"],"picked":"SKIP","floor":2},{"not_picked":["champ:Circumvent","champ:DefensiveShout"],"picked":"champ:PreciseThrust","floor":4},{"not_picked":["champ:EnragedBash","champ:PreciseThrust","champ:FancyFootwork"],"picked":"SKIP","floor":5},{"not_picked":["champ:RecklessLeap","champ:StanceDance","champ:FaceSlap"],"picked":"SKIP","floor":6},{"not_picked":["champ:EnragedBash","champ:SkillfulDodge"],"picked":"champ:Shatter","floor":8},{"not_picked":["champ:Shatter","champ:RisingSlash","champ:FocusedBerserking"],"picked":"SKIP","floor":9},{"not_picked":["champ:Shatter","champ:Circumvent"],"picked":"champ:FanOfKnives","floor":11},{"not_picked":["champ:FanOfKnives","champ:StrikeOfGenius","champ:Haymaker"],"picked":"SKIP","floor":12},{"not_picked":["champ:PerfectedStrike","champ:DefensiveShout","champ:Circumvent"],"picked":"SKIP","floor":15}],"player_experience":784621,"relics_obtained":[{"floor":7,"key":"Matryoshka"}],"event_choices":[{"damage_healed":0,"gold_gain":0,"player_choice":"Got Potions","damage_taken":0,"max_hp_gain":0,"max_hp_loss":0,"event_name":"Lab","floor":3,"gold_loss":0}],"is_beta":false,"boss_relics":[],"items_purged_floors":[],"is_endless":false,"potions_floor_spawned":[9,11,15],"killed_by":"DF_ARCHETYPE_STREAMLINE","ascension_level":2}}