{"host":"kjcsj8kbkx3w6fc4","time":1611003935,"event":{"mods":["2.2 Compatiblity","Aspiration","BaseMod","Better Third Choice","Conspire","Downfall","Hermit","Infinite Spire","Minty Spire (QoL Compilation)","Permanent Neow","Reimu??????","Shedinja","StSLib","The Cursed","The Poker Player","The Servant 0.9.4"],"gold_per_floor":[99,115,115,115,131,151,151,162,95,95,107,7,21,36,52,52,52,52],"floor_reached":16,"language":"ENG","playtime":1123,"items_purged":[],"score":96,"play_id":"7be77d0b-a5f5-4a13-9a19-9bfaa7db1c19","local_time":"20210118160535","is_ascension_mode":false,"campfire_choices":[{"floor":1,"key":"RECALL"},{"data":"champ:Taunt","floor":10,"key":"SMITH"},{"data":"champ:GutPunch","floor":12,"key":"SMITH"}],"circlet_count":0,"master_deck":["champ:Strike","champ:Strike","champ:Strike","champ:Defend","champ:Defend","champ:Defend","champ:Defend","champ:Execute","champ:Taunt+1","champ:BringItOn","champ:ShieldSlam","champ:CrownThrow","champ:SkillfulDodge","champ:Endure","champ:GutPunch+1","champ:RecklessLeap","champ:PreciseThrust","champ:AdrenalArmor","champ:StanceDance"],"relics":["champ:ChampionCrown","Gremlin Horn","downfall:HeartBlessingRed"],"acts_visited":["Exordium"],"potions_floor_usage":[13,16],"damage_taken":[{"damage":32,"enemies":"Jaw Worm","floor":2,"turns":4},{"damage":10,"enemies":"Small Slimes","floor":5,"turns":3},{"damage":1,"enemies":"Cultist","floor":6,"turns":5},{"damage":29,"enemies":"Exordium Wildlife","floor":8,"turns":4},{"damage":0,"enemies":"downfall:FleeingMerchant","floor":9,"turns":4},{"damage":22,"enemies":"conspire:2 RoseBushes","floor":11,"turns":5},{"damage":10,"enemies":"Large Slime","floor":13,"turns":3},{"damage":4,"enemies":"Red Slaver","floor":14,"turns":3},{"damage":10,"enemies":"3 Louse","floor":15,"turns":2},{"damage":88,"enemies":"IC_STATUS_ARCHETYPE","floor":16,"turns":8}],"seed_played":"-4287298561947531506","potions_obtained":[{"floor":0,"key":"SmokeBomb"},{"floor":0,"key":"Ancient Potion"},{"floor":0,"key":"sneckomod:MuddlingPotion"},{"floor":4,"key":"Dexterity Potion"},{"floor":4,"key":"SteroidPotion"},{"floor":13,"key":"Weak Potion"},{"floor":14,"key":"conspire:TimeTravelPotion"},{"floor":15,"key":"PowerPotion"}],"is_trial":false,"path_per_floor":["R","M","?","?","M","M","T","M","$","R","M","R","M","M","M","B"],"character_chosen":"THE_CHAMP","items_purchased":["champ:GutPunch"],"campfire_rested":0,"item_purchase_floors":[9],"current_hp_per_floor":[90,78,78,78,78,77,77,58,58,58,46,46,46,42,42,0,0,0],"gold":52,"neow_bonus":"THREE_SMALL_POTIONS","is_daily":false,"chose_seed":false,"campfire_upgraded":2,"win_rate":0.0,"timestamp":1611003935,"path_taken":["R","M","?","?","M","M","T","?","$","R","M","R","M","M","M","BOSS"],"items_purchased_type":["Card"],"build_version":"2020-12-22","purchased_purges":0,"victory":false,"max_hp_per_floor":[90,90,90,90,90,90,90,90,90,90,90,90,90,90,90,90,90,90],"card_choices":[{"not_picked":["champ:Haymaker","champ:TornadoPunch"],"picked":"champ:BringItOn","floor":2},{"not_picked":["champ:HeartStrike","champ:DancingMaster"],"picked":"champ:ShieldSlam","floor":5},{"not_picked":["champ:PerfectedStrike","champ:RisingSlash"],"picked":"champ:CrownThrow","floor":6},{"not_picked":["champ:IronFortress","champ:FanOfKnives"],"picked":"champ:SkillfulDodge","floor":8},{"not_picked":["champ:CrownThrow","champ:AdrenalArmor"],"picked":"champ:Endure","floor":9},{"not_picked":["champ:BringItOn","champ:PreemptiveStrike"],"picked":"champ:RecklessLeap","floor":11},{"not_picked":["champ:BerserkersShout","champ:Haymaker"],"picked":"champ:PreciseThrust","floor":13},{"not_picked":["champ:FalseCounter","champ:Circumvent"],"picked":"champ:AdrenalArmor","floor":14},{"not_picked":["champ:FanOfKnives","champ:Backstep"],"picked":"champ:StanceDance","floor":15}],"player_experience":126259,"relics_obtained":[{"floor":7,"key":"Gremlin Horn"}],"event_choices":[{"damage_healed":0,"gold_gain":0,"player_choice":"Got Potions","damage_taken":0,"max_hp_gain":0,"max_hp_loss":0,"event_name":"Lab","floor":4,"gold_loss":0}],"is_beta":false,"boss_relics":[],"items_purged_floors":[],"is_endless":false,"potions_floor_spawned":[6,8,13,14,15],"killed_by":"IC_STATUS_ARCHETYPE","ascension_level":0}}