{"host":"mai03x2ekbjy4059","time":1611005464,"event":{"mods":["2.2 Compatiblity","BaseMod","DeckTracker","Keyboard Shortcuts","Minty Spire (QoL Compilation)","Permanent Neow","Quick Restart","SuperFastMode","everything is the same but u backflip on backflip"],"gold_per_floor":[364,375,43,55,68,97,162,193,193,193,211,211,224,255,255,355,355,375,375,375,11,23,54,68,78,102,102,127,127,138,171,171,267,267,282,282,301,301,316,346,346,373,373,373,373,383,418,434,434,434,434,434,231,258,258],"floor_reached":56,"language":"KOR","playtime":2013,"items_purged":["Defend_G","Defend_G","Strike_G+1"],"score":1734,"play_id":"3db9ebfa-21bf-44bf-a6df-a39f39c1a80c","local_time":"20210119063104","is_ascension_mode":true,"campfire_choices":[{"data":"Terror","floor":12.0,"key":"SMITH"},{"data":"Accuracy","floor":15.0,"key":"SMITH"},{"data":"Envenom","floor":27.0,"key":"SMITH"},{"data":"Blade Dance","floor":29.0,"key":"SMITH"},{"data":"After Image","floor":32.0,"key":"SMITH"},{"data":"Finisher","floor":41,"key":"SMITH"},{"data":"Cloak And Dagger","floor":45,"key":"SMITH"},{"floor":49,"key":"RECALL"},{"data":"Cloak And Dagger","floor":52,"key":"SMITH"}],"circlet_count":0,"master_deck":["Strike_G+1","Defend_G","Defend_G","Defend_G","Survivor","Neutralize","Blade Dance+1","Blade Dance","Accuracy+1","Flash of Steel","Masterful Stab","Deflect","Infinite Blades","Backflip","Terror+1","Cloak And Dagger+1","Cloak And Dagger+1","Expertise+1","Deflect+1","Footwork+1","Envenom+1","Neutralize","Finisher+1","Footwork","Backflip+1","After Image+1","Adrenaline","Escape Plan+1","Blade Dance+1","Buffer"],"relics":["Ring of the Serpent","Art of War","Ancient Tea Set","FossilizedHelix","Paper Crane","Whetstone","Astrolabe","Enchiridion","Membership Card","Molten Egg 2","Tiny Chest","Blood Vial","Smiling Mask","Gambling Chip","Dream Catcher","Oddly Smooth Stone","Singing Bowl","Kunai","Centennial Puzzle","PrismaticShard","Nunchaku"],"acts_visited":["Exordium","TheCity","TheBeyond","TheEnding"],"potions_floor_usage":[55,55,55],"damage_taken":[{"damage":0.0,"enemies":"Small Slimes","floor":1.0,"turns":4.0},{"damage":0.0,"enemies":"2 Louse","floor":2.0,"turns":2.0},{"damage":0.0,"enemies":"Cultist","floor":4.0,"turns":3.0},{"damage":4.0,"enemies":"Exordium Wildlife","floor":5.0,"turns":2.0},{"damage":11.0,"enemies":"Lagavulin","floor":6.0,"turns":4.0},{"damage":17.0,"enemies":"Lagavulin Event","floor":7.0,"turns":4.0},{"damage":0.0,"enemies":"3 Sentries","floor":8.0,"turns":6.0},{"damage":0.0,"enemies":"3 Louse","floor":11.0,"turns":2.0},{"damage":0.0,"enemies":"Exordium Thugs","floor":13.0,"turns":3.0},{"damage":0.0,"enemies":"Lagavulin","floor":14.0,"turns":6.0},{"damage":0.0,"enemies":"Slime Boss","floor":16.0,"turns":4.0},{"damage":8.0,"enemies":"Chosen","floor":18.0,"turns":5.0},{"damage":0.0,"enemies":"3 Byrds","floor":22.0,"turns":4.0},{"damage":1.0,"enemies":"Slavers","floor":23.0,"turns":7.0},{"damage":13.0,"enemies":"Snake Plant","floor":24.0,"turns":3.0},{"damage":0.0,"enemies":"Centurion and Healer","floor":25.0,"turns":6.0},{"damage":0.0,"enemies":"Book of Stabbing","floor":28.0,"turns":4.0},{"damage":0.0,"enemies":"Cultist and Chosen","floor":30.0,"turns":4.0},{"damage":14.0,"enemies":"Slavers","floor":31.0,"turns":6.0},{"damage":0.0,"enemies":"Champ","floor":33.0,"turns":6.0},{"damage":0.0,"enemies":"Orb Walker","floor":35.0,"turns":4.0},{"damage":0.0,"enemies":"3 Shapes","floor":37.0,"turns":5.0},{"damage":0,"enemies":"Sphere and 2 Shapes","floor":39,"turns":6},{"damage":9,"enemies":"Reptomancer","floor":40,"turns":6},{"damage":0,"enemies":"Nemesis","floor":42,"turns":5},{"damage":0,"enemies":"Writhing Mass","floor":46,"turns":4},{"damage":0,"enemies":"Reptomancer","floor":47,"turns":4},{"damage":5,"enemies":"Jaw Worm Horde","floor":48,"turns":4},{"damage":0,"enemies":"Time Eater","floor":50,"turns":10},{"damage":0,"enemies":"Shield and Spear","floor":54,"turns":8},{"damage":0,"enemies":"The Heart","floor":55,"turns":8}],"seed_played":"1694902655574510012","potions_obtained":[{"floor":1.0,"key":"ColorlessPotion"},{"floor":2.0,"key":"PowerPotion"},{"floor":8.0,"key":"GamblersBrew"},{"floor":14.0,"key":"Dexterity Potion"},{"floor":16.0,"key":"Explosive Potion"},{"floor":18.0,"key":"Block Potion"},{"floor":23.0,"key":"GhostInAJar"}],"is_trial":false,"path_per_floor":["M","M","$","M","M","E","?","E","T","?","M","R","M","E","R","B",null,"M","?","?","$","M","E","M","M","T","R","E","R","M","E","R","B",null,"M","?","M","?","M","E","R","E","T","T","R","M","E","M","R","B",null,"R","$","E","B",null],"character_chosen":"THE_SILENT","items_purchased":["Blade Dance","Accuracy","Flash of Steel","Masterful Stab","Membership Card","Footwork","Molten Egg 2","Centennial Puzzle","PrismaticShard"],"campfire_rested":0,"item_purchase_floors":[3,3,3,3,21,21,21,53,53],"current_hp_per_floor":[63,63,63,63,59,48,31,31,31,36,36,36,36,36,36,36,68,60,44,44,44,44,43,30,30,30,30,32,32,34,22,22,24,68,68,65,65,65,65,56,56,58,58,58,58,60,64,63,63,65,69,69,69,69,69],"gold":258,"neow_bonus":"TWO_FIFTY_GOLD","is_daily":false,"chose_seed":false,"campfire_upgraded":8,"win_rate":0.0,"timestamp":1611005464,"path_taken":["M","M","$","M","M","E","?","E","T","?","M","R","M","E","R","BOSS","M","?","?","$","M","E","M","M","T","R","E","R","?","E","R","BOSS","M","?","M","?","M","E","R","E","T","?","R","?","E","M","R","BOSS","R","$","E","BOSS"],"items_purchased_type":["Card","Card","Card","Card","Relic","Card","Relic","Relic","Relic"],"build_version":"2020-12-22","purchased_purges":3,"victory":true,"max_hp_per_floor":[63,63,63,63,63,63,63,63,63,68,68,68,68,68,68,68,68,68,68,68,68,68,68,68,68,68,68,68,68,68,68,68,68,68,68,65,65,65,65,65,65,65,65,65,65,65,67,69,69,69,69,69,69,69,69],"card_choices":[{"not_picked":["Backstab","Prepared"],"picked":"Blade Dance","floor":1.0},{"not_picked":["Dagger Throw","Quick Slash","Flechettes"],"picked":"SKIP","floor":2.0},{"not_picked":["Deflect","Flying Knee","Quick Slash"],"picked":"SKIP","floor":4.0},{"not_picked":["Caltrops","Tools of the Trade","PiercingWail"],"picked":"SKIP","floor":5.0},{"not_picked":["Bullet Time","Dagger Spray"],"picked":"Deflect","floor":6.0},{"not_picked":["Setup","Poisoned Stab"],"picked":"Infinite Blades","floor":7.0},{"not_picked":["Outmaneuver","Well Laid Plans"],"picked":"Backflip","floor":8.0},{"not_picked":["Skewer","Eviscerate"],"picked":"Terror","floor":11.0},{"not_picked":["Burst","Dodge and Roll"],"picked":"Cloak And Dagger","floor":13.0},{"not_picked":["Endless Agony","Predator"],"picked":"Cloak And Dagger","floor":14.0},{"not_picked":["Predator+1","Cloak And Dagger","Underhanded Strike"],"picked":"SKIP","floor":18.0},{"not_picked":["Bouncing Flask","Quick Slash+1","Acrobatics"],"picked":"SKIP","floor":22.0},{"not_picked":["Acrobatics","Bane+1","Dagger Throw+1"],"picked":"SKIP","floor":23.0},{"not_picked":["Quick Slash+1","Infinite Blades","Deflect+1"],"picked":"SKIP","floor":24.0},{"not_picked":["Slice+1","Dagger Throw+1","Die Die Die+1"],"picked":"SKIP","floor":25.0},{"not_picked":["Well Laid Plans","Flying Knee+1","Sucker Punch+1"],"picked":"SKIP","floor":28.0},{"not_picked":["Skewer+1","Dagger Spray+1"],"picked":"Backflip+1","floor":30.0},{"not_picked":["Dagger Throw+1","Riddle With Holes+1"],"picked":"After Image","floor":31.0},{"not_picked":["Malaise","Grand Finale+1"],"picked":"Adrenaline","floor":33.0},{"not_picked":["Crippling Poison","Blade Dance","Sucker Punch+1"],"picked":"SKIP","floor":35.0},{"not_picked":["Crippling Poison","Blade Dance","Sucker Punch+1"],"picked":"SKIP","floor":35.0},{"not_picked":["Prepared","Cloak And Dagger"],"picked":"Escape Plan+1","floor":37.0},{"not_picked":["Dagger Spray+1","Dodge and Roll","Masterful Stab+1"],"picked":"SKIP","floor":39},{"not_picked":["Dagger Throw+1","Die Die Die+1","Deadly Poison"],"picked":"SKIP","floor":40},{"not_picked":["Setup","Deflect+1","Envenom"],"picked":"SKIP","floor":42},{"not_picked":["Heel Hook+1","Predator+1"],"picked":"Blade Dance+1","floor":46},{"not_picked":["Dagger Spray+1","Deadly Poison","Skewer+1"],"picked":"Singing Bowl","floor":47},{"not_picked":["Leg Sweep+1","Terror","Choke+1"],"picked":"Singing Bowl","floor":48},{"not_picked":["Acrobatics+1","Poisoned Stab+1"],"picked":"Buffer","floor":54}],"player_experience":1087634,"relics_obtained":[{"floor":6.0,"key":"Art of War"},{"floor":8.0,"key":"FossilizedHelix"},{"floor":9.0,"key":"Paper Crane"},{"floor":14.0,"key":"Whetstone"},{"floor":19.0,"key":"Enchiridion"},{"floor":23.0,"key":"Tiny Chest"},{"floor":26.0,"key":"Blood Vial"},{"floor":28.0,"key":"Smiling Mask"},{"floor":31.0,"key":"Gambling Chip"},{"floor":40,"key":"Dream Catcher"},{"floor":42,"key":"Oddly Smooth Stone"},{"floor":44,"key":"Singing Bowl"},{"floor":47,"key":"Kunai"},{"floor":54,"key":"Nunchaku"}],"event_choices":[{"damage_healed":0.0,"max_hp_gain":0.0,"max_hp_loss":0.0,"gold_gain":0.0,"event_name":"Dead Adventurer","player_choice":"Searched \u00272\u0027 times","floor":7.0,"gold_loss":0.0,"damage_taken":0.0,"relics_obtained":["Ancient Tea Set"]},{"damage_healed":0.0,"max_hp_gain":5.0,"max_hp_loss":0.0,"gold_gain":0.0,"event_name":"Big Fish","player_choice":"Donut","floor":10.0,"gold_loss":0.0,"damage_taken":0.0},{"damage_healed":0.0,"max_hp_gain":0.0,"max_hp_loss":0.0,"gold_gain":0.0,"event_name":"Cursed Tome","player_choice":"Obtained Book","floor":19.0,"gold_loss":0.0,"damage_taken":16.0},{"damage_healed":0.0,"max_hp_gain":0.0,"max_hp_loss":0.0,"gold_gain":0.0,"event_name":"Match and Keep!","player_choice":"3 cards matched","floor":20.0,"gold_loss":0.0,"damage_taken":0.0,"cards_obtained":["Envenom","Neutralize","Finisher"]},{"damage_healed":0.0,"max_hp_gain":0.0,"max_hp_loss":3.0,"gold_gain":0.0,"event_name":"Winding Halls","player_choice":"Max HP","floor":36.0,"gold_loss":0.0,"damage_taken":0.0},{"damage_healed":0,"gold_gain":0,"player_choice":"Ignored","damage_taken":0,"max_hp_gain":0,"max_hp_loss":0,"event_name":"Transmorgrifier","floor":38,"gold_loss":0}],"is_beta":false,"boss_relics":[{"not_picked":["Calling Bell","Runic Pyramid"],"picked":"Astrolabe"},{"not_picked":["Fusion Hammer","Philosopher\u0027s Stone"],"picked":"Ring of the Serpent"}],"items_purged_floors":[3,21,53],"is_endless":false,"potions_floor_spawned":[1,2,8,14,16,18,23,25,28,30,31,40,42,47,54],"ascension_level":1}}