{"host":"r53pw7z744tg3fxg","time":1611000856,"event":{"mods":["AchievementEnabler","BaseMod","Colored Map","Colored Powertips","Highlight Path","Minty Spire (QoL Compilation)","Quick Restart","Transform Curses"],"gold_per_floor":[119,132,132,26,26,26,46,46,73,108,108,123,123,142,142,218,218,238,238,262,24,37,37,13,13,37,68,68,102,1,16,16,16,16],"floor_reached":33,"language":"ENG","playtime":2119,"items_purged":[],"score":550,"play_id":"ca21d21f-3d41-4cd2-91e6-604a8478d715","local_time":"20210118131416","is_ascension_mode":true,"campfire_choices":[{"data":"Jack Of All Trades","floor":8.0,"key":"SMITH"},{"data":"PathToVictory","floor":11.0,"key":"SMITH"},{"data":"Prostrate","floor":15.0,"key":"SMITH"},{"data":"FlurryOfBlows","floor":23.0,"key":"SMITH"},{"data":"Tantrum","floor":25.0,"key":"SMITH"},{"floor":32.0,"key":"REST"}],"circlet_count":0,"master_deck":["AscendersBane","Strike_P","Strike_P","Defend_P","Defend_P","Eruption+1","Vigilance","PathToVictory+1","FlurryOfBlows+1","CarveReality","Jack Of All Trades+1","EmptyBody","Tantrum+1","CutThroughFate","Prostrate+1","LessonLearned+1","LikeWater+1","Tantrum+1","Omniscience+1","Wireheading+1","Conclude","Evaluate","BattleHymn+1","FearNoEvil","Bandage Up","ClearTheMind"],"relics":["PureWater","Regal Pillow","Pen Nib","Tiny Chest","Yang","Spirit Poop","Astrolabe","Blood Vial","HandDrill","Strawberry","Oddly Smooth Stone","Anchor"],"acts_visited":["Exordium","TheCity"],"potions_floor_usage":[33],"damage_taken":[{"damage":0.0,"enemies":"2 Louse","floor":1.0,"turns":2.0},{"damage":0.0,"enemies":"Cultist","floor":2.0,"turns":2.0},{"damage":0.0,"enemies":"Jaw Worm","floor":7.0,"turns":2.0},{"damage":0.0,"enemies":"Gremlin Nob","floor":10.0,"turns":2.0},{"damage":0.0,"enemies":"Large Slime","floor":12.0,"turns":2.0},{"damage":3.0,"enemies":"Blue Slaver","floor":14.0,"turns":3.0},{"damage":23.0,"enemies":"Hexaghost","floor":16.0,"turns":9.0},{"damage":0.0,"enemies":"3 Byrds","floor":18.0,"turns":3.0},{"damage":2.0,"enemies":"Shell Parasite","floor":22.0,"turns":3.0},{"damage":10.0,"enemies":"Gremlin Leader","floor":27.0,"turns":5.0},{"damage":43.0,"enemies":"Slavers","floor":29.0,"turns":5.0},{"damage":10.0,"enemies":"Centurion and Healer","floor":31.0,"turns":4.0},{"damage":57,"enemies":"Champ","floor":33,"turns":7}],"seed_played":"-158335209556782290","potions_obtained":[{"floor":7.0,"key":"ColorlessPotion"},{"floor":12.0,"key":"SpeedPotion"},{"floor":16.0,"key":"DuplicationPotion"},{"floor":29.0,"key":"Fire Potion"},{"floor":31.0,"key":"DistilledChaos"}],"is_trial":false,"path_per_floor":["M","M","?","$","?","?","M","R","T","E","R","M","?","M","R","B",null,"M","?","T","$","M","R","$","R","T","E","?","E","$","M","R","B"],"character_chosen":"WATCHER","items_purchased":["Jack Of All Trades","HandDrill","Conclude","Evaluate","Bandage Up"],"campfire_rested":1,"item_purchase_floors":[4,21,21,24,30],"current_hp_per_floor":[61,61,61,61,56,56,56,56,56,56,56,56,56,53,53,30,59,59,59,59,59,59,59,59,59,66,58,58,17,17,13,50,0,0],"gold":16,"neow_bonus":"UPGRADE_CARD","is_daily":false,"chose_seed":false,"campfire_upgraded":5,"win_rate":0.0,"timestamp":1611000856,"path_taken":["M","M","?","?","?","?","?","R","T","E","R","M","?","?","R","BOSS","M","?","?","$","M","R","$","R","T","E","?","E","$","M","R","BOSS"],"items_purchased_type":["Card","Relic","Card","Card","Card"],"build_version":"2020-12-22","purchased_purges":0,"victory":false,"max_hp_per_floor":[68,68,68,68,68,68,68,68,68,68,68,68,68,68,68,68,68,68,68,68,68,68,68,68,68,75,75,75,75,75,75,75,75,75],"card_choices":[{"not_picked":["Crescendo","ClearTheMind"],"picked":"PathToVictory","floor":1.0},{"not_picked":["Weave","CutThroughFate"],"picked":"FlurryOfBlows","floor":2.0},{"not_picked":["FlurryOfBlows","FollowUp"],"picked":"EmptyBody","floor":7.0},{"not_picked":["JustLucky","Adaptation"],"picked":"Tantrum","floor":10.0},{"not_picked":["Evaluate","ThirdEye"],"picked":"CutThroughFate","floor":12.0},{"not_picked":["Swivel","EmptyFist"],"picked":"Prostrate","floor":14.0},{"not_picked":["Ragnarok","Omniscience"],"picked":"LessonLearned","floor":16.0},{"not_picked":["Perseverance","SandsOfTime"],"picked":"Wireheading+1","floor":18.0},{"not_picked":["LikeWater","Adaptation","Conclude"],"picked":"SKIP","floor":22.0},{"not_picked":["SandsOfTime","Evaluate","SignatureMove"],"picked":"SKIP","floor":27.0},{"not_picked":["Alpha","Nirvana"],"picked":"FearNoEvil","floor":29.0},{"not_picked":["FlyingSleeves","SandsOfTime"],"picked":"ClearTheMind","floor":31.0}],"player_experience":1299288,"relics_obtained":[{"floor":9.0,"key":"Tiny Chest"},{"floor":10.0,"key":"Yang"},{"floor":20.0,"key":"Blood Vial"},{"floor":26.0,"key":"Strawberry"},{"floor":27.0,"key":"Oddly Smooth Stone"},{"floor":29.0,"key":"Anchor"}],"event_choices":[{"damage_healed":0.0,"max_hp_gain":0.0,"max_hp_loss":0.0,"gold_gain":0.0,"cards_transformed":["Strike_P"],"event_name":"Transmorgrifier","player_choice":"Transformed","floor":3.0,"gold_loss":0.0,"damage_taken":0.0,"cards_obtained":["CarveReality"]},{"damage_healed":0.0,"max_hp_gain":0.0,"max_hp_loss":0.0,"gold_gain":0.0,"event_name":"Scrap Ooze","player_choice":"Success","floor":5.0,"gold_loss":0.0,"damage_taken":5.0,"relics_obtained":["Regal Pillow"]},{"damage_healed":0.0,"max_hp_gain":0.0,"max_hp_loss":0.0,"gold_gain":0.0,"event_name":"Big Fish","player_choice":"Box","floor":6.0,"gold_loss":0.0,"damage_taken":0.0,"relics_obtained":["Pen Nib"],"cards_obtained":["Regret"]},{"cards_removed":["Regret"],"damage_healed":0.0,"max_hp_gain":0.0,"max_hp_loss":0.0,"gold_gain":0.0,"event_name":"Bonfire Elementals","player_choice":"Offered Curse","floor":13.0,"gold_loss":0.0,"damage_taken":0.0,"relics_obtained":["Spirit Poop"]},{"damage_healed":0.0,"max_hp_gain":0.0,"max_hp_loss":0.0,"gold_gain":0.0,"event_name":"Vampires","player_choice":"Ignored","floor":19.0,"gold_loss":0.0,"damage_taken":0.0},{"damage_healed":0.0,"max_hp_gain":0.0,"max_hp_loss":0.0,"gold_gain":0.0,"event_name":"The Library","player_choice":"Read","floor":28.0,"gold_loss":0.0,"damage_taken":0.0,"cards_obtained":["BattleHymn"]}],"is_beta":false,"boss_relics":[{"not_picked":["Sozu","Fusion Hammer"],"picked":"Astrolabe"}],"items_purged_floors":[],"is_endless":false,"potions_floor_spawned":[7,12,16,18,29,31],"killed_by":"Champ","ascension_level":16}}