{"host":"1ekl8hlbnopmdapi","time":1611001302,"event":{"mods":["AchievementEnabler","BaseMod","Colored Map","Colored Powertips","DeckTracker","Googly Eyes","Highlight Path","Minty Spire (QoL Compilation)","Relic Sorter","StSLib","Synergy Search"],"gold_per_floor":[112,122,138,56,69,103,103,3,28,28,43,63,63,95,95,197,197,214,214,214,233,244,244,3,102,102,113,113,113],"floor_reached":28,"language":"ENG","playtime":2923,"items_purged":[],"score":290,"play_id":"cc52a79f-d6b2-41e1-b296-61a6419b62b0","local_time":"20210118152142","is_ascension_mode":true,"campfire_choices":[{"floor":7,"key":"REST"},{"floor":13,"key":"RECALL"},{"floor":15,"key":"REST"},{"floor":23,"key":"REST"}],"circlet_count":0,"master_deck":["Strike_G","Strike_G","Strike_G","Strike_G","Defend_G","Defend_G","Defend_G","Defend_G","Defend_G","Survivor","Neutralize","Noxious Fumes","Poisoned Stab","Cloak And Dagger","Noxious Fumes","Backstab","Sucker Punch","Infinite Blades","Flying Knee","Blade Dance","Blade Dance","Cloak And Dagger","Adrenaline","Flying Knee+1","Acrobatics+1","Quick Slash","Blade Dance+1"],"relics":["HoveringKite","Juzu Bracelet","Toy Ornithopter","Sozu","Matryoshka","Smiling Mask","Bottled Tornado"],"acts_visited":["Exordium","TheCity"],"potions_floor_usage":[5,14,19,21,28],"damage_taken":[{"damage":2,"enemies":"Cultist","floor":1,"turns":5},{"damage":0,"enemies":"2 Louse","floor":2,"turns":4},{"damage":6,"enemies":"Small Slimes","floor":3,"turns":5},{"damage":0,"enemies":"2 Fungi Beasts","floor":5,"turns":3},{"damage":25,"enemies":"3 Sentries","floor":6,"turns":8},{"damage":5,"enemies":"Blue Slaver","floor":11,"turns":3},{"damage":7,"enemies":"Large Slime","floor":12,"turns":4},{"damage":30,"enemies":"Lagavulin","floor":14,"turns":6},{"damage":39,"enemies":"Hexaghost","floor":16,"turns":10},{"damage":18,"enemies":"3 Byrds","floor":18,"turns":4},{"damage":6,"enemies":"Spheric Guardian","floor":19,"turns":3},{"damage":12,"enemies":"Cultist and Chosen","floor":21,"turns":6},{"damage":18,"enemies":"Sentry and Sphere","floor":22,"turns":5},{"damage":30,"enemies":"Chosen and Byrds","floor":27,"turns":5},{"damage":10,"enemies":"Slavers","floor":28,"turns":1}],"seed_played":"-1148233712307766629","potions_obtained":[{"floor":1,"key":"SpeedPotion"},{"floor":3,"key":"SkillPotion"},{"floor":11,"key":"Strength Potion"},{"floor":12,"key":"SmokeBomb"},{"floor":14,"key":"SpeedPotion"}],"is_trial":false,"path_per_floor":["M","M","M","$","M","E","R","$","T","?","M","M","R","E","R","B",null,"M","M","?","M","M","R","$","?","T","M","E"],"character_chosen":"THE_SILENT","items_purchased":["Noxious Fumes","Infinite Blades","Flying Knee","Matryoshka"],"campfire_rested":3,"item_purchase_floors":[4,8,8,24],"current_hp_per_floor":[68,68,62,62,62,37,58,58,58,63,58,51,51,21,43,4,57,39,38,38,31,13,35,35,35,35,5,0,0],"gold":113,"neow_bonus":"BOSS_RELIC","is_daily":false,"chose_seed":false,"campfire_upgraded":0,"win_rate":0.0,"timestamp":1611001302,"path_taken":["M","M","M","$","M","E","R","$","T","?","M","M","R","E","R","BOSS","M","M","?","M","M","R","?","?","T","M","E"],"items_purchased_type":["Card","Card","Card","Relic"],"build_version":"2020-12-22","purchased_purges":0,"victory":false,"max_hp_per_floor":[70,70,70,70,70,70,70,70,70,75,75,75,75,75,75,75,75,75,75,75,75,75,75,75,75,75,75,75,75],"card_choices":[{"not_picked":["Skewer","Underhanded Strike"],"picked":"Noxious Fumes","floor":1},{"not_picked":["Deadly Poison","Acrobatics"],"picked":"Poisoned Stab","floor":2},{"not_picked":["Acrobatics","Expertise"],"picked":"Cloak And Dagger","floor":3},{"not_picked":["Outmaneuver","Deadly Poison"],"picked":"Backstab","floor":5},{"not_picked":["Eviscerate","Masterful Stab"],"picked":"Sucker Punch","floor":6},{"not_picked":["Eviscerate","Outmaneuver"],"picked":"Blade Dance","floor":11},{"not_picked":["Leg Sweep","Backstab"],"picked":"Blade Dance","floor":12},{"not_picked":["Outmaneuver","Acrobatics"],"picked":"Cloak And Dagger","floor":14},{"not_picked":["Phantasmal Killer","Storm of Steel"],"picked":"Adrenaline","floor":16},{"not_picked":["Leg Sweep+1","Deadly Poison"],"picked":"Flying Knee+1","floor":18},{"not_picked":["Dodge and Roll","Concentrate"],"picked":"Acrobatics+1","floor":21},{"not_picked":["Skewer","Heel Hook"],"picked":"Quick Slash","floor":22},{"not_picked":["Outmaneuver","Setup+1"],"picked":"Blade Dance+1","floor":27}],"player_experience":463474,"relics_obtained":[{"floor":6,"key":"Juzu Bracelet"},{"floor":14,"key":"Toy Ornithopter"},{"floor":26,"key":"Smiling Mask"},{"floor":26,"key":"Bottled Tornado"}],"event_choices":[{"damage_healed":0,"gold_gain":0,"player_choice":"Donut","damage_taken":0,"max_hp_gain":5,"max_hp_loss":0,"event_name":"Big Fish","floor":10,"gold_loss":0},{"cards_removed":["Strike_G"],"damage_healed":0,"gold_gain":0,"player_choice":"Offered Basic","damage_taken":0,"max_hp_gain":0,"max_hp_loss":0,"event_name":"Bonfire Elementals","floor":20,"gold_loss":0},{"damage_healed":0,"gold_gain":99,"player_choice":"Stole From Cult","damage_taken":0,"max_hp_gain":0,"max_hp_loss":0,"event_name":"Nest","floor":25,"gold_loss":0}],"is_beta":false,"boss_relics":[{"not_picked":["Astrolabe","Coffee Dripper"],"picked":"Sozu"}],"items_purged_floors":[],"is_endless":false,"potions_floor_spawned":[1,3,11,12,14,19,22],"killed_by":"Slavers","ascension_level":5}}