{"host":"b7j598ve05halrwk","time":1611001441,"event":{"mods":["2.2 Compatiblity","BaseMod","Block Reminder","DeckTracker","Minty Spire (QoL Compilation)","Relic Stats","Slay the Relics Exporter","StSLib","ojb\u0027s Better Paths Mod","ojb\u0027s Info Mod"],"gold_per_floor":[109,123,423,69,69,105,105,129,129,152,152,187,202,241,241,331,394,409,409,433,348,372,372,372,403,403,52,88,88,107,50,50,127,127,147,198,36,61,73,107,125,201,201,227,227,237,270,270,270,270,270,270,270,20,52,52],"floor_reached":57,"language":"ENG","playtime":7645,"items_purged":["Defend_B","Strike_B"],"score":3142,"play_id":"f720d1d3-0a88-4510-8bf8-657642bbc870","local_time":"20210118152401","is_ascension_mode":true,"campfire_choices":[{"data":"Go for the Eyes","floor":7.0,"key":"SMITH"},{"data":"Zap","floor":15.0,"key":"SMITH"},{"floor":23.0,"key":"REST"},{"floor":24.0,"key":"REST"},{"data":"Hologram","floor":32.0,"key":"SMITH"},{"data":"Strike_B","floor":45,"key":"PURGE"},{"floor":49,"key":"RECALL"},{"data":"Turbo","floor":53,"key":"SMITH"}],"circlet_count":0,"master_deck":["AscendersBane","Strike_B","Defend_B","Defend_B","Defend_B","Zap+1","Dualcast","Glacier","Go for the Eyes+1","The Bomb","Capacitor","Darkness+1","Compile Driver","Ball Lightning","Buffer+1","Capacitor+1","Undo","Biased Cognition+1","Reinforced Body","Cold Snap","Go for the Eyes+1","Aggregate+1","Static Discharge+1","Hologram+1","All For One","Turbo+1","All For One","Consume+1","Chaos+1","Hologram+1","Genetic Algorithm","Seek","Recycle","Sunder","Madness","Madness","Glacier","Capacitor+1","Skim","Echo Form+1"],"relics":["Runic Dome","Old Coin","Bloody Idol","Potion Belt","Frozen Egg 2","Oddly Smooth Stone","WingedGreaves","Tiny House","Blood Vial","Pocketwatch","Centennial Puzzle","Meat on the Bone","Lee\u0027s Waffle","Cables","Snecko Eye","Peace Pipe","Medical Kit","Unceasing Top","Turnip","Pear","White Beast Statue","Mummified Hand","Pen Nib"],"acts_visited":["Exordium","TheCity","TheBeyond","TheEnding"],"potions_floor_usage":[33,36,41,55,56,56,56,56],"damage_taken":[{"damage":5.0,"enemies":"Small Slimes","floor":1.0,"turns":3.0},{"damage":0.0,"enemies":"2 Louse","floor":2.0,"turns":3.0},{"damage":23.0,"enemies":"Gremlin Nob","floor":6.0,"turns":4.0},{"damage":1.0,"enemies":"Cultist","floor":8.0,"turns":4.0},{"damage":16.0,"enemies":"Exordium Wildlife","floor":10.0,"turns":4.0},{"damage":16.0,"enemies":"3 Sentries","floor":12.0,"turns":4.0},{"damage":0.0,"enemies":"Large Slime","floor":13.0,"turns":5.0},{"damage":0.0,"enemies":"Gremlin Nob","floor":14.0,"turns":4.0},{"damage":2.0,"enemies":"The Guardian","floor":16.0,"turns":12.0},{"damage":0.0,"enemies":"Chosen","floor":18.0,"turns":5.0},{"damage":54.0,"enemies":"3 Byrds","floor":20.0,"turns":7.0},{"damage":15.0,"enemies":"Shelled Parasite and Fungi","floor":22.0,"turns":5.0},{"damage":0.0,"enemies":"Book of Stabbing","floor":25.0,"turns":6.0},{"damage":19.0,"enemies":"Slavers","floor":28.0,"turns":4.0},{"damage":10.0,"enemies":"Snake Plant","floor":30.0,"turns":2.0},{"damage":0,"enemies":"Automaton","floor":33,"turns":10},{"damage":2,"enemies":"Orb Walker","floor":35,"turns":5},{"damage":3,"enemies":"2 Orb Walkers","floor":36,"turns":5},{"damage":0,"enemies":"Mind Bloom Boss Battle","floor":38,"turns":6},{"damage":3,"enemies":"3 Shapes","floor":39,"turns":6},{"damage":1,"enemies":"Reptomancer","floor":40,"turns":2},{"damage":18,"enemies":"Spire Growth","floor":41,"turns":8},{"damage":13,"enemies":"Giant Head","floor":44,"turns":8},{"damage":0,"enemies":"3 Darklings","floor":46,"turns":2},{"damage":10,"enemies":"Reptomancer","floor":47,"turns":2},{"damage":0,"enemies":"Awakened One","floor":50,"turns":3},{"damage":18,"enemies":"Donu and Deca","floor":51,"turns":3},{"damage":0,"enemies":"Shield and Spear","floor":55,"turns":8},{"damage":30,"enemies":"The Heart","floor":56,"turns":7}],"seed_played":"7495059584530233905","potions_obtained":[{"floor":1.0,"key":"FairyPotion"},{"floor":2.0,"key":"SmokeBomb"},{"floor":12.0,"key":"PowerPotion"},{"floor":13.0,"key":"SkillPotion"},{"floor":16.0,"key":"Regen Potion"},{"floor":17.0,"key":"Ancient Potion"},{"floor":20.0,"key":"FocusPotion"},{"floor":22.0,"key":"EntropicBrew"},{"floor":25.0,"key":"Ancient Potion"},{"floor":36,"key":"SpeedPotion"},{"floor":38,"key":"PowerPotion"},{"floor":39,"key":"AttackPotion"},{"floor":44,"key":"SteroidPotion"},{"floor":46,"key":"DistilledChaos"},{"floor":47,"key":"EssenceOfDarkness"},{"floor":55,"key":"Explosive Potion"}],"is_trial":false,"path_per_floor":["M","M","?","$","?","E","R","M","T","M","?","E","M","E","R","B",null,"M","?","M","?","M","R","R","E","T","$","E","?","M","$","R","B",null,"M","?","$","?","M","E","M","T","T","E","R","M","E","?","R","B","B",null,"R","$","E","B",null],"character_chosen":"DEFECT","items_purchased":["The Bomb","Capacitor","Static Discharge+1","Lee\u0027s Waffle","Turbo","Medical Kit","Glacier","Capacitor+1","Skim"],"campfire_rested":2,"item_purchase_floors":[4,4,27,27,31,37,54,54,54],"current_hp_per_floor":[59,59,54,54,54,31,31,30,30,14,7,19,19,19,19,17,57,57,57,20,20,7,27,47,49,49,76,57,57,54,54,54,61,72,76,76,76,76,76,76,63,68,78,72,72,79,76,61,61,63,47,76,76,76,83,55],"gold":52,"neow_bonus":"BOSS_RELIC","is_daily":false,"chose_seed":false,"campfire_upgraded":4,"win_rate":0.0,"timestamp":1611001441,"path_taken":["M","M","?","$","?","E","R","M","T","M","?","E","M","E","R","BOSS","M","?","?","?","M","R","R","E","T","$","E","?","M","$","R","BOSS","M","?","$","?","M","E","?","?","T","E","R","?","E","?","R","BOSS","BOSS","R","$","E","BOSS"],"items_purchased_type":["Card","Card","Card","Relic","Card","Relic","Card","Card","Card"],"build_version":"2020-12-22","purchased_purges":2,"victory":true,"max_hp_per_floor":[71,71,71,71,64,64,64,64,64,64,64,64,64,64,64,64,69,69,69,69,69,69,69,69,69,69,76,76,76,76,76,76,76,76,76,76,76,76,76,76,76,76,86,86,86,86,86,86,86,86,86,86,86,86,86,86],"relic_stats":{"Lee\u0027s Waffle":27,"counters":[29,147],"Pen Nib":[2],"Medical Kit":[12],"Cables":[63,21,38,2,2],"Blood Vial":26,"Peace Pipe":1,"Centennial Puzzle":[33],"Mummified Hand":[51],"Bloody Idol":51,"Snecko Eye":[159,132,128,128],"Turnip":[2],"obtain_stats":[{"Tiny House":17,"Old Coin":3,"Blood Vial":19,"Centennial Puzzle":25,"Mummified Hand":47,"WingedGreaves":14,"Cracked Core":0,"Potion Belt":6,"Lee\u0027s Waffle":27,"Pear":43,"Golden Idol":5,"Oddly Smooth Stone":12,"Pen Nib":55,"Frozen Egg 2":9,"Medical Kit":37,"White Beast Statue":44,"Cables":28,"Peace Pipe":36,"Runic Dome":0,"Bloody Idol":29,"Snecko Eye":34,"Turnip":40,"Unceasing Top":38,"Pocketwatch":21,"Meat on the Bone":26},{"Tiny House":9,"Old Coin":2,"Blood Vial":10,"Centennial Puzzle":13,"Mummified Hand":25,"WingedGreaves":8,"Cracked Core":0,"Potion Belt":3,"Lee\u0027s Waffle":13,"Pear":22,"Golden Idol":2,"Oddly Smooth Stone":6,"Pen Nib":28,"Frozen Egg 2":4,"Medical Kit":18,"White Beast Statue":23,"Cables":14,"Peace Pipe":18,"Runic Dome":0,"Bloody Idol":14,"Snecko Eye":16,"Turnip":21,"Unceasing Top":19,"Pocketwatch":11,"Meat on the Bone":13},{"Tiny House":43,"Old Coin":6,"Blood Vial":48,"Centennial Puzzle":66,"Mummified Hand":126,"WingedGreaves":31,"Cracked Core":0,"Potion Belt":10,"Lee\u0027s Waffle":66,"Pear":114,"Golden Idol":6,"Oddly Smooth Stone":22,"Pen Nib":140,"Frozen Egg 2":14,"Medical Kit":92,"White Beast Statue":122,"Cables":70,"Peace Pipe":92,"Runic Dome":0,"Bloody Idol":70,"Snecko Eye":82,"Turnip":106,"Unceasing Top":98,"Pocketwatch":55,"Meat on the Bone":66}],"Unceasing Top":[55],"Pocketwatch":[38],"Meat on the Bone":0},"card_choices":[{"not_picked":["Stack","Defragment"],"picked":"Glacier","floor":1.0},{"not_picked":["Force Field","Hologram"],"picked":"Go for the Eyes","floor":2.0},{"not_picked":["Rip and Tear","Hologram"],"picked":"Darkness","floor":6.0},{"not_picked":["Coolheaded","Rebound"],"picked":"Compile Driver","floor":8.0},{"not_picked":["Beam Cell","Conserve Battery"],"picked":"Ball Lightning","floor":10.0},{"not_picked":["Coolheaded","Ball Lightning"],"picked":"Buffer+1","floor":12.0},{"not_picked":["Compile Driver","Hologram"],"picked":"Capacitor+1","floor":13.0},{"not_picked":["FTL","Recycle"],"picked":"Undo","floor":14.0},{"not_picked":["Buffer+1","Creative AI+1"],"picked":"Biased Cognition+1","floor":16.0},{"not_picked":["Beam Cell","Streamline"],"picked":"Reinforced Body","floor":17.0},{"not_picked":["Redo","Compile Driver"],"picked":"Cold Snap","floor":18.0},{"not_picked":["Compile Driver+1","Rebound+1"],"picked":"Go for the Eyes+1","floor":20.0},{"not_picked":["Force Field","Storm+1"],"picked":"Aggregate+1","floor":22.0},{"not_picked":["Steam","Stack","Recycle"],"picked":"SKIP","floor":25.0},{"not_picked":["Gash","Streamline+1"],"picked":"Hologram","floor":28.0},{"not_picked":["Conserve Battery","Stack"],"picked":"All For One","floor":30.0},{"not_picked":["Fission","Reboot"],"picked":"All For One","floor":33},{"not_picked":["Gash","Go for the Eyes+1"],"picked":"Consume+1","floor":35},{"not_picked":["Barrage","Redo"],"picked":"Chaos+1","floor":36},{"not_picked":["Compile Driver","Leap+1"],"picked":"Hologram+1","floor":38},{"not_picked":["Steam","White Noise"],"picked":"Genetic Algorithm","floor":39},{"not_picked":["Stack","Coolheaded"],"picked":"Seek","floor":40},{"not_picked":["Chaos","Darkness","Rebound"],"picked":"SKIP","floor":41},{"not_picked":["Chaos","Darkness","Rebound"],"picked":"SKIP","floor":41},{"not_picked":["BootSequence","Consume"],"picked":"Recycle","floor":44},{"not_picked":["Gash","Rebound"],"picked":"Sunder","floor":46},{"not_picked":["Go for the Eyes+1","Hello World+1","Auto Shields"],"picked":"SKIP","floor":47},{"not_picked":["Melter","Skim"],"picked":"Echo Form+1","floor":55}],"player_experience":1007555,"relics_obtained":[{"floor":6.0,"key":"Potion Belt"},{"floor":9.0,"key":"Frozen Egg 2"},{"floor":12.0,"key":"Oddly Smooth Stone"},{"floor":14.0,"key":"WingedGreaves"},{"floor":25.0,"key":"Centennial Puzzle"},{"floor":26.0,"key":"Meat on the Bone"},{"floor":28.0,"key":"Cables"},{"floor":36,"key":"Peace Pipe"},{"floor":38,"key":"Unceasing Top"},{"floor":40,"key":"Turnip"},{"floor":43,"key":"Pear"},{"floor":44,"key":"White Beast Statue"},{"floor":47,"key":"Mummified Hand"},{"floor":55,"key":"Pen Nib"}],"event_choices":[{"damage_healed":0.0,"max_hp_gain":0.0,"max_hp_loss":0.0,"gold_gain":0.0,"event_name":"Scrap Ooze","player_choice":"Success","floor":3.0,"gold_loss":0.0,"damage_taken":5.0,"relics_obtained":["Old Coin"]},{"damage_healed":0.0,"max_hp_gain":0.0,"max_hp_loss":7.0,"gold_gain":0.0,"event_name":"Golden Idol","player_choice":"Lose Max HP","floor":5.0,"gold_loss":0.0,"damage_taken":0.0,"relics_obtained":["Golden Idol"]},{"cards_removed":["Strike_B"],"damage_healed":0.0,"max_hp_gain":0.0,"max_hp_loss":0.0,"gold_gain":0.0,"event_name":"Golden Wing","player_choice":"Card Removal","floor":11.0,"gold_loss":0.0,"damage_taken":7.0},{"damage_healed":0.0,"max_hp_gain":0.0,"max_hp_loss":0.0,"gold_gain":0.0,"event_name":"WeMeetAgain","player_choice":"Gave Potion","floor":19.0,"gold_loss":0.0,"damage_taken":0.0,"relics_obtained":["Blood Vial"]},{"damage_healed":0.0,"max_hp_gain":0.0,"max_hp_loss":0.0,"gold_gain":0.0,"event_name":"Addict","player_choice":"Obtained Relic","floor":21.0,"gold_loss":85.0,"damage_taken":0.0,"relics_obtained":["Pocketwatch"]},{"damage_healed":0.0,"max_hp_gain":0.0,"max_hp_loss":0.0,"gold_gain":0.0,"event_name":"Forgotten Altar","player_choice":"Gave Idol","floor":29.0,"relics_lost":["Golden Idol"],"gold_loss":0.0,"damage_taken":0.0,"relics_obtained":["Bloody Idol"]},{"damage_healed":0,"gold_gain":0,"player_choice":"Fight","damage_taken":0,"max_hp_gain":0,"max_hp_loss":0,"event_name":"Mysterious Sphere","floor":36,"gold_loss":0},{"damage_healed":0,"gold_gain":0,"player_choice":"Fight","damage_taken":0,"max_hp_gain":0,"max_hp_loss":0,"event_name":"MindBloom","floor":38,"gold_loss":0},{"damage_healed":0,"gold_gain":0,"player_choice":"Embrace Madness","damage_taken":15,"max_hp_gain":0,"max_hp_loss":0,"event_name":"Winding Halls","floor":48,"gold_loss":0,"cards_obtained":["Madness","Madness"]}],"is_beta":false,"boss_relics":[{"not_picked":["Velvet Choker","Sozu"],"picked":"Tiny House"},{"not_picked":["Astrolabe","SlaversCollar"],"picked":"Snecko Eye"}],"items_purged_floors":[4,27],"is_endless":false,"potions_floor_spawned":[1,2,12,13,16,20,22,25,36,38,39,44,46,47,55],"ascension_level":20}}