{"host":"vrsxkkch9ccrec7k","time":1611004841,"event":{"mods":["Act Like it!","BaseMod","Bestiary","Better Sensory Stone","Better Third Choice","Better Vampires","Downfall","Minty Spire (QoL Compilation)","Permanent Neow","Relic Stats","Spicy Shops","StSLib"],"gold_per_floor":[99,118,118,43,58,8,8,8,8,39,54,4,4,4,19,117,117,67,80,91,109,127,139,187,197,217,245,265,115,144,164,174,270,270,220,232,251,251,270,286,286,236,44,78,94,112,62,91,101,101,101,101],"floor_reached":50,"language":"ENG","playtime":6262,"items_purged":[],"score":662,"play_id":"5ceaba20-5ac0-4e1c-8c02-34363f870a8d","local_time":"20210118162041","is_ascension_mode":true,"campfire_choices":[{"data":"Slimebound:Split","floor":1,"key":"SMITH"},{"data":"Slimebound:CorrosiveSpit","floor":6,"key":"SMITH"},{"data":"Slimebound:LeadByExample","floor":12,"key":"SMITH"},{"data":"Slimebound:Darklings","floor":18,"key":"SMITH"},{"floor":29,"key":"REST"},{"data":"Slimebound:Teamwork","floor":35,"key":"SMITH"},{"data":"Slimebound:RallyTheTroops","floor":42,"key":"SMITH"},{"floor":47,"key":"REST"}],"circlet_count":0,"master_deck":["Slimebound:Tackle","Slimebound:Defend_Slimebound","Slimebound:Defend_Slimebound","Slimebound:Defend_Slimebound","Slimebound:Defend_Slimebound","Slimebound:Split+1","Slimebound:CorrosiveSpit+1","Slimebound:GoopSpray","Slimebound:SlimeBarrage","Slimebound:SpikyOuterGoop","Slimebound:LeadByExample+1","Slimebound:LivingWall","Slimebound:Schlurp","Decay","Slimebound:GrowthPunch","Slimebound:Darklings+1","Slimebound:Prepare","Slimebound:SamplingLick+1","Slimebound:ItLooksTasty+1","Slimebound:Teamwork+1","Slimebound:SplitSpecialist+1","Slimebound:MegaLick","Slimebound:Repurpose","Slimebound:RallyTheTroops+1","Slimebound:LivingWall+1","Slimebound:Prepare+1","Slimebound:SlimeSpikes+1","expansioncontent:StudyTheSpire+1","Slimebound:RainOfGoop+1","Slimebound:LeechingTouch+1","Slimebound:LeadByExample+1","Slimebound:AcidTongue+1","Slimebound:FormOfPuddle+1"],"relics":["Slimebound:AbsorbEndCombat","Slimebound:GreedOozeRelic","Gremlin Horn","Ice Cream","Runic Pyramid","Happy Flower","Pantograph","downfall:HeartBlessingGreen","Frozen Egg 2","Sozu","Pear","Boot","PreservedInsect"],"acts_visited":["Exordium","TheCity","TheBeyond"],"potions_floor_usage":[19,21,23,26,30,33,33],"damage_taken":[{"damage":0,"enemies":"2 Louse","floor":2,"turns":2},{"damage":0,"enemies":"Small Slimes","floor":5,"turns":3},{"damage":0,"enemies":"Cultist","floor":8,"turns":1},{"damage":25,"enemies":"3 Sentries","floor":10,"turns":11},{"damage":0,"enemies":"Blue Slaver","floor":11,"turns":3},{"damage":9,"enemies":"3 Louse","floor":15,"turns":5},{"damage":12,"enemies":"DF_ARCHETYPE_STREAMLINE","floor":16,"turns":12},{"damage":21,"enemies":"3 Byrds","floor":19,"turns":4},{"damage":1,"enemies":"Spheric Guardian","floor":20,"turns":4},{"damage":8,"enemies":"3 Cultists","floor":21,"turns":5},{"damage":3,"enemies":"Sentry and Sphere","floor":22,"turns":5},{"damage":6,"enemies":"Snake Plant","floor":23,"turns":4},{"damage":3,"enemies":"Snecko","floor":25,"turns":4},{"damage":27,"enemies":"Centurion and Healer","floor":26,"turns":7},{"damage":18,"enemies":"Book of Stabbing","floor":27,"turns":6},{"damage":0,"enemies":"3 Cultists","floor":28,"turns":4},{"damage":14,"enemies":"Slavers","floor":30,"turns":6},{"damage":9,"enemies":"Shelled Parasite and Fungi","floor":31,"turns":8},{"damage":3,"enemies":"Snake Plant","floor":32,"turns":4},{"damage":46,"enemies":"WA_ARCHETYPE_CALM","floor":33,"turns":9},{"damage":11,"enemies":"Orb Walker","floor":36,"turns":4},{"damage":5,"enemies":"3 Shapes","floor":37,"turns":3},{"damage":13,"enemies":"Transient","floor":39,"turns":5},{"damage":5,"enemies":"Writhing Mass","floor":40,"turns":5},{"damage":0,"enemies":"downfall:FleeingMerchant","floor":43,"turns":4},{"damage":32,"enemies":"Giant Head","floor":44,"turns":8},{"damage":0,"enemies":"4 Shapes","floor":45,"turns":4},{"damage":18,"enemies":"Sphere and 2 Shapes","floor":46,"turns":7},{"damage":10,"enemies":"Nemesis","floor":48,"turns":7},{"damage":3,"enemies":"Maw","floor":49,"turns":7},{"damage":91,"enemies":"SI_POISON_ARCHETYPE","floor":50,"turns":7}],"seed_played":"170271597680709015","potions_obtained":[{"floor":2,"key":"Energy Potion"},{"floor":16,"key":"PowerPotion"},{"floor":19,"key":"Block Potion"},{"floor":20,"key":"FairyPotion"},{"floor":25,"key":"SneckoOil"},{"floor":27,"key":"FearPotion"},{"floor":28,"key":"Dexterity Potion"},{"floor":32,"key":"Regen Potion"}],"is_trial":false,"path_per_floor":["R","M","?","?","M","R","T","M","?","E","M","R","?","?","M","B",null,"R","M","M","M","M","M","T","M","M","E","M","R","E","M","M","B",null,"R","M","M","?","M","M","T","R","$","E","M","M","R","E","M","B"],"character_chosen":"SLIMEBOUND","items_purchased":["expansioncontent:StudyTheSpire"],"campfire_rested":2,"item_purchase_floors":[43],"current_hp_per_floor":[47,48,48,48,50,50,50,50,50,30,31,31,31,31,23,17,65,65,46,47,43,45,41,41,40,18,4,7,26,17,12,10,11,65,65,56,53,53,44,40,50,50,54,29,31,16,38,32,34,0,0,0],"gold":101,"neow_bonus":"TRANSFORM_TWO_CARDS","is_daily":false,"chose_seed":false,"campfire_upgraded":6,"win_rate":0.0,"timestamp":1611004841,"path_taken":["R","M","?","?","M","R","T","M","?","E","?","R","?","?","M","BOSS","R","M","M","?","M","?","T","M","M","E","?","R","E","M","M","BOSS","R","M","M","?","M","M","T","R","$","E","M","M","R","E","M","BOSS"],"items_purchased_type":["Card"],"build_version":"2020-12-22","purchased_purges":0,"victory":false,"max_hp_per_floor":[65,65,65,65,65,65,65,65,65,65,65,65,65,65,65,65,65,65,65,65,65,65,65,65,65,65,65,65,65,65,65,65,65,65,65,65,65,65,65,65,75,75,75,75,75,75,75,75,75,75,75,75],"relic_stats":{"Sozu":4,"Gremlin Horn":[21,21],"Happy Flower":[36],"counters":[31,160],"Pantograph":50,"PreservedInsect":0,"Boot":[8],"obtain_stats":[{"Ice Cream":10,"Pear":41,"Gremlin Horn":7,"Happy Flower":24,"downfall:HeartBlessingGreen":29,"PreservedInsect":48,"Frozen Egg 2":30,"Boot":44,"Slimebound:GreedOozeRelic":4,"Sozu":34,"downfall:BrokenWingStatue":3,"Pantograph":27,"Slimebound:AbsorbEndCombat":0,"Runic Pyramid":17},{"Ice Cream":4,"Pear":24,"Gremlin Horn":2,"Happy Flower":12,"downfall:HeartBlessingGreen":16,"PreservedInsect":29,"Frozen Egg 2":17,"Boot":26,"Slimebound:GreedOozeRelic":1,"Sozu":20,"downfall:BrokenWingStatue":1,"Pantograph":15,"Slimebound:AbsorbEndCombat":0,"Runic Pyramid":7},{"Ice Cream":16,"Pear":117,"Gremlin Horn":4,"Happy Flower":55,"downfall:HeartBlessingGreen":76,"PreservedInsect":146,"Frozen Egg 2":81,"Boot":129,"Slimebound:GreedOozeRelic":2,"Sozu":101,"downfall:BrokenWingStatue":2,"Pantograph":72,"Slimebound:AbsorbEndCombat":0,"Runic Pyramid":33}]},"card_choices":[{"not_picked":["Slimebound:GoopTackle","Slimebound:DisruptingSlam"],"picked":"Slimebound:SpikyOuterGoop","floor":2},{"not_picked":["Slimebound:Gluttony","Slimebound:SplitSpecialist"],"picked":"Slimebound:LeadByExample","floor":5},{"not_picked":["Slimebound:ComboTackle","Slimebound:Gluttony"],"picked":"Slimebound:LivingWall","floor":8},{"not_picked":["Slimebound:SlimeBrawl","Slimebound:Nibble"],"picked":"Slimebound:Schlurp","floor":10},{"not_picked":["Slimebound:Prepare","Slimebound:LeechEnergy","Slimebound:GoopTackle"],"picked":"SKIP","floor":11},{"not_picked":["Slimebound:GoopSpray","Slimebound:SplitAcid"],"picked":"Slimebound:GrowthPunch","floor":15},{"not_picked":["Slimebound:OneTwoCombo","Slimebound:SelfFormingGoo"],"picked":"Slimebound:Darklings","floor":16},{"not_picked":["Slimebound:SlimeSpikes","Slimebound:Gluttony"],"picked":"Slimebound:Prepare","floor":19},{"not_picked":["Slimebound:RollThrough","Slimebound:Replication","Slimebound:Schlurp"],"picked":"SKIP","floor":20},{"not_picked":["Slimebound:SplitAcid+1","Slimebound:RollThrough"],"picked":"Slimebound:SamplingLick+1","floor":21},{"not_picked":["Slimebound:SpikyOuterGoop","Slimebound:Recollect+1"],"picked":"Slimebound:ItLooksTasty+1","floor":22},{"not_picked":["Slimebound:FormOfPuddle+1","Slimebound:GoopTackle"],"picked":"Slimebound:Teamwork","floor":23},{"not_picked":["Slimebound:Schlurp","Slimebound:ComboTackle","Slimebound:TongueLash"],"picked":"SKIP","floor":25},{"not_picked":["Slimebound:RollThrough","Slimebound:SplitSpecialist","Slimebound:LeechEnergy"],"picked":"SKIP","floor":26},{"not_picked":["Slimebound:SamplingLick","Slimebound:Grow","Slimebound:ItLooksTasty+1"],"picked":"SKIP","floor":27},{"not_picked":["Slimebound:DivideAndConquer+1","Slimebound:SplitLeeching"],"picked":"Slimebound:SplitSpecialist+1","floor":28},{"not_picked":["Slimebound:GrowthPunch+1","Slimebound:SplitLeeching","Slimebound:Grow+1"],"picked":"SKIP","floor":30},{"not_picked":["Slimebound:WasteNot","Slimebound:HungryTackle+1"],"picked":"Slimebound:MegaLick","floor":31},{"not_picked":["Slimebound:Grow+1","Slimebound:FinishingTackle+1"],"picked":"Slimebound:Repurpose","floor":32},{"not_picked":["Slimebound:PrepareCrush","Slimebound:MassFeed"],"picked":"Slimebound:RallyTheTroops","floor":33},{"not_picked":["Slimebound:DivideAndConquer","Slimebound:SplitLeeching+1","Slimebound:Equalize+1"],"picked":"SKIP","floor":36},{"not_picked":["Slimebound:SplitBruiser","Slimebound:FinishingTackle"],"picked":"Slimebound:LivingWall+1","floor":37},{"not_picked":["Slimebound:ForwardTackle","Slimebound:LeechEnergy"],"picked":"Slimebound:Prepare+1","floor":39},{"not_picked":["Slimebound:PressTheAttack","Slimebound:ServeAndProtect","Slimebound:HauntingLick+1"],"picked":"SKIP","floor":40},{"not_picked":["Slimebound:GrowthPunch+1","Slimebound:MassRepurpose"],"picked":"Slimebound:SlimeSpikes+1","floor":43},{"not_picked":["Slimebound:LivingWall+1","Slimebound:Dissolve"],"picked":"Slimebound:RainOfGoop+1","floor":44},{"not_picked":["Slimebound:GoopTackle+1","Slimebound:FinishingTackle+1"],"picked":"Slimebound:LeechingTouch+1","floor":45},{"not_picked":["Slimebound:LeechingTouch","Slimebound:Chomp"],"picked":"Slimebound:LeadByExample+1","floor":46},{"not_picked":["Slimebound:GrowthPunch","Slimebound:SlimeSpikes+1"],"picked":"Slimebound:AcidTongue+1","floor":48},{"not_picked":["Slimebound:Schlurp","Slimebound:GoopSpray"],"picked":"Slimebound:FormOfPuddle+1","floor":49}],"player_experience":1611264,"relics_obtained":[{"floor":7,"key":"Gremlin Horn"},{"floor":10,"key":"Ice Cream"},{"floor":24,"key":"Happy Flower"},{"floor":27,"key":"Pantograph"},{"floor":30,"key":"Frozen Egg 2"},{"floor":41,"key":"Pear"},{"floor":44,"key":"Boot"},{"floor":48,"key":"PreservedInsect"}],"event_choices":[{"cards_removed":["Slimebound:Strike_Slimebound"],"damage_healed":0,"gold_gain":0,"player_choice":"Card Removal","damage_taken":0,"max_hp_gain":0,"max_hp_loss":0,"event_name":"The Cleric","floor":13,"gold_loss":0},{"damage_healed":0,"gold_gain":0,"player_choice":"Cursed","damage_taken":0,"max_hp_gain":0,"max_hp_loss":0,"event_name":"Wheel of Change","floor":14,"gold_loss":0,"cards_obtained":["Decay"]}],"is_beta":false,"boss_relics":[{"not_picked":["Philosopher\u0027s Stone","Cursed Key"],"picked":"Runic Pyramid"},{"not_picked":["SacredBark","Calling Bell"],"picked":"Sozu"}],"items_purged_floors":[],"is_endless":false,"potions_floor_spawned":[2,16,19,20,25,27,28,32,37,40,44,48],"killed_by":"SI_POISON_ARCHETYPE","ascension_level":4}}