{"host":"t9zjxed0utvsfjwc","time":1611010308,"event":{"mods":["2.2 Compatiblity","Aspiration","BaseMod","Better Altar","Better Match","Better Note","Better Sensory Stone","Better Skull","Better Third Choice","Block Reminder","Colored Map","Colored Powertips","Hermit","Highlight Path","Hubris","Infinite Spire","Minty Spire (QoL Compilation)","Quick Restart","Rare Cards Sparkle","Replay The Spire","Shade Mod","StSLib","The Bug Knight","The Cursed","The Marked","Unceasing Turn Reminder","everything is the same but u backflip on backflip"],"gold_per_floor":[113,38,54,54,69,96,96,121,172,189,208,208,221,238,238,334,334,348,362,362,262,274,302,302,302,302,97,37,47,47,125,125,239,239,269,297,297,305,305],"floor_reached":38,"language":"ENG","playtime":1579,"items_purged":["theMarked:Strike","theMarked:Strike","theMarked:Strike"],"score":406,"play_id":"c0b7d376-204d-4d45-95cd-bec1582269bb","local_time":"20210118225148","is_ascension_mode":false,"campfire_choices":[{"floor":7,"key":"DIG"},{"floor":12,"key":"RECALL"},{"floor":15,"key":"DIG"},{"floor":25,"key":"DIG"},{"data":"theMarked:BanishingStrike","floor":30,"key":"SMITH"},{"floor":32,"key":"REST"}],"circlet_count":0,"master_deck":["HollowMod:HornetsHelp+1","theMarked:Defend","theMarked:SoldierOfQuellstein","theMarked:BanishingStrike+1","theMarked:BanishingStrike","theMarked:BanishingStrike","theMarked:WardOff+1","theMarked:Abjuration","theMarked:WardOff+1","Doubt","theMarked:HeritageOfTheMarked","theMarked:WardOff","theMarked:Vacuum","hubris:Lust","hubris:Greed","theMarked:DeterminationOfTheMarked+1"],"relics":["theMarked:ArtifactOfAir","Shovel","Replay:Towering Pillar of Hats","Akabeko","hubris:TenFootPole","infinitespire:Eraser","Replay:Bronze Core","Blood Vial","Ring of Searing","theMarked:SecretDocuments","White Beast Statue","Replay:Bandana","Kintsugi"],"acts_visited":["Exordium","TheCity","TheBeyond"],"potions_floor_usage":[6,16,16,16,33,33,33,38,38],"damage_taken":[{"damage":0,"enemies":"Cultist","floor":1,"turns":3},{"damage":0,"enemies":"Jaw Worm","floor":3,"turns":2},{"damage":0,"enemies":"Small Slimes","floor":5,"turns":3},{"damage":3,"enemies":"HollowMod:MossKnight","floor":6,"turns":3},{"damage":8,"enemies":"3 Sentries","floor":8,"turns":6},{"damage":0,"enemies":"Looter","floor":10,"turns":1},{"damage":5,"enemies":"Exordium Thugs","floor":11,"turns":2},{"damage":0,"enemies":"2 Fungi Beasts","floor":13,"turns":2},{"damage":0,"enemies":"3 Louse","floor":14,"turns":3},{"damage":30,"enemies":"The Guardian","floor":16,"turns":7},{"damage":3,"enemies":"Shell Parasite","floor":18,"turns":3},{"damage":0,"enemies":"2 Thieves","floor":19,"turns":3},{"damage":2,"enemies":"Cultist and Chosen","floor":22,"turns":3},{"damage":20,"enemies":"Slavers","floor":23,"turns":7},{"damage":16,"enemies":"Snake Plant","floor":29,"turns":2},{"damage":44,"enemies":"Automaton","floor":33,"turns":8},{"damage":26,"enemies":"3 Shapes","floor":35,"turns":4},{"damage":29,"enemies":"3 Darklings","floor":36,"turns":6},{"damage":31,"enemies":"Sphere and 2 Shapes","floor":38,"turns":3}],"seed_played":"-7399753117323082156","potions_obtained":[{"floor":3,"key":"Elixir"},{"floor":5,"key":"EssenceOfSteel"},{"floor":8,"key":"SteroidPotion"},{"floor":10,"key":"BlessingOfTheForge"},{"floor":14,"key":"theMarked:ChargePotion"},{"floor":22,"key":"Ancient Potion"},{"floor":29,"key":"Weak Potion"},{"floor":31,"key":"Flashbang"},{"floor":33,"key":"SpeedPotion"},{"floor":35,"key":"SpeedPotion"},{"floor":36,"key":"DuplicationPotion"}],"is_trial":false,"path_per_floor":["M","$","M","?","M","E","R","E","T","M","M","R","M","M","R","B",null,"M","M","?","$","M","E","?","R","T","$","?","M","R","?","R","B",null,"M","M","?","M"],"character_chosen":"THE_DEFAULT","items_purchased":["theMarked:HeritageOfTheMarked"],"campfire_rested":1,"item_purchase_floors":[27],"current_hp_per_floor":[70,70,70,70,70,67,67,59,59,59,54,54,54,54,54,24,70,67,67,67,67,65,45,45,45,45,45,45,31,31,23,44,2,70,44,17,17,0,0],"gold":305,"neow_bonus":"RANDOM_EVENT","is_daily":false,"chose_seed":false,"campfire_upgraded":1,"win_rate":0.0,"timestamp":1611010308,"path_taken":["M","$","M","?","?","E","R","E","T","M","M","R","M","M","R","BOSS","M","M","?","$","M","E","?","R","T","?","?","?","R","?","R","BOSS","M","M","?","M"],"items_purchased_type":["Card"],"build_version":"2020-12-22","purchased_purges":3,"victory":false,"max_hp_per_floor":[70,70,70,70,70,70,70,70,70,70,70,70,70,70,70,70,70,70,70,70,70,70,70,70,70,70,70,70,70,70,70,70,70,70,70,70,70,70,70],"card_choices":[{"not_picked":["theMarked:Frustration","theMarked:AttractMetal"],"picked":"theMarked:BanishingStrike","floor":1},{"not_picked":["theMarked:WastefulAttack","theMarked:MagicAdept"],"picked":"theMarked:BanishingStrike","floor":3},{"not_picked":["theMarked:Overthink","theMarked:ChainLightning","theMarked:ElectricStrings"],"picked":"SKIP","floor":5},{"not_picked":["theMarked:Challenge","theMarked:TakeCover","theMarked:RepellingDischarge"],"picked":"SKIP","floor":6},{"not_picked":["theMarked:WastefulDefense","theMarked:SummonStrength","theMarked:SwordAndMagic"],"picked":"SKIP","floor":8},{"not_picked":["theMarked:Improvise","theMarked:Electrocute","theMarked:HeightenedSenses"],"picked":"SKIP","floor":10},{"not_picked":["theMarked:Frustration","theMarked:GodGivenPower"],"picked":"theMarked:WardOff","floor":11},{"not_picked":["theMarked:ChainLightning","theMarked:SwordAndMagic","theMarked:ParalyzingBlade"],"picked":"SKIP","floor":13},{"not_picked":["theMarked:ChainLightning","theMarked:Indomitable","theMarked:ElementalBlade"],"picked":"SKIP","floor":14},{"not_picked":["theMarked:DispelDoubt","theMarked:MagicAdept"],"picked":"theMarked:Abjuration","floor":16},{"not_picked":["theMarked:Aftermath","theMarked:Standoff","theMarked:Static"],"picked":"SKIP","floor":18},{"not_picked":["theMarked:MaelstromOfLightning","theMarked:Static+1"],"picked":"theMarked:WardOff+1","floor":19},{"not_picked":["theMarked:SwordAndMagic","theMarked:Electrify","theMarked:Overthink"],"picked":"SKIP","floor":22},{"not_picked":["theMarked:Defy","theMarked:Panic","theMarked:SuspiciousRaven"],"picked":"SKIP","floor":23},{"not_picked":["theMarked:Frustration+1","theMarked:KeepCalmAndFightOn"],"picked":"theMarked:WardOff","floor":29},{"not_picked":["theMarked:FavorableWinds","theMarked:ThrowWeapon"],"picked":"theMarked:Vacuum","floor":33},{"not_picked":["theMarked:Static+1","theMarked:ComboAttacks+1","theMarked:TakeCover"],"picked":"SKIP","floor":35},{"not_picked":["theMarked:EnhanceMovement","theMarked:HeightenedSenses"],"picked":"theMarked:DeterminationOfTheMarked+1","floor":36}],"player_experience":372526,"relics_obtained":[{"floor":6,"key":"Replay:Towering Pillar of Hats"},{"floor":7,"key":"Akabeko"},{"floor":8,"key":"hubris:TenFootPole"},{"floor":15,"key":"infinitespire:Eraser"},{"floor":23,"key":"Blood Vial"},{"floor":24,"key":"Ring of Searing"},{"floor":25,"key":"theMarked:SecretDocuments"},{"floor":26,"key":"White Beast Statue"},{"floor":31,"key":"Replay:Bandana"}],"event_choices":[{"damage_healed":0,"gold_gain":0,"player_choice":"Gave Potion","damage_taken":0,"relics_obtained":["Shovel"],"max_hp_gain":0,"max_hp_loss":0,"event_name":"WeMeetAgain","floor":4,"gold_loss":0},{"cards_removed":["HollowMod:HornetsHelp"],"damage_healed":0,"gold_gain":0,"player_choice":"Give","damage_taken":0,"max_hp_gain":0,"max_hp_loss":0,"event_name":"betterNote:BetterNote","floor":20,"gold_loss":0,"cards_obtained":["Ghostly Armor"]}],"is_beta":false,"boss_relics":[{"not_picked":["hubris:CrackedHourglass","Velvet Choker"],"picked":"Replay:Bronze Core"},{"not_picked":["hubris:Stopwatch","Fusion Hammer"],"picked":"Kintsugi"}],"items_purged_floors":[2,21,27],"is_endless":false,"potions_floor_spawned":[3,5,8,10,14,22,29,33,35,36],"killed_by":"Sphere and 2 Shapes","ascension_level":0}}