{"host":"e6sgj53qqwx3piqv","time":1611008233,"event":{"mods":["AchievementEnabler","Aspiration","BaseMod","BetterRewards","Colored Powertips","Downfall","Hermit","Hubris","Infinite Spire","Minty Spire (QoL Compilation)","Quick Restart","Rare Cards Sparkle","Shop Mod","StSLib","The Cursed","The Disciple","The Jungle","The Runesmith"],"gold_per_floor":[109,109,109,119,134,134,134,134,161,161,204,204,204,45,45,151,151,173,195,195,195,224,224,276,276,303,303,303,42,42,17,17,127,127,151,151,151],"floor_reached":36,"language":"ENG","playtime":2196,"items_purged":[],"score":474,"play_id":"873674aa-2881-4e3f-b636-8e5d07feb049","local_time":"20210118171713","daily_mods":["Allstar","Colorless Cards","Heirloom","Time Dilation","Flight","downfall:Lament"],"is_ascension_mode":false,"campfire_choices":[{"data":"Runesmith:ChargedHammer","floor":6,"key":"SMITH"},{"data":"Runesmith:BackupBattery","floor":7,"key":"SMITH"},{"data":"Runesmith:BackupBattery+1","floor":8,"key":"SMITH"},{"data":"Runesmith:BackupBattery+2","floor":10,"key":"SMITH"},{"data":"Runesmith:BackupBattery+3","floor":13,"key":"SMITH"},{"data":"Runesmith:CraftMagma","floor":15,"key":"SMITH"},{"data":"Runesmith:Grindstone","floor":23,"key":"SMITH"},{"data":"infinitespire:Oblivion","floor":25,"key":"SMITH"},{"data":"Jack Of All Trades","floor":28,"key":"SMITH"},{"data":"Runesmith:PoweredAnvil","floor":30,"key":"SMITH"},{"data":"Runesmith:CraftFirestone","floor":32,"key":"SMITH"}],"circlet_count":0,"master_deck":["Runesmith:Strike_RS","Runesmith:Strike_RS","Runesmith:Strike_RS+1","Runesmith:Strike_RS+1","Runesmith:Defend_RS","Runesmith:Defend_RS","Runesmith:Defend_RS","Runesmith:Defend_RS","Runesmith:CraftFirestone+1","Runesmith:Fortify","hubris:Insight","Jack Of All Trades+1","Finesse+1","Dark Shackles","Runesmith:BackupBattery+4","Runesmith:CraftReservo+1","Runesmith:ChargedHammer+1","Runesmith:Grindstone+1","Runesmith:CraftMagma+1","Runesmith:MetallurgicalResearch+1","Runesmith:CraftIncendium+1","Runesmith:Firewall+1","Runesmith:Accelerate","infinitespire:Oblivion+1","Runesmith:ChaoticBlast","Runesmith:BackupBattery","Runesmith:PoweredAnvil+1","Runesmith:HammerThrow","Runesmith:ChargedHammer","Master of Strategy","Runesmith:CraftMagma"],"relics":["Runesmith:BrokenRuby","NeowsBlessing","Ice Cream","CeramicFish","FossilizedHelix","aspiration:Nostalgia","Cracked Core","Runesmith:UraniumAnvil","theJungle:BirthdayCakeSlice","War Paint","Guardian:PocketSentry","aspiration:HummingbirdHeart","Whetstone","aspiration:RunicSpoon"],"acts_visited":["Exordium","theJungle:Jungle","TheBeyond"],"potions_floor_usage":[36,36],"damage_taken":[{"damage":0,"enemies":"2 Louse","floor":1,"turns":1},{"damage":0,"enemies":"Small Slimes","floor":4,"turns":1},{"damage":0,"enemies":"Cultist","floor":5,"turns":1},{"damage":29,"enemies":"3 Sentries","floor":11,"turns":9},{"damage":0,"enemies":"Slime Boss","floor":16,"turns":7},{"damage":0,"enemies":"theJungle:GiantWrat","floor":18,"turns":5},{"damage":5,"enemies":"theJungle:5_Spyders","floor":19,"turns":7},{"damage":29,"enemies":"theJungle:JungleHuntersEncounter","floor":22,"turns":6},{"damage":0,"enemies":"Nightmare","floor":24,"turns":5},{"damage":17,"enemies":"theJungle:TotemBoss","floor":33,"turns":6},{"damage":0,"enemies":"Orb Walker","floor":35,"turns":3},{"damage":24,"enemies":"infinitespire:Three Voidlings","floor":36,"turns":4},{"damage":74,"enemies":"Nightmare_Alpha","floor":36,"turns":7}],"seed_played":"-7296333373926790907","potions_obtained":[{"floor":4,"key":"SmokeBomb"},{"floor":16,"key":"EssenceOfSteel"},{"floor":33,"key":"Slimebound:ThreeZeroPotion"}],"is_trial":true,"path_per_floor":["M","?","?","M","M","R","R","R","T","R","E","?","R","$","R","B",null,"M","M","?","?","M","R","NM","R","T","T","R","$","R","$","R","B",null,"M","?"],"character_chosen":"RUNESMITH_CLASS","items_purchased":["aspiration:Nostalgia","Runesmith:CraftMagma","Runesmith:BackupBattery","Runesmith:PoweredAnvil","Whetstone","Runesmith:HammerThrow","Runesmith:ChargedHammer"],"campfire_rested":0,"item_purchase_floors":[14,14,29,29,29,29,31],"current_hp_per_floor":[70,70,80,80,80,80,80,80,80,80,51,56,56,56,56,56,85,85,80,85,85,56,56,56,56,56,56,56,56,56,56,56,39,90,90,0,0],"gold":151,"neow_bonus":"","is_daily":false,"chose_seed":false,"campfire_upgraded":11,"win_rate":0.0,"timestamp":1611008233,"path_taken":["M","?","?","?","?","R","R","R","T","R","E","?","R","$","R","BOSS","M","M","?","?","?","R","NM","R","T","?","R","$","R","?","R","BOSS","M","?"],"items_purchased_type":["Relic","Card","Card","Card","Relic","Card","Card"],"build_version":"2020-12-22","purchased_purges":0,"victory":false,"max_hp_per_floor":[70,70,80,80,80,80,80,80,80,80,80,85,85,85,85,85,85,85,85,90,90,90,90,90,90,90,90,90,90,90,90,90,90,90,90,90,90],"card_choices":[{"not_picked":["Runesmith:StaticCage","Runesmith:EnergizedChisel"],"picked":"Runesmith:BackupBattery","floor":1},{"not_picked":["Runesmith:Permafrost","Runesmith:EnergizedChisel"],"picked":"Runesmith:CraftReservo","floor":4},{"not_picked":["Runesmith:Grindstone","Runesmith:EarthShield"],"picked":"Runesmith:ChargedHammer","floor":5},{"not_picked":["Runesmith:BackupBattery","Runesmith:Repurpose"],"picked":"Runesmith:Grindstone","floor":11},{"not_picked":["Runesmith:GenerateForcefield","Runesmith:DuctTape"],"picked":"Runesmith:MetallurgicalResearch","floor":16},{"not_picked":["Runesmith:HammerThrow+1","Runesmith:EarthShield"],"picked":"Runesmith:CraftIncendium+1","floor":18},{"not_picked":["Runesmith:EnergizedChisel","Runesmith:HeatedChisel"],"picked":"Runesmith:Firewall+1","floor":19},{"not_picked":["Runesmith:StaticCage","Runesmith:ChiselStab"],"picked":"Runesmith:Accelerate","floor":22},{"not_picked":["infinitespire:UltimateForm","infinitespire:Fortify"],"picked":"infinitespire:Oblivion","floor":24},{"not_picked":["Runesmith:EnergizedChisel","Runesmith:HammerThrow+1"],"picked":"Runesmith:ChaoticBlast","floor":24},{"not_picked":["Transmutation","Runesmith:UnlimitedPower"],"picked":"Master of Strategy","floor":33},{"not_picked":["Runesmith:Repurpose+1","Runesmith:HammerThrow"],"picked":"Runesmith:CraftMagma","floor":35}],"player_experience":168679,"relics_obtained":[{"floor":9,"key":"CeramicFish"},{"floor":11,"key":"FossilizedHelix"},{"floor":24,"key":"War Paint"},{"floor":26,"key":"Guardian:PocketSentry"},{"floor":27,"key":"aspiration:HummingbirdHeart"}],"event_choices":[{"damage_healed":0,"gold_gain":0,"player_choice":"Ignored","damage_taken":0,"max_hp_gain":0,"max_hp_loss":0,"event_name":"Golden Wing","floor":2,"gold_loss":0},{"cards_removed":["Secret Weapon"],"damage_healed":0,"gold_gain":0,"player_choice":"Offered Rare","damage_taken":0,"max_hp_gain":10,"max_hp_loss":0,"event_name":"Bonfire Elementals","floor":3,"gold_loss":0},{"damage_healed":0,"gold_gain":0,"player_choice":"Donut","damage_taken":0,"max_hp_gain":5,"max_hp_loss":0,"event_name":"Big Fish","floor":12,"gold_loss":0},{"damage_healed":0,"gold_gain":0,"player_choice":"Forge","damage_taken":0,"max_hp_gain":0,"max_hp_loss":0,"event_name":"Accursed Blacksmith","floor":21,"gold_loss":0,"cards_upgraded":["Runesmith:MetallurgicalResearch"]}],"is_beta":false,"boss_relics":[{"not_picked":["Cursed Key","Busted Crown"],"picked":"Runesmith:UraniumAnvil"},{"not_picked":["Empty Cage","aspiration:BursterCore"],"picked":"aspiration:RunicSpoon"}],"items_purged_floors":[],"is_endless":true,"potions_floor_spawned":[4,16,33],"killed_by":"Nightmare_Alpha","ascension_level":0}}