{"host":"f8toxsj3bk02pkeu","time":1611010727,"event":{"mods":["BaseMod","Minty Spire (QoL Compilation)","Permanent Neow","Quick Restart","StSLib","SuperFastMode"],"gold_per_floor":[118,118,118,143,143,172,233,260,260,260,287,305,321,338,338,338,338],"floor_reached":16,"language":"ENG","playtime":424,"items_purged":[],"score":286,"play_id":"149a0ce9-f233-4579-a909-87a120964842","local_time":"20210118155847","is_ascension_mode":true,"campfire_choices":[{"data":"Rupture","floor":10,"key":"SMITH"},{"floor":15,"key":"RECALL"}],"circlet_count":0,"master_deck":["AscendersBane","Strike_R","Strike_R","Strike_R","Strike_R","Strike_R","Defend_R","Defend_R","Defend_R","Defend_R","Bash","Hemokinesis","Rupture+1","Flex+1","Twin Strike","True Grit+1","Bloodletting+1"],"relics":["Burning Blood","NeowsBlessing","Strawberry","Blue Candle","Toxic Egg 2","Nunchaku","Turnip"],"acts_visited":["Exordium"],"potions_floor_usage":[8],"damage_taken":[{"damage":0,"enemies":"Jaw Worm","floor":1,"turns":1},{"damage":0,"enemies":"3 Sentries","floor":6,"turns":2},{"damage":0,"enemies":"Lagavulin Event","floor":7,"turns":1},{"damage":30,"enemies":"Lagavulin","floor":8,"turns":7},{"damage":54,"enemies":"3 Sentries","floor":11,"turns":10},{"damage":7,"enemies":"Cultist","floor":12,"turns":4},{"damage":3,"enemies":"2 Louse","floor":13,"turns":3},{"damage":17,"enemies":"Blue Slaver","floor":14,"turns":7},{"damage":36,"enemies":"The Guardian","floor":16,"turns":2}],"seed_played":"-8440598432069895686","potions_obtained":[{"floor":2,"key":"PowerPotion"},{"floor":2,"key":"FairyPotion"},{"floor":8,"key":"GamblersBrew"},{"floor":11,"key":"SpeedPotion"},{"floor":12,"key":"LiquidBronze"}],"is_trial":false,"path_per_floor":["M","?","$","T","$","E","?","E","T","R","E","M","M","M","R","B"],"character_chosen":"IRONCLAD","items_purchased":[],"campfire_rested":0,"item_purchase_floors":[],"current_hp_per_floor":[74,74,74,81,81,82,82,58,58,58,10,9,12,30,30,0,0],"gold":338,"neow_bonus":"THREE_ENEMY_KILL","is_daily":false,"chose_seed":false,"campfire_upgraded":1,"win_rate":0.0,"timestamp":1611010727,"path_taken":["M","?","$","?","?","E","?","E","T","R","E","?","M","M","R","BOSS"],"items_purchased_type":[],"build_version":"2020-12-22","purchased_purges":0,"victory":false,"max_hp_per_floor":[75,75,75,82,82,82,82,82,82,82,82,82,82,82,82,82,82],"card_choices":[{"not_picked":["Clash","Reckless Charge"],"picked":"Hemokinesis","floor":1},{"not_picked":["Flex","Reckless Charge"],"picked":"Rupture","floor":6},{"not_picked":["Demon Form","Heavy Blade"],"picked":"Flex+1","floor":8},{"not_picked":["Sword Boomerang","Body Slam"],"picked":"Twin Strike","floor":11},{"not_picked":["Clash","Twin Strike","Cleave"],"picked":"SKIP","floor":12},{"not_picked":["Wild Strike","Body Slam"],"picked":"True Grit+1","floor":13},{"not_picked":["Body Slam","Limit Break+1"],"picked":"Bloodletting+1","floor":14}],"player_experience":962484,"relics_obtained":[{"floor":4,"key":"Strawberry"},{"floor":6,"key":"Blue Candle"},{"floor":7,"key":"Toxic Egg 2"},{"floor":8,"key":"Nunchaku"},{"floor":11,"key":"Turnip"}],"event_choices":[{"damage_healed":0,"gold_gain":0,"player_choice":"Got Potions","damage_taken":0,"max_hp_gain":0,"max_hp_loss":0,"event_name":"Lab","floor":2,"gold_loss":0},{"damage_healed":0,"gold_gain":30,"player_choice":"Searched \u00272\u0027 times","damage_taken":0,"max_hp_gain":0,"max_hp_loss":0,"event_name":"Dead Adventurer","floor":7,"gold_loss":0}],"is_beta":false,"boss_relics":[],"items_purged_floors":[],"is_endless":false,"potions_floor_spawned":[7,8,11,12],"killed_by":"The Guardian","ascension_level":20}}