{"host":"h4lp0eeso8a0ssq0","time":1611005313,"event":{"mods":["2.2 Compatiblity","AchievementEnabler","BaseMod","CapriCore","Colored Map","Minty Spire (QoL Compilation)","Replay The Spire","StSLib","SuperFastMode"],"gold_per_floor":[113,63,63,83,8,26,26,26,36,36,36,36,51,63,63,83,83,184,284,297,311,311,311],"floor_reached":22,"language":"KOR","playtime":817,"items_purged":["Strike_G"],"score":178,"play_id":"c84bc9c1-429d-484d-ba77-25ba373563ad","local_time":"20210119062833","is_ascension_mode":false,"campfire_choices":[{"data":"Toxin Wave","floor":12,"key":"SMITH"},{"data":"Neutralize","floor":15,"key":"SMITH"},{"data":"Deadly Poison","floor":17,"key":"SMITH"}],"circlet_count":0,"master_deck":["Strike_G","Strike_G","Strike_G","Defend_G","Defend_G","Defend_G","Defend_G","Survivor","Neutralize+1","Cloak And Dagger","Toxin Wave+1","ReplayTheSpireMod:Speed Training","Dagger Throw","Choke","Burst","Deadly Poison+1","Unload","Deadly Poison","Backstab"],"relics":["Ring of the Snake","NeowsBlessing","ReplayTheSpireMod:Shallot","Replay:Wanted Poster"],"acts_visited":["Exordium","TheCity"],"potions_floor_usage":[],"damage_taken":[{"damage":0.0,"enemies":"Jaw Worm","floor":1.0,"turns":1.0},{"damage":0.0,"enemies":"2 Louse","floor":4.0,"turns":1.0},{"damage":0.0,"enemies":"Cultist","floor":6.0,"turns":1.0},{"damage":8,"enemies":"Gremlin Gang","floor":9,"turns":4},{"damage":0,"enemies":"Exordium Thugs","floor":13,"turns":5},{"damage":1,"enemies":"Blue Slaver","floor":14,"turns":3},{"damage":0,"enemies":"Red Slaver","floor":16,"turns":3},{"damage":37,"enemies":"Hexaghost","floor":18,"turns":10},{"damage":15,"enemies":"2 Thieves","floor":20,"turns":4},{"damage":15,"enemies":"Spheric Guardian","floor":21,"turns":4},{"damage":45,"enemies":"Cultist and Chosen","floor":22,"turns":6}],"seed_played":"-787565104841630358","potions_obtained":[{"floor":10,"key":"SteroidPotion"},{"floor":10,"key":"Milkshake"},{"floor":10,"key":"Adrenaline Potion"},{"floor":13,"key":"LiquidMemories"},{"floor":16,"key":"Toxic Potion"}],"is_trial":false,"path_per_floor":["M","?","?","M","$","M","PTL","PTL","M","?","T","R","M","M","R","M","R","B",null,"M","M","M"],"character_chosen":"THE_SILENT","items_purchased":[],"campfire_rested":0,"item_purchase_floors":[],"current_hp_per_floor":[70,70,70,70,70,70,70,70,62,62,62,62,62,61,61,61,61,24,70,55,40,0,0],"gold":311,"neow_bonus":"THREE_ENEMY_KILL","is_daily":false,"chose_seed":false,"campfire_upgraded":3,"win_rate":0.0,"timestamp":1611005313,"path_taken":["M","?","?","M","?","M","PTL","PTL","M","?","T","R","M","M","R","?","R","BOSS","M","M","?"],"items_purchased_type":[],"build_version":"2020-12-22","purchased_purges":1,"victory":false,"max_hp_per_floor":[70,70,70,70,70,70,70,70,70,70,70,70,70,70,70,70,70,70,70,70,70,70,70],"card_choices":[{"not_picked":["Well Laid Plans","All Out Attack"],"picked":"Cloak And Dagger","floor":1.0},{"not_picked":["ReplayTheSpireMod:Scrap Shanks","Bouncing Flask"],"picked":"Toxin Wave","floor":4.0},{"not_picked":["Underhanded Strike","Sneak Up"],"picked":"ReplayTheSpireMod:Speed Training","floor":6},{"not_picked":["Flying Knee","Prepared"],"picked":"Dagger Throw","floor":9},{"not_picked":["Dagger Throw","Dodge and Roll"],"picked":"Choke","floor":13},{"not_picked":["Sucker Punch","Flechettes"],"picked":"Burst","floor":14},{"not_picked":["Quick Slash","Prepared"],"picked":"Deadly Poison","floor":16},{"not_picked":["Glass Knife","Phantasmal Killer"],"picked":"Unload","floor":18},{"not_picked":["Concentrate","Bane"],"picked":"Deadly Poison","floor":20},{"not_picked":["PiercingWail","Deflect+1"],"picked":"Backstab","floor":21}],"player_experience":166555,"relics_obtained":[{"floor":11,"key":"ReplayTheSpireMod:Shallot"}],"event_choices":[{"cards_removed":["Strike_G"],"damage_healed":0.0,"max_hp_gain":0.0,"max_hp_loss":0.0,"gold_gain":0.0,"event_name":"The Cleric","player_choice":"Card Removal","floor":2.0,"gold_loss":50.0,"damage_taken":0.0},{"damage_healed":0,"gold_gain":0,"player_choice":"Got Potions","damage_taken":0,"max_hp_gain":0,"max_hp_loss":0,"event_name":"Lab","floor":10,"gold_loss":0}],"is_beta":false,"boss_relics":[{"not_picked":["ReplayTheSpireMod:DimensionalGlitch","Ring of Chaos"],"picked":"Replay:Wanted Poster"}],"items_purged_floors":[5],"is_endless":false,"potions_floor_spawned":[13,14,16],"killed_by":"Cultist and Chosen","ascension_level":0}}