{"host":"dftyqn972q7tuon4","time":1611000877,"event":{"mods":["AchievementEnabler","BaseMod","Better Altar","Better Match","Better Note","Better Sensory Stone","Better Skull","Better Third Choice","Colored Powertips","Highlight Path","Minty Spire (QoL Compilation)","Permanent Neow","Quick Restart","StSLib"],"gold_per_floor":[111,111,124,124,144,144,171,171,197,197,208,208,236,236,236,333,333,351,93,192,192,41,41,75,75,75,75,89,100,100,120,120,222,222,242,222,6,23,35,35,61,110,183,208,308,318,318,349,349,349],"floor_reached":51,"language":"ENG","playtime":2537,"items_purged":["Strike_G","Strike_G","Strike_G"],"score":1176,"play_id":"d4282c6a-6ba9-4dae-9621-96301cb4c8b6","local_time":"20210118211437","is_ascension_mode":true,"campfire_choices":[{"data":"Entrench","floor":6.0,"key":"SMITH"},{"data":"Venomology","floor":8.0,"key":"SMITH"},{"data":"Crippling Poison","floor":10.0,"key":"SMITH"},{"data":"Caltrops","floor":15.0,"key":"SMITH"},{"data":"Infinite Blades","floor":23.0,"key":"SMITH"},{"data":"Storm of Steel","floor":25.0,"key":"SMITH"},{"data":"Infinite Blades","floor":30.0,"key":"SMITH"},{"data":"Accuracy","floor":32.0,"key":"SMITH"},{"data":"Blade Dance","floor":40.0,"key":"SMITH"},{"data":"Cloak And Dagger","floor":47.0,"key":"SMITH"},{"data":"Neutralize","floor":49.0,"key":"SMITH"}],"circlet_count":0,"master_deck":["AscendersBane","Strike_G","Defend_G","Defend_G","Defend_G","Defend_G","Survivor","Neutralize+1","Venomology+1","Escape Plan","Endless Agony","Backstab","Entrench+1","Crippling Poison+1","Blur","Underhanded Strike","Caltrops+1","Storm of Steel+1","Cloak And Dagger+1","Infinite Blades+1","Infinite Blades+1","Cloak And Dagger+1","Caltrops+1","Infinite Blades+1","Blade Dance+1","Accuracy+1","Adrenaline","CurseOfTheBell","Dramatic Entrance","Slice","Cloak And Dagger+1","Eviscerate","Backstab","Accuracy+1","Caltrops"],"relics":["Ring of the Snake","Boot","Toy Ornithopter","Ancient Tea Set","Bag of Preparation","WristBlade","Sling","Art of War","Kunai","Calling Bell","Potion Belt","Mummified Hand","TungstenRod","Omamori","CaptainsWheel","Sundial","Letter Opener","Happy Flower"],"acts_visited":["Exordium","TheCity","TheBeyond"],"potions_floor_usage":[50],"damage_taken":[{"damage":6.0,"enemies":"Small Slimes","floor":1.0,"turns":6.0},{"damage":5.0,"enemies":"Cultist","floor":3.0,"turns":4.0},{"damage":0.0,"enemies":"Jaw Worm","floor":5.0,"turns":3.0},{"damage":18.0,"enemies":"Gremlin Nob","floor":7.0,"turns":4.0},{"damage":0.0,"enemies":"3 Louse","floor":11.0,"turns":1.0},{"damage":13.0,"enemies":"Lagavulin","floor":13.0,"turns":6.0},{"damage":29.0,"enemies":"Hexaghost","floor":16.0,"turns":12.0},{"damage":8.0,"enemies":"2 Thieves","floor":18.0,"turns":3.0},{"damage":0.0,"enemies":"Slavers","floor":24.0,"turns":4.0},{"damage":2.0,"enemies":"Shell Parasite","floor":28.0,"turns":3.0},{"damage":13.0,"enemies":"Snecko","floor":29.0,"turns":4.0},{"damage":9.0,"enemies":"Centurion and Healer","floor":31.0,"turns":3.0},{"damage":34.0,"enemies":"Collector","floor":33.0,"turns":6.0},{"damage":20.0,"enemies":"3 Darklings","floor":35.0,"turns":3.0},{"damage":0.0,"enemies":"Orb Walker","floor":38.0,"turns":2.0},{"damage":0.0,"enemies":"Sphere and 2 Shapes","floor":39.0,"turns":3.0},{"damage":16.0,"enemies":"Nemesis","floor":41.0,"turns":4.0},{"damage":0.0,"enemies":"2 Orb Walkers","floor":42.0,"turns":2.0},{"damage":3.0,"enemies":"Reptomancer","floor":44.0,"turns":4.0},{"damage":0.0,"enemies":"Maw","floor":46.0,"turns":5.0},{"damage":3.0,"enemies":"Giant Head","floor":48.0,"turns":6.0},{"damage":39,"enemies":"Donu and Deca","floor":50,"turns":6}],"seed_played":"-7815205664188602838","potions_obtained":[{"floor":1.0,"key":"Fire Potion"},{"floor":7.0,"key":"Weak Potion"},{"floor":16.0,"key":"Block Potion"},{"floor":28.0,"key":"SkillPotion"},{"floor":29.0,"key":"Strength Potion"},{"floor":33.0,"key":"PowerPotion"},{"floor":36.0,"key":"BlessingOfTheForge"},{"floor":42.0,"key":"Energy Potion"},{"floor":44.0,"key":"Swift Potion"},{"floor":48.0,"key":"Fruit Juice"}],"is_trial":false,"path_per_floor":["M","?","M","?","M","R","E","R","T","R","M","?","E","?","R","B",null,"M","$","?","?","$","R","E","R","T","?","M","M","R","M","R","B",null,"M","?","$","M","M","R","E","?","T","E","?","M","R","E","R","B",null],"character_chosen":"THE_SILENT","items_purchased":["Sling","Infinite Blades","Cloak And Dagger","Dramatic Entrance"],"campfire_rested":0,"item_purchase_floors":[19,19,22,37],"current_hp_per_floor":[57,57,52,47,47,47,29,29,29,29,34,34,26,49,49,25,59,56,56,56,56,56,56,66,66,66,70,68,65,65,66,66,41,63,43,43,43,48,53,53,42,47,47,49,49,59,59,61,61,32],"gold":349,"neow_bonus":"ONE_RANDOM_RARE_CARD","is_daily":false,"chose_seed":false,"campfire_upgraded":11,"win_rate":0.0,"timestamp":1611000877,"path_taken":["M","?","?","?","M","R","E","R","T","R","M","?","E","?","R","BOSS","M","$","?","?","$","R","E","R","T","?","M","M","R","M","R","BOSS","M","?","$","M","?","R","E","?","T","E","?","?","R","E","R","BOSS"],"items_purchased_type":["Relic","Card","Card","Card"],"build_version":"2020-12-22","purchased_purges":3,"victory":true,"max_hp_per_floor":[70,70,70,70,70,70,70,70,70,70,70,70,70,70,70,70,70,70,70,70,70,70,70,70,70,70,70,70,70,70,70,70,70,70,70,70,70,70,70,70,70,70,70,70,70,70,70,70,70,75],"card_choices":[{"not_picked":["Finisher","Blur"],"picked":"Escape Plan","floor":1.0},{"not_picked":["Flying Knee","Predator"],"picked":"Backstab","floor":3.0},{"not_picked":["Calculated Gamble","Deflect"],"picked":"Crippling Poison","floor":5.0},{"not_picked":["Backflip","Poisoned Stab"],"picked":"Blur","floor":7.0},{"not_picked":["All Out Attack","Dagger Throw"],"picked":"Underhanded Strike","floor":11.0},{"not_picked":["Dash","Escape Plan"],"picked":"Caltrops","floor":13.0},{"not_picked":["After Image","Doppelganger"],"picked":"Storm of Steel","floor":16.0},{"not_picked":["Underhanded Strike+1","Well Laid Plans"],"picked":"Cloak And Dagger+1","floor":18.0},{"not_picked":["Bane+1","Die Die Die"],"picked":"Caltrops+1","floor":24.0},{"not_picked":["Cloak And Dagger","Acrobatics"],"picked":"Infinite Blades+1","floor":28.0},{"not_picked":["Concentrate","Footwork"],"picked":"Blade Dance","floor":29.0},{"not_picked":["Dagger Throw","Prepared"],"picked":"Accuracy","floor":31.0},{"not_picked":["Die Die Die","Grand Finale"],"picked":"Adrenaline","floor":33.0},{"not_picked":["Masterful Stab","Flying Knee","Sucker Punch"],"picked":"SKIP","floor":35.0},{"not_picked":["Bouncing Flask","Dagger Throw"],"picked":"Slice","floor":38.0},{"not_picked":["Reflex+1","Sucker Punch"],"picked":"Cloak And Dagger+1","floor":39.0},{"not_picked":["Dodge and Roll+1","Deflect+1"],"picked":"Eviscerate","floor":41.0},{"not_picked":["Sucker Punch+1","Night Terror"],"picked":"Backstab","floor":44.0},{"not_picked":["PiercingWail+1","Dagger Throw"],"picked":"Accuracy+1","floor":46.0},{"not_picked":["Dodge and Roll","Slice+1"],"picked":"Caltrops","floor":48.0}],"player_experience":699701,"relics_obtained":[{"floor":7.0,"key":"Toy Ornithopter"},{"floor":9.0,"key":"Ancient Tea Set"},{"floor":13.0,"key":"Bag of Preparation"},{"floor":24.0,"key":"Art of War"},{"floor":26.0,"key":"Kunai"},{"floor":34.0,"key":"Potion Belt"},{"floor":34.0,"key":"Mummified Hand"},{"floor":34.0,"key":"TungstenRod"},{"floor":41.0,"key":"Omamori"},{"floor":42.0,"key":"CaptainsWheel"},{"floor":43.0,"key":"Sundial"},{"floor":44.0,"key":"Letter Opener"},{"floor":48.0,"key":"Happy Flower"}],"event_choices":[{"damage_healed":0.0,"max_hp_gain":0.0,"max_hp_loss":0.0,"gold_gain":0.0,"cards_transformed":["Defend_G"],"event_name":"Transmorgrifier","player_choice":"Transformed","floor":2.0,"gold_loss":0.0,"damage_taken":0.0,"cards_obtained":["Endless Agony"]},{"cards_removed":["Strike_G"],"damage_healed":0.0,"max_hp_gain":0.0,"max_hp_loss":0.0,"gold_gain":0.0,"event_name":"Living Wall","player_choice":"Forget","floor":12.0,"gold_loss":0.0,"damage_taken":0.0},{"damage_healed":23.0,"max_hp_gain":0.0,"max_hp_loss":0.0,"gold_gain":0.0,"event_name":"Big Fish","player_choice":"Banana","floor":14.0,"gold_loss":0.0,"damage_taken":0.0},{"damage_healed":0.0,"max_hp_gain":0.0,"max_hp_loss":0.0,"gold_gain":99.0,"event_name":"betterThird:BetterNest","player_choice":"Steal","floor":20.0,"gold_loss":0.0,"damage_taken":0.0},{"damage_healed":0.0,"max_hp_gain":0.0,"max_hp_loss":0.0,"gold_gain":0.0,"event_name":"The Library","player_choice":"Read","floor":21.0,"gold_loss":0.0,"damage_taken":0.0,"cards_obtained":["Infinite Blades"]},{"damage_healed":4.0,"max_hp_gain":0.0,"max_hp_loss":0.0,"gold_gain":0.0,"event_name":"Wheel of Change","player_choice":"Full Heal","floor":27.0,"gold_loss":0.0,"damage_taken":0.0},{"damage_healed":0.0,"max_hp_gain":0.0,"max_hp_loss":0.0,"gold_gain":0.0,"event_name":"The Woman in Blue","player_choice":"Bought 1 Potion","floor":36.0,"gold_loss":0.0,"damage_taken":0.0},{"damage_healed":0.0,"max_hp_gain":0.0,"max_hp_loss":0.0,"gold_gain":0.0,"event_name":"Mysterious Sphere","player_choice":"Fight","floor":42.0,"gold_loss":0.0,"damage_taken":0.0},{"damage_healed":0.0,"max_hp_gain":0.0,"max_hp_loss":0.0,"gold_gain":100.0,"event_name":"Golden Shrine","player_choice":"Pray","floor":45.0,"gold_loss":0.0,"damage_taken":0.0}],"is_beta":false,"boss_relics":[{"not_picked":["Philosopher\u0027s Stone","Busted Crown"],"picked":"WristBlade"},{"not_picked":["Snecko Eye","Ring of the Serpent"],"picked":"Calling Bell"}],"items_purged_floors":[19,22,37],"is_endless":false,"potions_floor_spawned":[1,7,16,28,29,33,42,44,48],"ascension_level":10}}