{"host":"xc18ixkpjvqrt8st","time":1611002945,"event":{"mods":["Act Like it!","BaseMod","Better Match","Better Third Choice","Conspire","Hallownest","Hermit","Hubris","Infinite Spire","Minty Spire (QoL Compilation)","Replay The Spire","Robot Space Explorer","Shop Mod","Spicy Shops","StSLib","The Animator","The Jungle","The Marked"],"gold_per_floor":[126,149,201,101,101,101,101],"floor_reached":6,"language":"ENG","playtime":295,"items_purged":[],"score":59,"play_id":"b49686ba-7993-467f-b872-7cb0d232193e","local_time":"20210118144905","is_ascension_mode":false,"campfire_choices":[],"circlet_count":0,"master_deck":["animator:Strike_Konosuba","animator:Defend_Konosuba","animator:Strike","animator:Strike","animator:Strike","animator:Defend","animator:Defend","animator:Defend","animator:Kazuma","animator:Aqua","animator:Sonic","animator:IrohaTamaki","animator:EmiyaShirou","animator:Priestess","conspire:SpireCoStock","conspire:SpireCoStock"],"relics":["animator:LivingPicture","animator:TheMissingPiece","conspire:DeflatedDodgeball","Pear"],"acts_visited":["Exordium"],"potions_floor_usage":[],"damage_taken":[{"damage":1,"enemies":"Small Slimes","floor":1,"turns":4},{"damage":1,"enemies":"Jaw Worm","floor":2,"turns":9},{"damage":35,"enemies":"Gremlin Nob","floor":6,"turns":6}],"seed_played":"-8283648036900224225","potions_obtained":[],"is_trial":false,"path_per_floor":["M","M","?","?","?","E"],"character_chosen":"THE_ANIMATOR","items_purchased":[],"campfire_rested":0,"item_purchase_floors":[],"current_hp_per_floor":[71,71,53,53,38,5,5],"gold":101,"neow_bonus":"TEN_PERCENT_HP_BONUS","is_daily":false,"chose_seed":false,"campfire_upgraded":0,"win_rate":0.0,"timestamp":1611002945,"path_taken":["M","M","?","?","?","E"],"items_purchased_type":[],"build_version":"2020-12-22","purchased_purges":0,"victory":false,"max_hp_per_floor":[72,72,72,72,82,82,82],"card_choices":[{"not_picked":["animator:YunYun","animator:Darkness"],"picked":"animator:Sonic","floor":1},{"not_picked":["animator:Priestess","animator:ElricAlphonse"],"picked":"animator:IrohaTamaki","floor":2},{"not_picked":["animator:Geryuganshoop","animator:RinTohsaka"],"picked":"animator:EmiyaShirou","floor":3},{"not_picked":["animator:RinTohsaka","animator:ElricAlphonse"],"picked":"animator:Priestess","floor":3}],"player_experience":544907,"relics_obtained":[{"floor":3,"key":"conspire:DeflatedDodgeball"}],"event_choices":[{"damage_healed":0,"gold_gain":0,"player_choice":"Invest 2","damage_taken":0,"max_hp_gain":0,"max_hp_loss":0,"event_name":"conspire:Investor","floor":4,"gold_loss":0},{"damage_healed":0,"gold_gain":0,"player_choice":"Relic ","damage_taken":25,"max_hp_gain":0,"max_hp_loss":0,"event_name":"betterThird:BetterScrap","floor":5,"gold_loss":0,"cards_obtained":["hubris:SpecializedCircuitry"]}],"is_beta":false,"boss_relics":[],"items_purged_floors":[],"is_endless":false,"potions_floor_spawned":[],"killed_by":"Gremlin Nob","ascension_level":0}}