{"host":"6hzrz31j95f2y1pa","time":1611009755,"event":{"mods":["BaseMod","Colored Map","Downfall","Minty Spire (QoL Compilation)","StSLib"],"gold_per_floor":[99,115,125,136,149,32,104,117,17,27,77,77,92,105,116,217,217,117,129,229,229,248,260,283,316,336,361,361,39,52,52,70,172,172,172,183,193,210,145,164,164,180,64,64,77,77,77,77,87,87],"floor_reached":51,"language":"ENG","playtime":4380,"items_purged":["bronze:Defend"],"score":891,"play_id":"e632c76e-a4ac-4ed0-aa6f-a56db45677f3","local_time":"20210118174235","is_ascension_mode":false,"campfire_choices":[{"floor":1.0,"key":"RECALL"},{"data":"bronze:Shield","floor":9.0,"key":"SMITH"},{"data":"bronze:Branch","floor":18,"key":"SMITH"},{"floor":28,"key":"REST"},{"floor":35,"key":"DIG"},{"floor":47,"key":"DIG"}],"circlet_count":0,"master_deck":["bronze:Replicate","bronze:Goto","bronze:ItsAFeature","bronze:DelayedSlice","bronze:Shield+1","bronze:BugBarrage","bronze:DarkDash","bronze:Shell+1","bronze:DelayedSlice","bronze:Turbo+1","downfall:Aged","bronze:BronzeArmor","bronze:Branch+1","bronze:Overheat","bronze:HardenedForm","bronze:ForceShield+1","bronze:GetLatest+1","bronze:Iterate+1","bronze:Shield+1","bronze:BugBarrage","bronze:BronzeArmor","bronze:WhirlingStrike+1","bronze:ClassDefault+1","bronze:Invalidate+1","bronze:Fortify","bronze:Branch","bronze:FollowUp+1","bronze:ChosenStrike","bronze:BurnOut","bronze:WildBeam+1","Thinking Ahead","Doubt"],"relics":["bronze:BronzeCore","Happy Flower","downfall:HeartBlessingRed","Akabeko","Astrolabe","downfall:HeartBlessingBlue","Shovel","Eternal Feather","Vajra","War Paint","Smiling Mask","Sundial","Sozu","Strawberry","Ornamental Fan","Thread and Needle","champ:DeflectingBracers"],"acts_visited":["Exordium","TheCity","TheBeyond"],"potions_floor_usage":[16,16,20,23,33,48],"damage_taken":[{"damage":1.0,"enemies":"Cultist","floor":2.0,"turns":4.0},{"damage":0.0,"enemies":"Small Slimes","floor":3.0,"turns":4.0},{"damage":6.0,"enemies":"Jaw Worm","floor":4.0,"turns":3.0},{"damage":13.0,"enemies":"Exordium Wildlife","floor":5.0,"turns":6.0},{"damage":0.0,"enemies":"downfall:FleeingMerchant","floor":6.0,"turns":4.0},{"damage":5.0,"enemies":"Gremlin Gang","floor":8.0,"turns":3.0},{"damage":15,"enemies":"Exordium Thugs","floor":10,"turns":3},{"damage":0,"enemies":"Exordium Wildlife","floor":13,"turns":3},{"damage":0,"enemies":"3 Louse","floor":14,"turns":2},{"damage":8,"enemies":"Large Slime","floor":15,"turns":5},{"damage":19,"enemies":"IC_STATUS_ARCHETYPE","floor":16,"turns":6},{"damage":4,"enemies":"Chosen","floor":19,"turns":4},{"damage":23,"enemies":"Colosseum Nobs","floor":20,"turns":6},{"damage":0,"enemies":"Shell Parasite","floor":22,"turns":4},{"damage":9,"enemies":"Centurion and Healer","floor":23,"turns":6},{"damage":4,"enemies":"Gremlin Leader","floor":25,"turns":6},{"damage":19,"enemies":"Shelled Parasite and Fungi","floor":26,"turns":3},{"damage":18,"enemies":"Slavers","floor":27,"turns":3},{"damage":0,"enemies":"downfall:FleeingMerchant","floor":29,"turns":4},{"damage":0,"enemies":"Snecko","floor":30,"turns":6},{"damage":24,"enemies":"Centurion and Healer","floor":32,"turns":6},{"damage":29,"enemies":"SI_MIRROR_ARCHETYPE","floor":33,"turns":10},{"damage":21,"enemies":"3 Darklings","floor":36,"turns":4},{"damage":1,"enemies":"3 Shapes","floor":37,"turns":5},{"damage":0,"enemies":"Transient","floor":38,"turns":5},{"damage":0,"enemies":"downfall:FleeingMerchant","floor":39,"turns":4},{"damage":26,"enemies":"Writhing Mass","floor":40,"turns":6},{"damage":7,"enemies":"Jaw Worm Horde","floor":42,"turns":4},{"damage":0,"enemies":"downfall:FleeingMerchant","floor":43,"turns":1},{"damage":0,"enemies":"Spire Growth","floor":45,"turns":3},{"damage":0,"enemies":"Transient","floor":48,"turns":4},{"damage":0,"enemies":"4 Shapes","floor":49,"turns":4},{"damage":40,"enemies":"WA_ARCHETYPE_DIVINITY","floor":50,"turns":13}],"seed_played":"-47097424452926491","potions_obtained":[{"floor":2.0,"key":"Weak Potion"},{"floor":3.0,"key":"Dexterity Potion"},{"floor":5.0,"key":"SpeedPotion"},{"floor":16,"key":"SmokeBomb"},{"floor":19,"key":"ColorlessPotion"},{"floor":25,"key":"SmokeBomb"},{"floor":30,"key":"DuplicationPotion"}],"is_trial":false,"path_per_floor":["R","M","M","M","M","$","T","M","R","M","T","?","M","M","M","B",null,"R","M","?","?","M","M","T","E","M","E","R","$","M","?","M","B",null,"R","M","M","M","$","M","T","M","$","?","M","?","R","M","M","B",null],"character_chosen":"THE_AUTOMATON","items_purchased":["bronze:Shell","bronze:DelayedSlice","Sundial","bronze:Branch","Thread and Needle","Thinking Ahead"],"campfire_rested":1,"item_purchase_floors":[6,6,29,29,43,43],"current_hp_per_floor":[70,69,69,63,50,50,50,45,45,30,30,30,30,30,22,3,70,80,76,53,53,53,44,44,40,21,3,42,42,42,68,44,15,80,87,66,65,65,65,39,39,32,32,87,87,87,87,87,87,47],"gold":87,"neow_bonus":"RANDOM_COMMON_RELIC","is_daily":false,"chose_seed":false,"campfire_upgraded":2,"win_rate":0.0,"timestamp":1611009755,"path_taken":["R","M","M","M","M","$","T","?","R","M","?","?","?","M","M","BOSS","R","M","?","?","?","M","T","E","M","E","R","$","M","?","M","BOSS","R","M","M","M","$","M","T","M","$","?","M","?","R","M","M","BOSS"],"items_purchased_type":["Card","Card","Relic","Card","Relic","Card"],"build_version":"2020-12-22","purchased_purges":1,"victory":true,"max_hp_per_floor":[70,70,70,70,70,70,70,70,70,70,70,70,70,70,70,70,70,80,80,80,80,80,80,80,80,80,80,80,80,80,80,80,80,80,87,87,87,87,87,87,87,87,87,87,87,87,87,87,87,87],"card_choices":[{"not_picked":["bronze:WildBeam","bronze:BuggyMess"],"picked":"bronze:ItsAFeature","floor":2.0},{"not_picked":["bronze:BugBarrage","bronze:WildBeam"],"picked":"bronze:DelayedSlice","floor":3.0},{"not_picked":["bronze:Safeguard","bronze:Boost"],"picked":"bronze:Shield","floor":4.0},{"not_picked":["bronze:ChildClass","bronze:Deprecate"],"picked":"bronze:BugBarrage","floor":5.0},{"not_picked":["bronze:Iterate","bronze:Frontload"],"picked":"bronze:DarkDash","floor":6.0},{"not_picked":["bronze:DelayedSlice","bronze:GetLatest"],"picked":"bronze:Turbo","floor":8.0},{"not_picked":["bronze:Shell","bronze:FineTuning"],"picked":"bronze:Branch","floor":10},{"not_picked":["bronze:Turbo","bronze:Branch"],"picked":"bronze:BronzeArmor","floor":13},{"not_picked":["bronze:DelayedGuard","bronze:Verify"],"picked":"bronze:Branch","floor":14},{"not_picked":["bronze:Turbo","bronze:WhirlingStrike"],"picked":"bronze:Overheat","floor":15},{"not_picked":["bronze:Virus","bronze:HyperBeam"],"picked":"bronze:HardenedForm","floor":16},{"not_picked":["bronze:NullPointer","bronze:Turbo"],"picked":"bronze:Shield+1","floor":19},{"not_picked":["bronze:BronzeArmor","bronze:OilSpill"],"picked":"bronze:BugBarrage","floor":20},{"not_picked":["bronze:Safeguard","bronze:WhirlingStrike+1","bronze:BugBarrage"],"picked":"SKIP","floor":22},{"not_picked":["bronze:Safeguard","bronze:BugBarrage"],"picked":"bronze:WhirlingStrike+1","floor":22},{"not_picked":["bronze:Backtrace","bronze:MaxOutput","bronze:FineTuning+1"],"picked":"SKIP","floor":23},{"not_picked":["bronze:Frontload","bronze:NullPointer"],"picked":"bronze:ClassDefault+1","floor":25},{"not_picked":["bronze:Turbo","bronze:ForceShield+1"],"picked":"bronze:Invalidate+1","floor":26},{"not_picked":["bronze:Backtrace","bronze:HyperBeam","bronze:BitShift"],"picked":"SKIP","floor":27},{"not_picked":["bronze:OilSpill","bronze:WhirlingStrike"],"picked":"bronze:Fortify","floor":29},{"not_picked":["bronze:WildBeam+1","bronze:Invalidate"],"picked":"bronze:FollowUp+1","floor":30},{"not_picked":["bronze:DarkDash","bronze:CutThrough"],"picked":"bronze:ChosenStrike","floor":32},{"not_picked":["bronze:Format","bronze:CleanCode"],"picked":"bronze:BurnOut","floor":33},{"not_picked":["bronze:GetLatest","bronze:ForceShield+1","bronze:DelayedSlice"],"picked":"SKIP","floor":36},{"not_picked":["bronze:Turbo","bronze:FineTuning+1","bronze:Iterate"],"picked":"SKIP","floor":37},{"not_picked":["bronze:DarkDash+1","bronze:Backtrace"],"picked":"bronze:WildBeam+1","floor":38},{"not_picked":["bronze:ForceShield+1","bronze:ChosenStrike+1","bronze:Frontload"],"picked":"SKIP","floor":39},{"not_picked":["bronze:BronzeOrb+1","bronze:Turbo+1","bronze:Philosophize+1"],"picked":"SKIP","floor":40},{"not_picked":["bronze:DigitalCarnage+1","bronze:Overheat","bronze:OilSpill+1"],"picked":"SKIP","floor":42},{"not_picked":["bronze:DigitalCarnage+1","bronze:Overheat","bronze:OilSpill+1"],"picked":"SKIP","floor":42},{"not_picked":["bronze:DigitalCarnage+1","bronze:Overheat","bronze:OilSpill+1"],"picked":"SKIP","floor":42},{"not_picked":["bronze:WhirlingStrike+1","bronze:WildBeam","bronze:Invalidate+1"],"picked":"SKIP","floor":43},{"not_picked":["bronze:DarkDash+1","bronze:WhirlingStrike+1","bronze:Deprecate"],"picked":"SKIP","floor":45},{"not_picked":["bronze:WildBeam","bronze:DelayedGuard","bronze:Philosophize+1"],"picked":"SKIP","floor":49}],"player_experience":1353471,"relics_obtained":[{"floor":11,"key":"Akabeko"},{"floor":20,"key":"Shovel"},{"floor":20,"key":"Eternal Feather"},{"floor":24,"key":"Vajra"},{"floor":25,"key":"War Paint"},{"floor":27,"key":"Smiling Mask"},{"floor":35,"key":"Strawberry"},{"floor":41,"key":"Ornamental Fan"},{"floor":47,"key":"champ:DeflectingBracers"}],"event_choices":[{"damage_healed":26,"gold_gain":0,"player_choice":"Heal","damage_taken":0,"max_hp_gain":0,"max_hp_loss":0,"event_name":"The Library","floor":31,"gold_loss":0},{"cards_removed":["bronze:Branch"],"damage_healed":0,"gold_gain":0,"player_choice":"Removed Attack","damage_taken":0,"max_hp_gain":0,"max_hp_loss":0,"event_name":"Falling","floor":46,"gold_loss":0}],"is_beta":false,"boss_relics":[{"not_picked":["Runic Dome","SacredBark"],"picked":"Astrolabe"},{"not_picked":["Black Star","bronze:PlatinumCore"],"picked":"Sozu"}],"items_purged_floors":[39],"is_endless":false,"potions_floor_spawned":[2,3,5,15,16,19,25,30,32,36,38,48],"ascension_level":0}}