{"host":"640uue19m79c7wbt","time":1611014132,"event":{"mods":["BaseMod","Colored Map","Googly Eyes","Highlight Path","Minty Spire (QoL Compilation)","Quick Restart","StSLib"],"gold_per_floor":[114,114,34,48,48,48,73,73,121,133,19,46,46,57,57,129,129,144,20,20,20,20,20,52,63,89,103,103,113,113,147,147,147,147],"floor_reached":33,"language":"ENG","playtime":1439,"items_purged":["Strike_G"],"score":537,"play_id":"787d81a9-835a-4d1f-b5c1-d721ff3ae60f","local_time":"20210118185532","is_ascension_mode":true,"campfire_choices":[{"data":"Concentrate","floor":6.0,"key":"SMITH"},{"data":"Venomology","floor":8.0,"key":"SMITH"},{"data":"Eviscerate","floor":13.0,"key":"SMITH"},{"data":"Noxious Fumes","floor":15.0,"key":"SMITH"},{"data":"After Image","floor":23.0,"key":"SMITH"},{"data":"Phantasmal Killer","floor":28,"key":"SMITH"},{"data":"Dash","floor":30,"key":"SMITH"},{"floor":32,"key":"REST"}],"circlet_count":0,"master_deck":["AscendersBane","Defend_G+1","Defend_G","Defend_G","Defend_G","Defend_G","Survivor","Neutralize","Concentrate+1","Tactician+1","Prepared+1","Venomology+1","Noxious Fumes+1","Eviscerate+1","Dagger Throw","PiercingWail","After Image+1","Predator","Dagger Spray","Shame","Phantasmal Killer+1","Cloak And Dagger","Dash+1","Riddle With Holes","Backstab"],"relics":["Ring of the Snake","NeowsBlessing","Toy Ornithopter","War Paint","Gremlin Horn","Empty Cage","MutagenicStrength","Vajra","Darkstone Periapt","Orichalcum","Nunchaku"],"acts_visited":["Exordium","TheCity"],"potions_floor_usage":[27,27,29,31,33],"damage_taken":[{"damage":0.0,"enemies":"Jaw Worm","floor":1.0,"turns":1.0},{"damage":0.0,"enemies":"Small Slimes","floor":4.0,"turns":2.0},{"damage":0.0,"enemies":"Lagavulin","floor":7.0,"turns":1.0},{"damage":0.0,"enemies":"Cultist","floor":10.0,"turns":4.0},{"damage":3.0,"enemies":"3 Sentries","floor":12.0,"turns":7.0},{"damage":4.0,"enemies":"Red Slaver","floor":14.0,"turns":3.0},{"damage":20.0,"enemies":"The Guardian","floor":16.0,"turns":10.0},{"damage":6.0,"enemies":"Shell Parasite","floor":18.0,"turns":6.0},{"damage":31.0,"enemies":"Slavers","floor":24.0,"turns":4.0},{"damage":0,"enemies":"2 Thieves","floor":25,"turns":3},{"damage":1,"enemies":"Chosen and Byrds","floor":27,"turns":5},{"damage":0,"enemies":"3 Cultists","floor":29,"turns":2},{"damage":37,"enemies":"Gremlin Leader","floor":31,"turns":6},{"damage":35,"enemies":"Collector","floor":33,"turns":4}],"seed_played":"-2674854539376569713","potions_obtained":[{"floor":4.0,"key":"AttackPotion"},{"floor":7.0,"key":"Swift Potion"},{"floor":14.0,"key":"Fire Potion"},{"floor":18.0,"key":"GamblersBrew"}],"is_trial":false,"path_per_floor":["M","?","$","M","?","R","E","R","T","M","$","E","R","M","R","B",null,"M","$","?","?","?","R","E","M","T","M","R","M","R","E","R","B"],"character_chosen":"THE_SILENT","items_purchased":["Tactician","Noxious Fumes","Eviscerate","Dagger Spray"],"campfire_rested":1,"item_purchase_floors":[3,11,11,19],"current_hp_per_floor":[59,52,52,52,52,52,52,52,52,57,57,63,63,59,59,51,62,56,56,56,56,56,56,35,35,35,44,44,49,49,17,36,6,6],"gold":147,"neow_bonus":"THREE_ENEMY_KILL","is_daily":false,"chose_seed":false,"campfire_upgraded":7,"win_rate":0.0,"timestamp":1611014132,"path_taken":["M","?","$","M","?","R","E","R","T","M","$","E","R","M","R","BOSS","M","$","?","?","?","R","E","?","T","?","R","M","R","E","R","BOSS"],"items_purchased_type":["Card","Card","Card","Card"],"build_version":"2020-12-22","purchased_purges":1,"victory":false,"max_hp_per_floor":[66,66,66,66,66,66,66,66,66,66,66,66,66,66,66,66,66,66,66,66,66,66,66,66,66,66,66,66,66,66,66,66,66,66],"card_choices":[{"not_picked":["Deadly Poison","Footwork"],"picked":"Concentrate","floor":1.0},{"not_picked":["Outmaneuver","Quick Slash"],"picked":"Prepared","floor":4.0},{"not_picked":["Backstab","Cloak And Dagger"],"picked":"Venomology","floor":7.0},{"not_picked":["Dodge and Roll","Flying Knee","Slice"],"picked":"SKIP","floor":10.0},{"not_picked":["Blur","Outmaneuver"],"picked":"Dagger Throw","floor":12.0},{"not_picked":["Flying Knee","Outmaneuver"],"picked":"PiercingWail","floor":14.0},{"not_picked":["Storm of Steel","Wraith Form v2"],"picked":"After Image","floor":16.0},{"not_picked":["Dagger Spray","Bane"],"picked":"Predator","floor":18.0},{"not_picked":["Slice","Quick Slash"],"picked":"Phantasmal Killer","floor":24.0},{"not_picked":["Flying Knee","Acrobatics"],"picked":"Cloak And Dagger","floor":25},{"not_picked":["Quick Slash","Distraction"],"picked":"Dash","floor":27},{"not_picked":["Masterful Stab","Deadly Poison"],"picked":"Riddle With Holes","floor":29},{"not_picked":["Masterful Stab","Footwork"],"picked":"Backstab","floor":31}],"player_experience":609603,"relics_obtained":[{"floor":7.0,"key":"Toy Ornithopter"},{"floor":9.0,"key":"War Paint"},{"floor":12.0,"key":"Gremlin Horn"},{"floor":24.0,"key":"Darkstone Periapt"},{"floor":26,"key":"Orichalcum"},{"floor":31,"key":"Nunchaku"}],"event_choices":[{"cards_removed":["Strike_G"],"damage_healed":0.0,"max_hp_gain":0.0,"max_hp_loss":0.0,"gold_gain":0.0,"event_name":"Golden Wing","player_choice":"Card Removal","floor":2.0,"gold_loss":0.0,"damage_taken":7.0},{"damage_healed":0.0,"max_hp_gain":0.0,"max_hp_loss":0.0,"gold_gain":0.0,"event_name":"Living Wall","player_choice":"Grow","floor":5.0,"gold_loss":0.0,"damage_taken":0.0,"cards_upgraded":["Tactician"]},{"cards_removed":["Strike_G"],"damage_healed":0.0,"max_hp_gain":0.0,"max_hp_loss":0.0,"gold_gain":0.0,"event_name":"Back to Basics","player_choice":"Elegance","floor":20.0,"gold_loss":0.0,"damage_taken":0.0},{"damage_healed":0.0,"max_hp_gain":0.0,"max_hp_loss":0.0,"gold_gain":0.0,"event_name":"Drug Dealer","player_choice":"Inject Mutagens","floor":21.0,"gold_loss":0.0,"damage_taken":0.0,"relics_obtained":["MutagenicStrength"]},{"damage_healed":0.0,"max_hp_gain":0.0,"max_hp_loss":0.0,"gold_gain":0.0,"event_name":"Addict","player_choice":"Stole Relic","floor":22.0,"gold_loss":0.0,"damage_taken":0.0,"relics_obtained":["Vajra"],"cards_obtained":["Shame"]}],"is_beta":false,"boss_relics":[{"not_picked":["Sozu","Ectoplasm"],"picked":"Empty Cage"}],"items_purged_floors":[19],"is_endless":false,"potions_floor_spawned":[4,7,14,18,25],"killed_by":"Collector","ascension_level":14}}