{"host":"bydnmyvf669xu6ab","time":1611008415,"event":{"mods":["Aspiration","BaseMod","Better Note","BetterRewards","Colored Map","Colored Powertips","Minty Spire (QoL Compilation)","Rare Cards Sparkle","Relic Stats","Shop Mod","StSLib","SuperFastMode","Virulent Crown"],"gold_per_floor":[115,115,115,115,115,115,125,125,175,175,80,93,21,48,48,144,144,155,166,146,160,160,185,185,212,239,137,157,357,376,376,376,474,474,486,486,504,504,521,521,556,556,556,590,608,608,608,626,626,626,626,626,305,333,333],"floor_reached":56,"language":"ENG","playtime":3587,"items_purged":[],"score":1653,"play_id":"f58e8285-0d90-4586-87d5-80c365cad451","local_time":"20210118142015","is_ascension_mode":true,"campfire_choices":[{"data":"Magnetism","floor":6,"key":"SMITH"},{"data":"Bash","floor":8,"key":"SMITH"},{"floor":10,"key":"RECALL"},{"data":"Power Through","floor":15,"key":"SMITH"},{"data":"Fire Breathing","floor":24,"key":"SMITH"},{"data":"Metallicize","floor":32,"key":"SMITH"},{"data":"Body Slam","floor":40,"key":"SMITH"},{"data":"Body Slam","floor":49,"key":"SMITH"},{"data":"Battle Trance","floor":52,"key":"SMITH"}],"circlet_count":0,"master_deck":["Strike_R","Strike_R","Strike_R","Strike_R","Strike_R","Defend_R","Defend_R","Defend_R","Bash+1","Magnetism+1","Armaments+1","Infernal Blade","Power Through+1","Body Slam+1","Warcry","Body Slam+1","Juggernaut+1","Warcry+1","Metallicize+1","Fire Breathing+1","Headbutt","Clothesline+1","Reaper","Pommel Strike+1","Battle Trance+1","Cleave+1","Juggernaut+1","Heavy Blade+1","Battle Trance+1","Double Tap"],"relics":["Burning Blood","Membership Card","Blood Vial","Lantern","Thread and Needle","Incense Burner","aspiration:AnachronicSnailShell","Champion Belt","HandDrill","Pantograph","Happy Flower","Juzu Bracelet","Smiling Mask","Busted Crown","Omamori","Dream Catcher","Strawberry","Vajra","Coffee Dripper","Darkstone Periapt","Boot","Meat on the Bone","Calipers","OrangePellets","Pear","Orichalcum","Ornamental Fan"],"acts_visited":["Exordium","TheCity","TheBeyond","TheEnding"],"potions_floor_usage":[19,25,30,39,55,55,55],"damage_taken":[{"damage":0,"enemies":"Cultist","floor":1,"turns":3},{"damage":0,"enemies":"Jaw Worm","floor":7,"turns":4},{"damage":0,"enemies":"Small Slimes","floor":12,"turns":3},{"damage":0,"enemies":"Gremlin Nob","floor":14,"turns":3},{"damage":1,"enemies":"Slime Boss","floor":16,"turns":10},{"damage":0,"enemies":"Chosen","floor":18,"turns":4},{"damage":0,"enemies":"3 Byrds","floor":19,"turns":4},{"damage":4,"enemies":"Centurion and Healer","floor":21,"turns":6},{"damage":21,"enemies":"Slavers","floor":23,"turns":6},{"damage":32,"enemies":"Gremlin Leader","floor":25,"turns":7},{"damage":0,"enemies":"Snecko","floor":28,"turns":3},{"damage":0,"enemies":"Snake Plant","floor":30,"turns":2},{"damage":37,"enemies":"Collector","floor":33,"turns":10},{"damage":7,"enemies":"Orb Walker","floor":35,"turns":5},{"damage":0,"enemies":"3 Shapes","floor":37,"turns":3},{"damage":6,"enemies":"Transient","floor":39,"turns":5},{"damage":3,"enemies":"Giant Head","floor":41,"turns":7},{"damage":9,"enemies":"Reptomancer","floor":44,"turns":6},{"damage":9,"enemies":"Spire Growth","floor":45,"turns":5},{"damage":27,"enemies":"4 Shapes","floor":48,"turns":5},{"damage":38,"enemies":"Awakened One","floor":50,"turns":11},{"damage":11,"enemies":"Shield and Spear","floor":54,"turns":5},{"damage":104,"enemies":"The Heart","floor":55,"turns":10}],"seed_played":"-3606528600079942730","potions_obtained":[{"floor":7,"key":"Dexterity Potion"},{"floor":16,"key":"LiquidBronze"},{"floor":23,"key":"BloodPotion"},{"floor":25,"key":"Fire Potion"},{"floor":35,"key":"FearPotion"},{"floor":39,"key":"Weak Potion"}],"is_trial":false,"path_per_floor":["M","$","?","?","T","R","M","R","T","R","$","M","$","E","R","B",null,"M","M","$","M","?","E","R","E","T","$","M","?","M","?","R","B",null,"M","T","M","?","M","R","E","?","T","E","M","?","?","M","R","B",null,"R","$","E","B",null],"character_chosen":"IRONCLAD","items_purchased":["Membership Card","Blood Vial","Lantern","Magnetism","BloodPotion","Incense Burner","HandDrill","Armaments","Happy Flower","Body Slam","Juzu Bracelet","Metallicize","Vajra","Headbutt","OrangePellets","Double Tap","Pear","Orichalcum"],"campfire_rested":0,"item_purchase_floors":[0,0,0,0,0,0,0,0,11,11,13,20,27,27,53,53,53,53],"current_hp_per_floor":[40,40,40,45,45,45,53,53,53,53,53,61,61,69,69,85,85,85,85,85,85,85,70,70,63,70,70,78,78,86,86,86,61,92,92,92,92,92,92,92,92,92,92,89,88,88,88,69,69,65,92,92,102,97,48],"gold":333,"neow_bonus":"","is_daily":false,"chose_seed":false,"campfire_upgraded":8,"win_rate":0.0,"timestamp":1611008415,"path_taken":["M","?","?","?","?","R","M","R","T","R","$","M","?","E","R","BOSS","M","M","$","M","?","E","R","E","T","$","M","?","M","?","R","BOSS","M","?","M","?","M","R","E","?","T","E","M","?","?","M","R","BOSS","R","$","E","BOSS"],"items_purchased_type":["Relic","Relic","Relic","Card","Potion","Relic","Relic","Card","Relic","Card","Relic","Card","Relic","Card","Relic","Card","Relic","Relic"],"build_version":"2020-12-22","purchased_purges":0,"victory":true,"max_hp_per_floor":[80,80,80,85,85,85,85,85,85,85,85,85,85,85,85,85,85,85,85,85,85,85,85,85,85,92,92,92,92,92,92,92,92,92,92,92,92,92,92,92,92,92,92,92,92,92,92,92,92,92,92,92,102,102,102],"relic_stats":{"Darkstone Periapt":0,"Happy Flower":[40],"counters":[281,1318],"Juzu Bracelet":2,"Orichalcum":[18],"Smiling Mask":0,"Boot":[10],"Burning Blood":1452,"Blood Vial":18,"OrangePellets":[5],"Dream Catcher":0,"Busted Crown":34,"Ornamental Fan":[28],"Pantograph":50,"HandDrill":[32],"Champion Belt":[43],"obtain_stats":[{"Whetstone":43,"Bottled Tornado":40,"Boot":29,"Blood Vial":25,"Sundial":24,"MealTicket":14,"HandDrill":0,"Kunai":0,"aspiration:DSix":13,"Runic Cube":17,"MerchantsRug":24,"Pear":53,"Blue Candle":6,"Eternal Feather":43,"Pen Nib":42,"aspiration:FrozenJewel":0,"Bird Faced Urn":37,"MutagenicStrength":28,"Mark of Pain":34,"aspiration:Lifesprig":54,"Regal Pillow":27,"Lantern":38,"Torii":46,"Singing Bowl":7,"Bag of Preparation":31,"Ancient Tea Set":7,"Cursed Key":34,"Smiling Mask":23,"Burning Blood":0,"Matryoshka":0,"aspiration:AnachronicSnailShell":23,"Toolbox":0,"Chemical X":0,"aspiration:FutureDiary":17,"aspiration:ChemicalBlood":9,"Paper Frog":43,"Potion Belt":0,"Lee\u0027s Waffle":0,"Self Forming Clay":25,"Thread and Needle":0,"The Courier":9,"PreservedInsect":21,"Omamori":13,"Frozen Egg 2":26,"Busted Crown":34,"Ornamental Fan":54,"Orrery":37,"Turnip":9,"Art of War":26,"Champion Belt":41,"Toy Ornithopter":0,"Ice Cream":19,"Calipers":12,"Tiny House":17,"Gremlin Horn":17,"Vajra":42,"Centennial Puzzle":41,"Lizard Tail":28,"HornCleat":2,"DollysMirror":0,"Strawberry":10,"Philosopher\u0027s Stone":17,"aspiration:ArtOfWarUpgrade":23,"Toxic Egg 2":3,"Happy Flower":11,"aspiration:Nostalgia":53,"Astrolabe":17,"Dead Branch":42,"Oddly Smooth Stone":25,"Charon\u0027s Ashes":17,"aspiration:SeaSaltIceCream":43,"Letter Opener":43,"War Paint":28,"aspiration:HiddenCompartment":21,"Question Card":14,"Du-Vu Doll":26,"OrangePellets":53,"Bottled Flame":40,"Shuriken":31,"Bronze Scales":19,"Molten Egg 2":26,"Meat on the Bone":29,"Darkstone Periapt":36,"SacredBark":17,"Black Blood":17,"Juzu Bracelet":22,"Incense Burner":0,"PrismaticShard":22,"aspiration:StickyExplosives_weak":27,"ClockworkSouvenir":30,"Dream Catcher":25,"aspiration:DefectSkillbook":17,"Gambling Chip":28,"Pantograph":5,"Tiny Chest":0,"Red Skull":38,"aspiration:FetidBarrel":4,"aspiration:HummingbirdHeart":10,"Odd Mushroom":12,"Orichalcum":53,"Medical Kit":31,"White Beast Statue":48,"Calling Bell":17,"Anchor":9,"CaptainsWheel":54,"Bag of Marbles":14,"Coffee Dripper":34,"Membership Card":19,"PureWater":53,"FossilizedHelix":0},{"Whetstone":33,"Bottled Tornado":252,"Boot":138,"Blood Vial":92,"Sundial":25,"MealTicket":85,"HandDrill":258,"Kunai":39,"aspiration:DSix":85,"Runic Cube":241,"MerchantsRug":185,"Pear":279,"Blue Candle":235,"Eternal Feather":226,"Pen Nib":73,"aspiration:FrozenJewel":148,"Bird Faced Urn":222,"MutagenicStrength":246,"Mark of Pain":67,"aspiration:Lifesprig":78,"Regal Pillow":93,"Lantern":192,"Torii":74,"Singing Bowl":177,"Bag of Preparation":96,"Ancient Tea Set":3,"Cursed Key":28,"Smiling Mask":53,"Burning Blood":0,"Matryoshka":56,"aspiration:AnachronicSnailShell":10,"Toolbox":105,"Chemical X":124,"aspiration:FutureDiary":181,"aspiration:ChemicalBlood":43,"Paper Frog":100,"Potion Belt":15,"Lee\u0027s Waffle":173,"Self Forming Clay":54,"Thread and Needle":258,"The Courier":59,"PreservedInsect":243,"Omamori":154,"Frozen Egg 2":63,"Busted Crown":220,"Ornamental Fan":280,"Orrery":222,"Turnip":178,"Art of War":63,"Champion Belt":194,"Toy Ornithopter":79,"Ice Cream":23,"Calipers":45,"Tiny House":113,"Gremlin Horn":86,"Vajra":33,"Centennial Puzzle":33,"Lizard Tail":160,"HornCleat":149,"DollysMirror":39,"Strawberry":20,"Philosopher\u0027s Stone":22,"aspiration:ArtOfWarUpgrade":158,"Toxic Egg 2":41,"Happy Flower":260,"aspiration:Nostalgia":199,"Astrolabe":7,"Dead Branch":33,"Oddly Smooth Stone":11,"Charon\u0027s Ashes":86,"aspiration:SeaSaltIceCream":144,"Letter Opener":167,"War Paint":137,"aspiration:HiddenCompartment":63,"Question Card":210,"Du-Vu Doll":137,"OrangePellets":279,"Bottled Flame":143,"Shuriken":27,"Bronze Scales":23,"Molten Egg 2":11,"Meat on the Bone":189,"Darkstone Periapt":272,"SacredBark":47,"Black Blood":121,"Juzu Bracelet":9,"Incense Burner":258,"PrismaticShard":63,"aspiration:StickyExplosives_weak":64,"ClockworkSouvenir":66,"Dream Catcher":268,"aspiration:DefectSkillbook":62,"Gambling Chip":160,"Pantograph":259,"Tiny Chest":231,"Red Skull":98,"aspiration:FetidBarrel":117,"aspiration:HummingbirdHeart":130,"Odd Mushroom":209,"Orichalcum":279,"Medical Kit":96,"White Beast Statue":145,"Calling Bell":86,"Anchor":20,"CaptainsWheel":38,"Bag of Marbles":112,"Coffee Dripper":271,"Membership Card":23,"PureWater":199,"FossilizedHelix":79},{"Whetstone":157,"Bottled Tornado":1155,"Boot":650,"Blood Vial":457,"Sundial":109,"MealTicket":423,"HandDrill":1191,"Kunai":198,"aspiration:DSix":423,"Runic Cube":1095,"MerchantsRug":853,"Pear":1303,"Blue Candle":1064,"Eternal Feather":1022,"Pen Nib":382,"aspiration:FrozenJewel":697,"Bird Faced Urn":1005,"MutagenicStrength":1127,"Mark of Pain":358,"aspiration:Lifesprig":406,"Regal Pillow":460,"Lantern":883,"Torii":385,"Singing Bowl":818,"Bag of Preparation":472,"Ancient Tea Set":11,"Cursed Key":129,"Smiling Mask":280,"Burning Blood":0,"Matryoshka":307,"aspiration:AnachronicSnailShell":38,"Toolbox":520,"Chemical X":604,"aspiration:FutureDiary":836,"aspiration:ChemicalBlood":212,"Paper Frog":490,"Potion Belt":64,"Lee\u0027s Waffle":804,"Self Forming Clay":287,"Thread and Needle":1191,"The Courier":319,"PreservedInsect":1106,"Omamori":723,"Frozen Egg 2":334,"Busted Crown":998,"Ornamental Fan":1308,"Orrery":1005,"Turnip":821,"Art of War":334,"Champion Belt":889,"Toy Ornithopter":408,"Ice Cream":101,"Calipers":229,"Tiny House":556,"Gremlin Horn":431,"Vajra":157,"Centennial Puzzle":157,"Lizard Tail":747,"HornCleat":700,"DollysMirror":198,"Strawberry":78,"Philosopher\u0027s Stone":94,"aspiration:ArtOfWarUpgrade":737,"Toxic Egg 2":205,"Happy Flower":1198,"aspiration:Nostalgia":910,"Astrolabe":24,"Dead Branch":157,"Oddly Smooth Stone":43,"Charon\u0027s Ashes":431,"aspiration:SeaSaltIceCream":675,"Letter Opener":777,"War Paint":642,"aspiration:HiddenCompartment":334,"Question Card":947,"Du-Vu Doll":642,"OrangePellets":1303,"Bottled Flame":674,"Shuriken":117,"Bronze Scales":101,"Molten Egg 2":43,"Meat on the Bone":872,"Darkstone Periapt":1261,"SacredBark":239,"Black Blood":591,"Juzu Bracelet":31,"Incense Burner":1191,"PrismaticShard":334,"aspiration:StickyExplosives_weak":340,"ClockworkSouvenir":350,"Dream Catcher":1241,"aspiration:DefectSkillbook":330,"Gambling Chip":747,"Pantograph":1194,"Tiny Chest":1051,"Red Skull":484,"aspiration:FetidBarrel":569,"aspiration:HummingbirdHeart":622,"Odd Mushroom":944,"Orichalcum":1303,"Medical Kit":472,"White Beast Statue":680,"Calling Bell":431,"Anchor":78,"CaptainsWheel":189,"Bag of Marbles":549,"Coffee Dripper":1256,"Membership Card":101,"PureWater":910,"FossilizedHelix":408}],"Meat on the Bone":12},"card_choices":[{"not_picked":["Thunderclap","Sever Soul"],"picked":"Infernal Blade","floor":1},{"not_picked":["Armaments","Second Wind"],"picked":"Power Through","floor":7},{"not_picked":["Sentinel","Blood for Blood"],"picked":"Warcry","floor":12},{"not_picked":["Second Wind","Thunderclap"],"picked":"Body Slam","floor":14},{"not_picked":["Feed","Exhume"],"picked":"Juggernaut","floor":16},{"not_picked":[],"picked":"Warcry+1","floor":18},{"not_picked":["Wild Strike"],"picked":"SKIP","floor":19},{"not_picked":[],"picked":"Fire Breathing","floor":21},{"not_picked":["Uppercut"],"picked":"SKIP","floor":23},{"not_picked":["Uppercut"],"picked":"SKIP","floor":25},{"not_picked":[],"picked":"Clothesline+1","floor":28},{"not_picked":["Dropkick"],"picked":"SKIP","floor":30},{"not_picked":[],"picked":"Reaper","floor":33},{"not_picked":[],"picked":"Pommel Strike+1","floor":35},{"not_picked":[],"picked":"Battle Trance","floor":37},{"not_picked":[],"picked":"Cleave+1","floor":39},{"not_picked":[],"picked":"Juggernaut","floor":41},{"not_picked":["Anger+1"],"picked":"SKIP","floor":44},{"not_picked":[],"picked":"Heavy Blade+1","floor":45},{"not_picked":[],"picked":"Battle Trance+1","floor":48},{"not_picked":["Sever Soul+1"],"picked":"SKIP","floor":54}],"player_experience":2275043,"relics_obtained":[{"floor":5,"key":"Pantograph"},{"floor":14,"key":"Smiling Mask"},{"floor":23,"key":"Omamori"},{"floor":25,"key":"Dream Catcher"},{"floor":26,"key":"Strawberry"},{"floor":36,"key":"Darkstone Periapt"},{"floor":41,"key":"Boot"},{"floor":43,"key":"Meat on the Bone"},{"floor":44,"key":"Calipers"},{"floor":54,"key":"Ornamental Fan"}],"event_choices":[{"damage_healed":0,"gold_gain":0,"player_choice":"Grow","damage_taken":0,"max_hp_gain":0,"max_hp_loss":0,"event_name":"Living Wall","floor":3,"gold_loss":0,"cards_upgraded":["Armaments"]},{"damage_healed":0,"gold_gain":0,"player_choice":"Donut","damage_taken":0,"max_hp_gain":5,"max_hp_loss":0,"event_name":"Big Fish","floor":4,"gold_loss":0},{"damage_healed":0,"gold_gain":0,"player_choice":"Forge","damage_taken":0,"max_hp_gain":0,"max_hp_loss":0,"event_name":"Accursed Blacksmith","floor":22,"gold_loss":0,"cards_upgraded":["Juggernaut"]},{"damage_healed":0,"gold_gain":200,"player_choice":"Gold","damage_taken":0,"max_hp_gain":0,"max_hp_loss":0,"event_name":"Wheel of Change","floor":29,"gold_loss":0},{"damage_healed":0,"gold_gain":0,"player_choice":"Ignored","damage_taken":0,"max_hp_gain":0,"max_hp_loss":0,"event_name":"betterNote:BetterNote","floor":31,"gold_loss":0,"cards_obtained":["Limit Break"]},{"cards_removed":["Defend_R"],"damage_healed":0,"gold_gain":0,"player_choice":"Removed Skill","damage_taken":0,"max_hp_gain":0,"max_hp_loss":0,"event_name":"Falling","floor":38,"gold_loss":0},{"damage_healed":0,"gold_gain":0,"player_choice":"Memory 1","damage_taken":0,"max_hp_gain":0,"max_hp_loss":0,"event_name":"SensoryStone","floor":42,"gold_loss":0},{"damage_healed":0,"gold_gain":0,"player_choice":"Upgraded","damage_taken":0,"max_hp_gain":0,"max_hp_loss":0,"event_name":"Upgrade Shrine","floor":46,"gold_loss":0,"cards_upgraded":["Juggernaut"]},{"damage_healed":0,"gold_gain":0,"player_choice":"Ignored","damage_taken":0,"max_hp_gain":0,"max_hp_loss":0,"event_name":"Mysterious Sphere","floor":47,"gold_loss":0}],"is_beta":false,"boss_relics":[{"not_picked":["aspiration:WatcherSkillbook","Black Star"],"picked":"Busted Crown"},{"not_picked":["Sozu","Astrolabe"],"picked":"Coffee Dripper"}],"items_purged_floors":[],"is_endless":false,"potions_floor_spawned":[7,16,23,25,28,35,39,44,48,54],"ascension_level":1}}