{"host":"08sn1703g14rasc1","time":1611009070,"event":{"mods":["AchievementEnabler","BaseMod","Colored Map","Colored Powertips","Hermit","Minty Spire (QoL Compilation)","StSLib"],"gold_per_floor":[15,15,15,15,38,38,57,71,125,163,163,128,143,167,167,288,288,304,118,217,25,25,25,72,72,72,106,31,0,0,44,44,174,174,208,61,130,159,193,233,193,235,244,288,301,350,350,377,377,377],"floor_reached":51,"language":"ENG","playtime":1900,"items_purged":[],"score":1126,"play_id":"6f2ec4b7-c9a5-4b4a-a693-2df63e4b07a6","local_time":"20210118143110","is_ascension_mode":true,"campfire_choices":[{"floor":6.0,"key":"REST"},{"floor":11.0,"key":"REST"},{"data":"Genetic Algorithm","floor":15.0,"key":"SMITH"},{"floor":23.0,"key":"REST"},{"floor":25.0,"key":"REST"},{"floor":32.0,"key":"REST"},{"floor":47,"key":"REST"},{"floor":49,"key":"REST"}],"circlet_count":0,"master_deck":["Zap","Dualcast","Genetic Algorithm+1","Hologram","Barrage","Steam","Amplify","Capacitor","Sweeping Beam","Electrodynamics","Storm","Consume","Gash+1","Heatsinks","Go for the Eyes","White Noise+1","Chill","Panache","Gash+1","Lockon+1","Gash","Seek","Storm+1","Stack","Steam Power+1","FTL+1","Conserve Battery","Clumsy","Core Surge","Barrage+1","Double Energy"],"relics":["Cracked Core","Golden Idol","Bronze Scales","Toy Ornithopter","Lizard Tail","Pandora\u0027s Box","OrangePellets","CeramicFish","Pen Nib","InkBottle","Pantograph","Cursed Key","Strange Spoon","Dead Branch","MealTicket","Anchor","Mummified Hand","Calipers"],"acts_visited":["Exordium","TheCity","TheBeyond"],"potions_floor_usage":[37,37,38,38,38,39,40,44,50,50,50],"damage_taken":[{"damage":4.0,"enemies":"Small Slimes","floor":1.0,"turns":3.0},{"damage":7.0,"enemies":"Jaw Worm","floor":5.0,"turns":4.0},{"damage":10.0,"enemies":"2 Louse","floor":7.0,"turns":2.0},{"damage":4.0,"enemies":"2 Fungi Beasts","floor":8.0,"turns":4.0},{"damage":17.0,"enemies":"3 Sentries","floor":10.0,"turns":7.0},{"damage":10.0,"enemies":"Large Slime","floor":13.0,"turns":6.0},{"damage":0.0,"enemies":"3 Louse","floor":14.0,"turns":4.0},{"damage":48.0,"enemies":"Hexaghost","floor":16.0,"turns":11.0},{"damage":26.0,"enemies":"Shell Parasite","floor":18.0,"turns":5.0},{"damage":37.0,"enemies":"Book of Stabbing","floor":24.0,"turns":4.0},{"damage":13.0,"enemies":"2 Thieves","floor":27.0,"turns":3.0},{"damage":16.0,"enemies":"Gremlin Leader","floor":31.0,"turns":5.0},{"damage":28.0,"enemies":"Collector","floor":33.0,"turns":8.0},{"damage":8.0,"enemies":"3 Shapes","floor":35.0,"turns":3.0},{"damage":24,"enemies":"2 Orb Walkers","floor":37,"turns":3},{"damage":7,"enemies":"Orb Walker","floor":38,"turns":3},{"damage":0,"enemies":"Maw","floor":39,"turns":4},{"damage":10,"enemies":"Giant Head","floor":40,"turns":6},{"damage":17,"enemies":"Nemesis","floor":42,"turns":3},{"damage":15,"enemies":"Giant Head","floor":44,"turns":5},{"damage":1,"enemies":"Transient","floor":45,"turns":5},{"damage":31,"enemies":"Reptomancer","floor":46,"turns":4},{"damage":11,"enemies":"Spire Growth","floor":48,"turns":4},{"damage":84,"enemies":"Awakened One","floor":50,"turns":10}],"seed_played":"-2736368252743418887","potions_obtained":[{"floor":1.0,"key":"Energy Potion"},{"floor":8.0,"key":"CultistPotion"},{"floor":10.0,"key":"DistilledChaos"},{"floor":13.0,"key":"Dexterity Potion"},{"floor":18.0,"key":"EntropicBrew"},{"floor":24.0,"key":"FearPotion"},{"floor":31.0,"key":"Regen Potion"},{"floor":37,"key":"SteroidPotion"},{"floor":38,"key":"PowerPotion"},{"floor":42,"key":"FocusPotion"},{"floor":44,"key":"Block Potion"},{"floor":46,"key":"PotionOfCapacity"}],"is_trial":false,"path_per_floor":["M","?","?","?","M","R","M","M","T","E","R","?","M","M","R","B",null,"M","$","?","$","?","R","E","R","T","M","?","?","?","E","R","B",null,"M","$","?","M","M","E","?","E","T","E","M","E","R","M","R","B",null],"character_chosen":"DEFECT","items_purchased":["Chill","OrangePellets","Panache","Strange Spoon"],"campfire_rested":7,"item_purchase_floors":[19,19,21,36],"current_hp_per_floor":[78,56,53,46,39,65,55,51,51,39,65,87,77,77,77,39,77,51,51,51,51,51,77,40,66,66,53,53,53,53,42,68,61,82,74,74,65,73,78,73,73,56,56,46,45,14,40,29,55,11],"gold":377,"neow_bonus":"TWENTY_PERCENT_HP_BONUS","is_daily":false,"chose_seed":false,"campfire_upgraded":1,"win_rate":0.0,"timestamp":1611009070,"path_taken":["M","?","?","?","M","R","M","M","T","E","R","?","M","M","R","BOSS","M","$","?","$","?","R","E","R","T","M","?","?","?","E","R","BOSS","M","$","?","M","M","E","?","E","T","E","?","E","R","M","R","BOSS"],"items_purchased_type":["Card","Relic","Card","Relic"],"build_version":"2020-12-22","purchased_purges":0,"victory":true,"max_hp_per_floor":[89,89,89,89,89,89,89,89,89,89,89,89,89,89,89,89,89,89,89,89,89,89,89,89,89,89,89,89,89,89,89,89,89,89,89,89,89,89,89,89,89,89,89,89,89,89,89,89,89,89],"card_choices":[{"not_picked":["Compile Driver","Go for the Eyes"],"picked":"Genetic Algorithm","floor":1.0},{"not_picked":["Force Field","Beam Cell"],"picked":"Hologram","floor":5.0},{"not_picked":["Skim","Chaos"],"picked":"Barrage","floor":7.0},{"not_picked":["Compile Driver","Hologram"],"picked":"Steam","floor":8.0},{"not_picked":["Conserve Battery","Static Discharge"],"picked":"Amplify","floor":10.0},{"not_picked":["Beam Cell","Turbo"],"picked":"Capacitor","floor":13.0},{"not_picked":["Storm","Go for the Eyes"],"picked":"Sweeping Beam","floor":14.0},{"not_picked":["Multi-Cast","Rainbow"],"picked":"Electrodynamics","floor":16.0},{"not_picked":["Leap","Beam Cell+1"],"picked":"White Noise+1","floor":18.0},{"not_picked":["Redo","Stack"],"picked":"Gash","floor":24.0},{"not_picked":["Sunder","Compile Driver"],"picked":"Lockon+1","floor":27.0},{"not_picked":["Turbo","Reprogram"],"picked":"Gash","floor":31.0},{"not_picked":["Electrodynamics","Hyperbeam"],"picked":"Seek","floor":33.0},{"not_picked":["Gash+1","Rebound+1"],"picked":"Storm+1","floor":35.0},{"not_picked":["Steam","Blizzard"],"picked":"Stack","floor":38},{"not_picked":["Ball Lightning","Rebound+1"],"picked":"Steam Power+1","floor":39},{"not_picked":["Hologram+1","Beam Cell"],"picked":"FTL+1","floor":40},{"not_picked":["Sunder","Sweeping Beam"],"picked":"Conserve Battery","floor":42},{"not_picked":["Doom and Gloom","Chaos+1"],"picked":"Core Surge","floor":44},{"not_picked":["Tempest","Streamline+1","Recycle"],"picked":"SKIP","floor":45},{"not_picked":["Tempest","Recycle"],"picked":"Barrage+1","floor":46},{"not_picked":["Conserve Battery+1","Stack+1"],"picked":"Double Energy","floor":48}],"player_experience":480833,"relics_obtained":[{"floor":9.0,"key":"Toy Ornithopter"},{"floor":10.0,"key":"Lizard Tail"},{"floor":24.0,"key":"Pen Nib"},{"floor":26.0,"key":"InkBottle"},{"floor":31.0,"key":"Pantograph"},{"floor":37,"key":"Dead Branch"},{"floor":40,"key":"MealTicket"},{"floor":42,"key":"Anchor"},{"floor":44,"key":"Mummified Hand"},{"floor":46,"key":"Calipers"}],"event_choices":[{"damage_healed":0.0,"max_hp_gain":0.0,"max_hp_loss":0.0,"gold_gain":0.0,"event_name":"Golden Idol","player_choice":"Take Damage","floor":2.0,"gold_loss":0.0,"damage_taken":22.0,"relics_obtained":["Golden Idol"]},{"damage_healed":0.0,"max_hp_gain":0.0,"max_hp_loss":0.0,"gold_gain":0.0,"event_name":"Scrap Ooze","player_choice":"Success","floor":3.0,"gold_loss":0.0,"damage_taken":3.0,"relics_obtained":["Bronze Scales"]},{"cards_removed":["Defend_B"],"damage_healed":0.0,"max_hp_gain":0.0,"max_hp_loss":0.0,"gold_gain":0.0,"event_name":"Golden Wing","player_choice":"Card Removal","floor":4.0,"gold_loss":0.0,"damage_taken":7.0},{"damage_healed":22.0,"max_hp_gain":0.0,"max_hp_loss":0.0,"gold_gain":0.0,"event_name":"The Cleric","player_choice":"Healed","floor":12.0,"gold_loss":35.0,"damage_taken":0.0},{"damage_healed":0.0,"max_hp_gain":0.0,"max_hp_loss":0.0,"gold_gain":99.0,"event_name":"Nest","player_choice":"Stole From Cult","floor":20.0,"gold_loss":0.0,"damage_taken":0.0},{"damage_healed":0.0,"max_hp_gain":0.0,"max_hp_loss":0.0,"gold_gain":0.0,"event_name":"The Mausoleum","player_choice":"Opened","floor":22.0,"gold_loss":0.0,"damage_taken":0.0,"relics_obtained":["CeramicFish"]},{"cards_removed":["Blizzard"],"damage_healed":0.0,"max_hp_gain":0.0,"max_hp_loss":0.0,"gold_gain":0.0,"event_name":"Beggar","player_choice":"Gave Gold","floor":28.0,"gold_loss":75.0,"damage_taken":0.0},{"damage_healed":0.0,"max_hp_gain":0.0,"max_hp_loss":0.0,"gold_gain":0.0,"event_name":"Masked Bandits","player_choice":"Paid Fearfully","floor":29.0,"gold_loss":31.0,"damage_taken":0.0},{"cards_removed":["Recycle"],"damage_healed":0.0,"max_hp_gain":0.0,"max_hp_loss":0.0,"gold_gain":0.0,"event_name":"Back to Basics","player_choice":"Elegance","floor":30.0,"gold_loss":0.0,"damage_taken":0.0},{"damage_healed":0,"gold_gain":0,"player_choice":"Fight","damage_taken":0,"max_hp_gain":0,"max_hp_loss":0,"event_name":"Mysterious Sphere","floor":37,"gold_loss":0},{"damage_healed":0,"gold_gain":0,"player_choice":"Upgraded Two","damage_taken":0,"max_hp_gain":0,"max_hp_loss":0,"event_name":"Designer","floor":41,"gold_loss":40,"cards_upgraded":["Gash","Gash"]}],"is_beta":false,"boss_relics":[{"not_picked":["Runic Dome","Velvet Choker"],"picked":"Pandora\u0027s Box"},{"not_picked":["Runic Pyramid","Empty Cage"],"picked":"Cursed Key"}],"items_purged_floors":[],"is_endless":false,"potions_floor_spawned":[1,8,10,13,18,24,31,37,38,42,44,46,48],"ascension_level":8}}