{"host":"igi9xpgoc000gxf5","time":1611008844,"event":{"mods":["BaseMod","Colored Powertips","Downfall","Googly Eyes","Minty Spire (QoL Compilation)","StSLib"],"gold_per_floor":[99,111,3,18,3,3,29,29,47,47,47,63,63,79,94,194,194,194,207,207,307,307,95,95,113,129,129,129,129,143,161,173,173,173],"floor_reached":33,"language":"ENG","playtime":1782,"items_purged":[],"score":239,"play_id":"289c838d-9e6c-4901-9e22-1536e1670a39","local_time":"20210118232724","is_ascension_mode":false,"campfire_choices":[{"data":"bronze:Separator","floor":1,"key":"SMITH"},{"floor":8,"key":"REST"},{"data":"bronze:GetLatest","floor":18,"key":"SMITH"},{"floor":28,"key":"REST"}],"circlet_count":0,"master_deck":["bronze:Strike","bronze:Strike","bronze:Strike","bronze:Defend","bronze:Defend","bronze:Defend","bronze:Replicate","bronze:Goto","bronze:Separator+1","bronze:WildBeam","bronze:Turbo","bronze:ChosenStrike","bronze:BugBarrage","bronze:BugBarrage","bronze:BronzeOrb","bronze:Branch","bronze:BugBarrage","bronze:GetLatest+1","bronze:ItsAFeature","bronze:Optimize","bronze:HyperBeam","CurseOfTheBell","bronze:Shell","bronze:DelayedSlice","bronze:Flail","bronze:Iterate","bronze:Invalidate+1","bronze:Terminator+1","bronze:BuggyMess","RitualDagger+1","bronze:WildBeam","bronze:Backtrace","bronze:Constructor"],"relics":["bronze:BronzeCore","Strawberry","Calling Bell","Dream Catcher","Mummified Hand","Dead Branch","MutagenicStrength","downfall:GremlinWheel","MealTicket","Ancient Tea Set","Girya"],"acts_visited":["Exordium","TheCity"],"potions_floor_usage":[16,25,32,33,33],"damage_taken":[{"damage":9,"enemies":"2 Louse","floor":2,"turns":3},{"damage":0,"enemies":"downfall:FleeingMerchant","floor":3,"turns":4},{"damage":6,"enemies":"Jaw Worm","floor":4,"turns":2},{"damage":10,"enemies":"downfall:FleeingMerchant","floor":5,"turns":4},{"damage":0,"enemies":"Small Slimes","floor":9,"turns":1},{"damage":0,"enemies":"Red Slaver","floor":12,"turns":2},{"damage":0,"enemies":"2 Fungi Beasts","floor":14,"turns":1},{"damage":1,"enemies":"Blue Slaver","floor":15,"turns":2},{"damage":22,"enemies":"IC_STATUS_ARCHETYPE","floor":16,"turns":5},{"damage":0,"enemies":"Spheric Guardian","floor":19,"turns":1},{"damage":5,"enemies":"Spheric Guardian","floor":21,"turns":3},{"damage":0,"enemies":"Chosen","floor":22,"turns":1},{"damage":14,"enemies":"downfall:FleeingMerchant","floor":23,"turns":4},{"damage":21,"enemies":"3 Cultists","floor":25,"turns":4},{"damage":0,"enemies":"Snecko","floor":26,"turns":2},{"damage":10,"enemies":"Snake Plant","floor":30,"turns":3},{"damage":0,"enemies":"3 Cultists","floor":31,"turns":3},{"damage":0,"enemies":"Cultist and Chosen","floor":32,"turns":3},{"damage":75,"enemies":"DF_ARCHETYPE_CLAW","floor":33,"turns":5}],"seed_played":"1765905320660134516","potions_obtained":[{"floor":4,"key":"LiquidMemories"},{"floor":14,"key":"bronze:BuildAFunctionPotion"},{"floor":15,"key":"Swift Potion"},{"floor":16,"key":"bronze:FreeFunctionsPotion"},{"floor":19,"key":"DistilledChaos"},{"floor":21,"key":"DistilledChaos"},{"floor":25,"key":"Swift Potion"},{"floor":29,"key":"CultistPotion"}],"is_trial":false,"path_per_floor":["R","M","$","M","$","?","T","R","M","?","?","M","?","M","M","B",null,"R","M","?","?","M","$","T","M","M","?","R","?","M","M","M","B"],"character_chosen":"THE_AUTOMATON","items_purchased":["bronze:ChosenStrike","bronze:BugBarrage","MealTicket","bronze:Iterate"],"campfire_rested":2,"item_purchase_floors":[3,3,23,23],"current_hp_per_floor":[70,61,61,55,45,45,52,75,75,75,75,75,75,75,74,52,77,77,77,77,72,72,58,58,37,37,37,60,60,50,50,50,0,0],"gold":173,"neow_bonus":"THREE_CARDS","is_daily":false,"chose_seed":false,"campfire_upgraded":2,"win_rate":0.0,"timestamp":1611008844,"path_taken":["R","M","$","M","$","?","T","R","M","?","?","?","?","?","M","BOSS","R","M","?","?","M","$","T","?","M","?","R","?","M","M","M","BOSS"],"items_purchased_type":["Card","Card","Relic","Card"],"build_version":"2020-12-22","purchased_purges":0,"victory":false,"max_hp_per_floor":[70,70,70,70,70,70,77,77,77,77,77,77,77,77,77,77,77,77,77,77,77,77,77,77,77,77,77,77,77,77,77,77,77,77],"card_choices":[{"not_picked":["bronze:CloningBeam","bronze:DelayedGuard"],"picked":"bronze:Separator","floor":0},{"not_picked":["bronze:Invalidate","bronze:Shield"],"picked":"bronze:WildBeam","floor":2},{"not_picked":["bronze:BugBarrage","bronze:Iterate"],"picked":"bronze:Turbo","floor":3},{"not_picked":["bronze:Fortify","bronze:BitShift"],"picked":"bronze:BugBarrage","floor":4},{"not_picked":["bronze:OilSpill","bronze:Repair"],"picked":"bronze:BronzeOrb","floor":5},{"not_picked":["bronze:Repair","bronze:CutThrough"],"picked":"bronze:Branch","floor":9},{"not_picked":["bronze:Branch","bronze:OilSpill"],"picked":"bronze:BugBarrage","floor":12},{"not_picked":["bronze:WildBeam","bronze:Allocate"],"picked":"bronze:ItsAFeature","floor":14},{"not_picked":["bronze:Overheat","bronze:OilSpill"],"picked":"bronze:Optimize","floor":15},{"not_picked":["bronze:Format","bronze:CleanCode"],"picked":"bronze:HyperBeam","floor":16},{"not_picked":["bronze:Deprecate","bronze:DelayedSlice"],"picked":"bronze:Shell","floor":19},{"not_picked":["bronze:BronzeOrb","bronze:ClassDefault"],"picked":"bronze:DelayedSlice","floor":22},{"not_picked":["bronze:Deprecate+1","bronze:Shield+1"],"picked":"bronze:Flail","floor":23},{"not_picked":["bronze:DelayedGuard","bronze:Mutator"],"picked":"bronze:Invalidate+1","floor":25},{"not_picked":["bronze:Deprecate","bronze:DarkDash+1"],"picked":"bronze:Terminator+1","floor":26},{"not_picked":["bronze:ItsAFeature","bronze:ChildClass"],"picked":"bronze:BuggyMess","floor":28},{"not_picked":["bronze:Frontload","bronze:BitShift"],"picked":"bronze:WildBeam","floor":30},{"not_picked":["bronze:BugBarrage","bronze:DelayedGuard"],"picked":"bronze:Backtrace","floor":31},{"not_picked":["bronze:CloningBeam","bronze:Optimize"],"picked":"bronze:Constructor","floor":32}],"player_experience":946498,"relics_obtained":[{"floor":7,"key":"Strawberry"},{"floor":17,"key":"Dream Catcher"},{"floor":17,"key":"Mummified Hand"},{"floor":17,"key":"Dead Branch"},{"floor":21,"key":"downfall:GremlinWheel"},{"floor":24,"key":"Ancient Tea Set"},{"floor":28,"key":"Girya"}],"event_choices":[{"cards_removed":["bronze:NullPointer"],"damage_healed":0,"gold_gain":0,"player_choice":"Card Removal","damage_taken":0,"max_hp_gain":0,"max_hp_loss":0,"event_name":"The Cleric","floor":11,"gold_loss":0},{"damage_healed":0,"gold_gain":0,"player_choice":"Inject Mutagens","damage_taken":0,"relics_obtained":["MutagenicStrength"],"max_hp_gain":0,"max_hp_loss":0,"event_name":"Drug Dealer","floor":20,"gold_loss":0},{"damage_healed":0,"gold_gain":0,"player_choice":"Relic","damage_taken":0,"max_hp_gain":0,"max_hp_loss":0,"event_name":"Wheel of Change","floor":28,"gold_loss":0}],"is_beta":false,"boss_relics":[{"not_picked":["Runic Dome","Busted Crown"],"picked":"Calling Bell"}],"items_purged_floors":[],"is_endless":false,"potions_floor_spawned":[4,14,15,16,19,21,25,30,31],"killed_by":"DF_ARCHETYPE_CLAW","ascension_level":0}}