{"host":"q9718omregw4er46","time":1611007235,"event":{"mods":["BaseMod","Bestiary","Colored Powertips","Minty Spire (QoL Compilation)","Quick Restart","Relic Stats"],"gold_per_floor":[114,129,147,158,233,233,258,258,258,270,270,71,100,100,100,175,175,187,112,124,124,135,135,135],"floor_reached":23,"language":"ENG","playtime":630,"items_purged":[],"score":402,"play_id":"ed824294-3e38-4e29-973f-f06c94d6d204","local_time":"20210119030035","is_ascension_mode":true,"campfire_choices":[{"data":"Uppercut","floor":6.0,"key":"SMITH"},{"data":"Bash","floor":8.0,"key":"SMITH"},{"data":"Feel No Pain","floor":11.0,"key":"SMITH"},{"data":"Uppercut","floor":15.0,"key":"SMITH"}],"circlet_count":0,"master_deck":["AscendersBane","Strike_R","Strike_R","Strike_R","Defend_R","Defend_R","Defend_R","Defend_R","Bash+1","Headbutt","Clothesline","Shrug It Off","Uppercut+1","Feel No Pain+1","Cleave","Uppercut+1","Bludgeon","Burning Pact"],"relics":["Snecko Eye","Akabeko","Nunchaku","Vajra","Pear","Black Star"],"acts_visited":["Exordium","TheCity"],"potions_floor_usage":[23,23],"damage_taken":[{"damage":0.0,"enemies":"Cultist","floor":1.0,"turns":3.0},{"damage":2.0,"enemies":"2 Louse","floor":2.0,"turns":3.0},{"damage":7.0,"enemies":"Small Slimes","floor":3.0,"turns":4.0},{"damage":1.0,"enemies":"Exordium Thugs","floor":4.0,"turns":4.0},{"damage":17.0,"enemies":"Lagavulin","floor":7.0,"turns":6.0},{"damage":0.0,"enemies":"Blue Slaver","floor":10.0,"turns":1.0},{"damage":5.0,"enemies":"3 Sentries","floor":13.0,"turns":3.0},{"damage":7.0,"enemies":"The Guardian","floor":16.0,"turns":7.0},{"damage":7.0,"enemies":"3 Byrds","floor":18.0,"turns":3.0},{"damage":20.0,"enemies":"Shell Parasite","floor":20.0,"turns":4.0},{"damage":29.0,"enemies":"Shelled Parasite and Fungi","floor":22.0,"turns":4.0},{"damage":21,"enemies":"Slavers","floor":23,"turns":4}],"seed_played":"-6311592794175074581","potions_obtained":[{"floor":3.0,"key":"FearPotion"},{"floor":4.0,"key":"ColorlessPotion"},{"floor":13.0,"key":"Swift Potion"},{"floor":22.0,"key":"SteroidPotion"}],"is_trial":true,"path_per_floor":["M","M","M","M","?","R","E","R","T","M","R","$","E","?","R","B",null,"M","?","M","?","M","E"],"character_chosen":"IRONCLAD","items_purchased":["Uppercut","Vajra"],"campfire_rested":0,"item_purchase_floors":[12,12],"current_hp_per_floor":[68,66,59,58,47,47,30,30,30,30,30,30,35,40,40,33,76,69,69,49,49,20,0,0],"gold":135,"neow_bonus":"","is_daily":false,"chose_seed":false,"campfire_upgraded":4,"win_rate":0.0,"timestamp":1611007235,"path_taken":["M","M","M","M","?","R","E","R","T","M","R","$","E","?","R","BOSS","M","?","M","?","?","E"],"items_purchased_type":["Card","Relic"],"build_version":"2020-12-22","purchased_purges":0,"victory":false,"max_hp_per_floor":[75,75,75,75,75,75,75,75,75,75,75,75,85,90,90,90,90,90,90,90,90,90,90,90],"relic_stats":{"Nunchaku":[6],"counters":[12,46],"Snecko Eye":[87,82,82,75],"Black Star":0,"obtain_stats":[{"Nunchaku":9,"Pear":13,"Snecko Eye":0,"Vajra":12,"Black Star":17,"Akabeko":7},{"Nunchaku":5,"Pear":7,"Snecko Eye":0,"Vajra":6,"Black Star":8,"Akabeko":5},{"Nunchaku":20,"Pear":24,"Snecko Eye":0,"Vajra":21,"Black Star":31,"Akabeko":20}]},"card_choices":[{"not_picked":["Thunderclap","Rupture"],"picked":"Headbutt","floor":1.0},{"not_picked":["Twin Strike","Whirlwind"],"picked":"Clothesline","floor":2.0},{"not_picked":["Clash","Battle Trance"],"picked":"Shrug It Off","floor":3.0},{"not_picked":["True Grit","Fire Breathing"],"picked":"Uppercut","floor":4.0},{"not_picked":["Inflame","Evolve"],"picked":"Feel No Pain","floor":7.0},{"not_picked":["Evolve","Sword Boomerang"],"picked":"Cleave","floor":10.0},{"not_picked":["Iron Wave","Clash","Thunderclap"],"picked":"SKIP","floor":13.0},{"not_picked":["Corruption","Feed"],"picked":"Bludgeon","floor":16.0},{"not_picked":["Headbutt","Iron Wave"],"picked":"Burning Pact","floor":18.0},{"not_picked":["Blood for Blood","Sentinel+1","Flex+1"],"picked":"SKIP","floor":20.0},{"not_picked":["Warcry","Headbutt+1","Intimidate"],"picked":"SKIP","floor":22.0}],"player_experience":1233941,"relics_obtained":[{"floor":7.0,"key":"Akabeko"},{"floor":9.0,"key":"Nunchaku"},{"floor":13.0,"key":"Pear"}],"event_choices":[{"damage_healed":0.0,"max_hp_gain":0.0,"max_hp_loss":0.0,"gold_gain":75.0,"event_name":"World of Goop","player_choice":"Gather Gold","floor":5.0,"gold_loss":0.0,"damage_taken":11.0},{"damage_healed":0.0,"max_hp_gain":5.0,"max_hp_loss":0.0,"gold_gain":0.0,"event_name":"Big Fish","player_choice":"Donut","floor":14.0,"gold_loss":0.0,"damage_taken":0.0},{"cards_removed":["Strike_R"],"damage_healed":0.0,"max_hp_gain":0.0,"max_hp_loss":0.0,"gold_gain":0.0,"event_name":"Beggar","player_choice":"Gave Gold","floor":19.0,"gold_loss":75.0,"damage_taken":0.0},{"cards_removed":["Strike_R"],"damage_healed":0.0,"max_hp_gain":0.0,"max_hp_loss":0.0,"gold_gain":0.0,"event_name":"Purifier","player_choice":"Purged","floor":21.0,"gold_loss":0.0,"damage_taken":0.0}],"is_beta":false,"boss_relics":[{"not_picked":["SacredBark","Ectoplasm"],"picked":"Black Star"}],"items_purged_floors":[],"is_endless":false,"potions_floor_spawned":[3,4,13,16,22],"killed_by":"Slavers","ascension_level":20}}