{"host":"f5mjulaw5aqlqmd7","time":1611009694,"event":{"mods":["Act Like it!","BaseMod","Colored Map","GifTheSpireLib","Hallownest","Minty Spire (QoL Compilation)","StSLib"],"gold_per_floor":[113,129,129,129,141,141,11,27,27,52,62,73,86,102,102,199,199,215,5,25,25,125,125,125],"floor_reached":23,"language":"ENG","playtime":1579,"items_purged":[],"score":195,"play_id":"b0eaae0e-2dee-471d-9168-47b459dd7ab7","local_time":"20210118174134","is_ascension_mode":false,"campfire_choices":[{"data":"Deadly Poison","floor":6,"key":"SMITH"},{"floor":15,"key":"REST"}],"circlet_count":0,"master_deck":["Strike_G","Strike_G","Strike_G","Strike_G","Defend_G","Defend_G","Defend_G","Defend_G","Defend_G","Survivor","Neutralize","PiercingWail","Deadly Poison","Backflip","Regret","Deadly Poison+1","Swift Strike","Predator","Bouncing Flask","Underhanded Strike","Bane","Outmaneuver","Terror","Adrenaline","A Thousand Cuts","Dodge and Roll","Sadistic Nature","Quick Slash","Catalyst","Shame"],"relics":["Ring of the Snake","NeowsBlessing","Kunai","HornCleat","Oddly Smooth Stone","Snecko Eye","The Specimen"],"acts_visited":["Exordium","TheCity"],"potions_floor_usage":[10,16,16,16,23,23,23],"damage_taken":[{"damage":0,"enemies":"Cultist","floor":1,"turns":1},{"damage":0,"enemies":"Small Slimes","floor":2,"turns":1},{"damage":0,"enemies":"2 Louse","floor":5,"turns":1},{"damage":2,"enemies":"Blue Slaver","floor":8,"turns":4},{"damage":21,"enemies":"Gremlin Nob","floor":10,"turns":4},{"damage":6,"enemies":"2 Fungi Beasts","floor":11,"turns":3},{"damage":13,"enemies":"Gremlin Gang","floor":12,"turns":3},{"damage":2,"enemies":"Looter","floor":13,"turns":3},{"damage":13,"enemies":"2 Fungi Beasts","floor":14,"turns":3},{"damage":23,"enemies":"The Guardian","floor":16,"turns":8},{"damage":10,"enemies":"Spheric Guardian","floor":18,"turns":4},{"damage":11,"enemies":"2 Thieves","floor":20,"turns":4},{"damage":49,"enemies":"Gremlin Leader","floor":23,"turns":7}],"seed_played":"-1978511238369764164","potions_obtained":[{"floor":2,"key":"Explosive Potion"},{"floor":8,"key":"Fire Potion"},{"floor":11,"key":"Strength Potion"},{"floor":14,"key":"EssenceOfSteel"},{"floor":18,"key":"EntropicBrew"}],"is_trial":false,"path_per_floor":["M","M","?","?","M","R","$","M","T","E","M","M","M","M","R","B",null,"M","$","M","?","?","E"],"character_chosen":"THE_SILENT","items_purchased":["Swift Strike","Predator","Sadistic Nature","Quick Slash"],"campfire_rested":1,"item_purchase_floors":[7,7,19,19],"current_hp_per_floor":[70,70,70,70,70,70,70,68,68,47,41,28,26,13,34,11,70,60,60,49,49,49,0,0],"gold":125,"neow_bonus":"THREE_ENEMY_KILL","is_daily":false,"chose_seed":false,"campfire_upgraded":1,"win_rate":0.0,"timestamp":1611009694,"path_taken":["M","?","?","?","M","R","?","?","T","E","M","M","M","M","R","BOSS","M","$","M","?","?","E"],"items_purchased_type":["Card","Card","Card","Card"],"build_version":"2020-12-22","purchased_purges":0,"victory":false,"max_hp_per_floor":[70,70,70,70,70,70,70,70,70,70,70,70,70,70,70,70,70,70,70,70,70,70,70,70],"card_choices":[{"not_picked":["Dagger Throw","Underhanded Strike"],"picked":"PiercingWail","floor":1},{"not_picked":["Underhanded Strike","Prepared"],"picked":"Deadly Poison","floor":2},{"not_picked":["Underhanded Strike","Calculated Gamble"],"picked":"Deadly Poison","floor":5},{"not_picked":["Tools of the Trade","Blade Dance"],"picked":"Bouncing Flask","floor":8},{"not_picked":["Dodge and Roll","Prepared"],"picked":"Underhanded Strike","floor":10},{"not_picked":["Deflect","Backflip"],"picked":"Bane","floor":11},{"not_picked":["Escape Plan","Terror"],"picked":"Outmaneuver","floor":12},{"not_picked":["PiercingWail","Acrobatics"],"picked":"Terror","floor":13},{"not_picked":["Well Laid Plans","Escape Plan"],"picked":"Adrenaline","floor":14},{"not_picked":["After Image","Wraith Form v2"],"picked":"A Thousand Cuts","floor":16},{"not_picked":["Riddle With Holes","Infinite Blades+1"],"picked":"Dodge and Roll","floor":18},{"not_picked":["Distraction","Dagger Spray"],"picked":"Catalyst","floor":20}],"player_experience":19057,"relics_obtained":[{"floor":9,"key":"HornCleat"},{"floor":10,"key":"Oddly Smooth Stone"}],"event_choices":[{"damage_healed":0,"gold_gain":0,"cards_transformed":["Strike_G"],"player_choice":"Change","damage_taken":0,"max_hp_gain":0,"max_hp_loss":0,"event_name":"Living Wall","floor":3,"gold_loss":0,"cards_obtained":["Backflip"]},{"damage_healed":0,"gold_gain":0,"player_choice":"Box","damage_taken":0,"relics_obtained":["Kunai"],"max_hp_gain":0,"max_hp_loss":0,"event_name":"Big Fish","floor":4,"gold_loss":0,"cards_obtained":["Regret"]},{"damage_healed":0,"gold_gain":0,"player_choice":"Stole Relic","damage_taken":0,"relics_obtained":["The Specimen"],"max_hp_gain":0,"max_hp_loss":0,"event_name":"Addict","floor":21,"gold_loss":0,"cards_obtained":["Shame"]},{"damage_healed":0,"gold_gain":100,"player_choice":"Pray","damage_taken":0,"max_hp_gain":0,"max_hp_loss":0,"event_name":"Golden Shrine","floor":22,"gold_loss":0}],"is_beta":false,"boss_relics":[{"not_picked":["SacredBark","Cursed Key"],"picked":"Snecko Eye"}],"items_purged_floors":[],"is_endless":false,"potions_floor_spawned":[2,8,11,14,18],"killed_by":"Gremlin Leader","ascension_level":0}}