{"host":"15dd7v8o90xso62x","time":1611004099,"event":{"mods":["BaseMod","Minty Spire (QoL Compilation)","Quick Restart","StSLib","SuperFastMode"],"gold_per_floor":[113,83,4,19,19,29,64,64,145,164,164,164],"floor_reached":11,"language":"KOR","playtime":340,"items_purged":[],"score":146,"play_id":"647b9ff1-faba-46bc-8a90-9e99846497cb","local_time":"20210119060819","is_ascension_mode":true,"campfire_choices":[],"circlet_count":0,"master_deck":["AscendersBane","Strike_G","Strike_G","Strike_G","Strike_G","Defend_G","Defend_G+1","Defend_G","Defend_G","Survivor","Neutralize","Flying Knee","Bouncing Flask","Reflex+1","Dagger Throw","Poisoned Stab","Noxious Fumes","Acrobatics"],"relics":["Ring of the Snake","War Paint","Bottled Flame"],"acts_visited":["Exordium"],"potions_floor_usage":[11,11],"damage_taken":[{"damage":2.0,"enemies":"Small Slimes","floor":1.0,"turns":3.0},{"damage":1.0,"enemies":"Cultist","floor":4.0,"turns":3.0},{"damage":0.0,"enemies":"2 Louse","floor":6.0,"turns":2.0},{"damage":17.0,"enemies":"Lagavulin","floor":7.0,"turns":4.0},{"damage":3.0,"enemies":"2 Fungi Beasts","floor":10.0,"turns":3.0},{"damage":31,"enemies":"Gremlin Nob","floor":11,"turns":3}],"seed_played":"-891495024030320233","potions_obtained":[{"floor":2.0,"key":"Energy Potion"},{"floor":2.0,"key":"GamblersBrew"},{"floor":4.0,"key":"Explosive Potion"},{"floor":8.0,"key":"CultistPotion"}],"is_trial":false,"path_per_floor":["M","?","$","M","?","M","E","?","T","M","E"],"character_chosen":"THE_SILENT","items_purchased":["Dagger Throw","Poisoned Stab"],"campfire_rested":0,"item_purchase_floors":[3,3],"current_hp_per_floor":[57,57,57,56,49,49,32,32,32,29,0,0],"gold":164,"neow_bonus":"TRANSFORM_TWO_CARDS","is_daily":false,"chose_seed":false,"campfire_upgraded":0,"win_rate":0.0,"timestamp":1611004099,"path_taken":["M","?","$","?","?","M","E","?","T","M","E"],"items_purchased_type":["Card","Card"],"build_version":"2020-12-22","purchased_purges":0,"victory":false,"max_hp_per_floor":[66,66,66,66,66,66,66,66,66,66,66,66],"card_choices":[{"not_picked":["Backflip","Infinite Blades"],"picked":"Reflex","floor":1.0},{"not_picked":["Dodge and Roll","Quick Slash","Backflip"],"picked":"SKIP","floor":4.0},{"not_picked":["Dodge and Roll","Poisoned Stab"],"picked":"Noxious Fumes","floor":6.0},{"not_picked":["Deadly Poison","Riddle With Holes"],"picked":"Acrobatics","floor":7.0},{"not_picked":["Backflip","Dodge and Roll","Sucker Punch"],"picked":"SKIP","floor":10.0}],"player_experience":1045798,"relics_obtained":[{"floor":7.0,"key":"War Paint"},{"floor":9.0,"key":"Bottled Flame"}],"event_choices":[{"damage_healed":0.0,"max_hp_gain":0.0,"max_hp_loss":0.0,"gold_gain":0.0,"event_name":"The Woman in Blue","player_choice":"Bought 2 Potions","floor":2.0,"gold_loss":0.0,"damage_taken":0.0},{"cards_removed":["Writhe"],"damage_healed":0.0,"max_hp_gain":0.0,"max_hp_loss":0.0,"gold_gain":0.0,"event_name":"Golden Wing","player_choice":"Card Removal","floor":5.0,"gold_loss":0.0,"damage_taken":7.0},{"damage_healed":0.0,"max_hp_gain":0.0,"max_hp_loss":0.0,"gold_gain":0.0,"event_name":"Lab","player_choice":"Got Potions","floor":8.0,"gold_loss":0.0,"damage_taken":0.0}],"is_beta":false,"boss_relics":[],"items_purged_floors":[],"is_endless":false,"potions_floor_spawned":[4,10],"killed_by":"Gremlin Nob","ascension_level":20}}