{"host":"rupmf8lnk599ormj","time":1611012310,"event":{"mods":["2.2 Compatiblity","AchievementEnabler","BaseMod","Better Match","Better Third Choice","BetterRewards","Colored Map","Colored Powertips","Conspire","Downfall","Evolution","Gold Saver","Googly Eyes","Hubris","Minty Spire (QoL Compilation)","Quick Restart","Rare Cards Sparkle","Shade Mod","Spicy Shops","StSLib","The Cursed"],"gold_per_floor":[1009,1024,1039,201,216,116,116,146,146,161,176,206,206,18,33,133,133,133,148,163,163,263,278,303,333,398,413,563,578,593,608,623,723,723,623,638,653,578,593,593,618,618,518,583,636,686,701,716,735,735,735],"floor_reached":50,"language":"ENG","playtime":5032,"items_purged":[],"score":614,"play_id":"d9c3de8a-ddcf-439f-b0ca-e4466dd315d6","local_time":"20210118182510","daily_mods":["Heirloom","Diverse","Elite Swarm"],"is_ascension_mode":false,"campfire_choices":[{"floor":1,"key":"RECALL"},{"data":"expansioncontent:QuickStudy","floor":6,"key":"SMITH"},{"data":"Guardian:FloatingOrbs","floor":18,"key":"SMITH"},{"data":"Guardian:ConstructionForm","floor":35,"key":"SMITH"},{"data":"TheCursedMod:StingEye","floor":42,"key":"SMITH"}],"circlet_count":0,"master_deck":["sneckomod:Strike+1","sneckomod:Strike+1","sneckomod:Strike+1","sneckomod:Defend+1","sneckomod:Defend+1","sneckomod:Defend+1","sneckomod:TailWhip","sneckomod:SnekBite","sneckomod:Unknown","sneckomod:Unknown","hexamod:PhantomCloak","Guardian:FloatingOrbs+1","Dropkick+1","Masterful Stab","expansioncontent:QuickStudy+1","Good Instincts","BowlingBash","Slimebound:GoopTackle","Die Die Die","Guardian:Planning","Slimebound:SlimeSpikes","hexamod:ParanormalForm","hexamod:SpectersWail","bronze:OilSpill+1","Guardian:Planning","All For One","Sword Boomerang+1","Dagger Throw","Iron Wave","Slice","hexamod:TimeOfNeed","TheCursedMod:StingEye+1","Swivel+1","sneckomod:SnakeSap+1","Guardian:ConstructionForm+1","hexamod:GhostflameBarrier+1","Hemokinesis+1","Doubt","sneckomod:SnakeSap+1","conspire:SpireCoStock","sneckomod:IronFang","Alpha","Pummel+1","Parasite","Blade Dance+1","Guardian:SpikerProtocol"],"relics":["sneckomod:SneckoSoul","EVO:Axolotl","hubris:FunFungus","Ice Cream","sneckomod:SleevedAce","downfall:HeartBlessingRed","hexamod:BolsterEngine","Dead Branch","Du-Vu Doll","Thread and Needle","bronze:BronzeIdol","expansioncontent:StudyCardRelic","downfall:CloakOfManyFaces","CultistMask","FaceOfCleric","NlothsMask","GremlinMask","SsserpentHead","Anchor","downfall:HeartBlessingGreen","Strange Spoon","Whetstone","Ancient Tea Set","hubris:Icosahedron"],"acts_visited":["Exordium","TheCity","TheBeyond"],"potions_floor_usage":[8,16,22,22,31,32,33,45,50,50,50],"damage_taken":[{"damage":4,"enemies":"Cultist","floor":2,"turns":3},{"damage":11,"enemies":"2 Louse","floor":3,"turns":3},{"damage":0,"enemies":"downfall:FleeingMerchant","floor":4,"turns":4},{"damage":13,"enemies":"Small Slimes","floor":5,"turns":7},{"damage":12,"enemies":"Lagavulin","floor":8,"turns":3},{"damage":0,"enemies":"Blue Slaver","floor":10,"turns":2},{"damage":6,"enemies":"3 Louse","floor":11,"turns":2},{"damage":16,"enemies":"Gremlin Nob","floor":12,"turns":3},{"damage":1,"enemies":"downfall:FleeingMerchant","floor":14,"turns":4},{"damage":0,"enemies":"Gremlin Gang","floor":15,"turns":2},{"damage":9,"enemies":"IC_STATUS_ARCHETYPE","floor":16,"turns":6},{"damage":0,"enemies":"Shell Parasite","floor":19,"turns":3},{"damage":9,"enemies":"Sentry and Sphere","floor":20,"turns":4},{"damage":1,"enemies":"downfall:FaceTrader","floor":22,"turns":4},{"damage":1,"enemies":"Shelled Parasite and Fungi","floor":23,"turns":4},{"damage":8,"enemies":"Book of Stabbing","floor":25,"turns":4},{"damage":0,"enemies":"Centurion and Healer","floor":26,"turns":4},{"damage":11,"enemies":"Snake Plant","floor":27,"turns":3},{"damage":3,"enemies":"Cultist and Chosen","floor":29,"turns":3},{"damage":15,"enemies":"Shelled Parasite and Fungi","floor":30,"turns":3},{"damage":0,"enemies":"Centurion and Healer","floor":31,"turns":3},{"damage":11,"enemies":"Snecko","floor":32,"turns":5},{"damage":11,"enemies":"WA_ARCHETYPE_CALM","floor":33,"turns":5},{"damage":0,"enemies":"Orb Walker","floor":36,"turns":3},{"damage":4,"enemies":"3 Shapes","floor":37,"turns":4},{"damage":7,"enemies":"downfall:FleeingMerchant","floor":38,"turns":4},{"damage":0,"enemies":"Spire Growth","floor":39,"turns":4},{"damage":16,"enemies":"Sphere and 2 Shapes","floor":44,"turns":4},{"damage":22,"enemies":"Nemesis","floor":45,"turns":5},{"damage":20,"enemies":"3 Darklings","floor":47,"turns":4},{"damage":0,"enemies":"Writhing Mass","floor":48,"turns":6},{"damage":14,"enemies":"Transient","floor":49,"turns":5},{"damage":98,"enemies":"SI_POISON_ARCHETYPE","floor":50,"turns":9}],"seed_played":"-1283480827410872575","potions_obtained":[{"floor":2,"key":"SteroidPotion"},{"floor":5,"key":"Fruit Juice"},{"floor":10,"key":"bronze:BurnAndBuffPotion"},{"floor":16,"key":"Fruit Juice"},{"floor":19,"key":"Block Potion"},{"floor":25,"key":"champ:CounterPotion"},{"floor":27,"key":"LiquidMemories"},{"floor":31,"key":"Regen Potion"},{"floor":33,"key":"Strength Potion"},{"floor":36,"key":"Swift Potion"},{"floor":48,"key":"Energy Potion"}],"is_trial":false,"path_per_floor":["R","M","M","$","M","R","T","E","?","M","M","E","?","$","M","B",null,"R","M","M","?","?","M","T","E","M","M","?","M","M","M","M","B",null,"R","M","M","$","M","?","T","R","?","M","E","?","M","M","M","B"],"character_chosen":"THE_SNECKO","items_purchased":["Ice Cream","sneckomod:SleevedAce","expansioncontent:QuickStudy","Good Instincts","BowlingBash","bronze:BronzeIdol","bronze:OilSpill","Strange Spoon"],"campfire_rested":0,"item_purchase_floors":[4,4,4,4,4,14,14,38],"current_hp_per_floor":[90,86,75,75,89,89,89,83,83,83,77,61,61,62,62,55,95,95,95,86,86,93,93,93,88,91,82,82,80,67,68,76,75,109,109,110,109,103,106,106,106,106,123,115,97,97,82,92,83,0,0],"gold":735,"neow_bonus":"","is_daily":true,"chose_seed":false,"campfire_upgraded":4,"win_rate":0.0,"timestamp":1611012310,"path_taken":["R","M","M","$","?","R","T","E","?","M","M","E","?","?","M","BOSS","R","M","M","?","?","M","T","E","?","M","?","M","M","M","M","BOSS","R","M","M","$","M","?","T","R","?","?","E","?","M","M","M","BOSS"],"items_purchased_type":["Relic","Relic","Card","Card","Card","Relic","Card","Relic"],"build_version":"2020-12-22","purchased_purges":0,"victory":false,"max_hp_per_floor":[90,90,90,90,90,90,90,95,95,95,95,95,95,95,95,95,95,95,95,95,95,100,101,101,102,103,104,104,105,106,107,108,109,109,109,110,111,112,113,113,113,113,123,124,125,125,126,127,128,128,128],"card_choices":[{"not_picked":["PathToVictory","TheCursedMod:CursedAmulet"],"picked":"hexamod:PhantomCloak","floor":2},{"not_picked":["Guardian:CrystalBeam","Conserve Battery"],"picked":"Guardian:FloatingOrbs","floor":2},{"not_picked":["sneckomod:SoulRoll","champ:Endure"],"picked":"Dropkick","floor":3},{"not_picked":["Multi-Cast","hubris:SlightOfHand"],"picked":"Masterful Stab","floor":4},{"not_picked":["hexamod:ShieldOfDarkness","champ:AdrenalArmor"],"picked":"Slimebound:GoopTackle","floor":5},{"not_picked":["Biased Cognition","hexamod:ForkedFlame"],"picked":"Die Die Die","floor":8},{"not_picked":["TheCursedMod:EmpowerCircles","champ:PreciseThrust"],"picked":"Guardian:Planning","floor":10},{"not_picked":["Power Through","EmptyFist"],"picked":"Slimebound:SlimeSpikes","floor":11},{"not_picked":["Shade:Putrefaction","Slimebound:MassRepurpose"],"picked":"hexamod:ParanormalForm","floor":12},{"not_picked":["Steam","TheCursedMod:SpitefulStrike"],"picked":"hexamod:SpectersWail","floor":14},{"not_picked":["Blade Dance","TheCursedMod:DoubleShield"],"picked":"Guardian:Planning","floor":15},{"not_picked":["Shade:OminousRitual","bronze:HardenedForm"],"picked":"All For One","floor":16},{"not_picked":["Perfected Strike","hexamod:HeatCrush"],"picked":"Sword Boomerang+1","floor":19},{"not_picked":["Chaos","FlurryOfBlows"],"picked":"Dagger Throw","floor":20},{"not_picked":["TheCursedMod:CircleOfFocus","Slimebound:AcidTongue"],"picked":"Iron Wave","floor":22},{"not_picked":["champ:FocusedBerserking","Barrage+1"],"picked":"Slice","floor":23},{"not_picked":["bronze:TinkerersToolbox","champ:StrikeOfGenius"],"picked":"hexamod:TimeOfNeed","floor":25},{"not_picked":["TheCursedMod:PrepareRite","Perfected Strike"],"picked":"TheCursedMod:StingEye","floor":26},{"not_picked":["TheCursedMod:Obscuration+1","TheCursedMod:CursedBlade","Gash"],"picked":"SKIP","floor":27},{"not_picked":["Slimebound:PressTheAttack","hexamod:GhostOfSpireFuture"],"picked":"Swivel+1","floor":29},{"not_picked":["champ:SwordThrow","champ:DefensiveShout","Shade:FingerOfDeath+1"],"picked":"SKIP","floor":30},{"not_picked":["Flame Barrier","Thunderclap+1"],"picked":"sneckomod:SnakeSap+1","floor":31},{"not_picked":["Protect","champ:SkillfulDodge","Ball Lightning"],"picked":"SKIP","floor":32},{"not_picked":["sneckomod:MorePower","Double Tap"],"picked":"Guardian:ConstructionForm","floor":33},{"not_picked":["Ball Lightning+1","TheCursedMod:WearCloak+1"],"picked":"hexamod:GhostflameBarrier+1","floor":36},{"not_picked":["bronze:MaxOutput+1","sneckomod:MasterEye+1","Deflect"],"picked":"SKIP","floor":37},{"not_picked":["Steam Power","TheCursedMod:RapidMovement"],"picked":"Hemokinesis+1","floor":38},{"not_picked":["TheCursedMod:RapidMovement+1","Body Slam"],"picked":"sneckomod:SnakeSap+1","floor":39},{"not_picked":["Prostrate","champ:CalledShot+1"],"picked":"sneckomod:IronFang","floor":44},{"not_picked":["bronze:ThunderWave","hubris:SpecializedCircuitry"],"picked":"Alpha","floor":45},{"not_picked":["Slimebound:SlimeSpikes+1","FTL"],"picked":"Pummel+1","floor":47},{"not_picked":["Slimebound:Gluttony+1","Dodge and Roll+1"],"picked":"Blade Dance+1","floor":48},{"not_picked":["Guardian:Gem_White","Backflip+1"],"picked":"Guardian:SpikerProtocol","floor":49}],"player_experience":213407,"relics_obtained":[{"floor":7,"key":"hexamod:BolsterEngine"},{"floor":8,"key":"Dead Branch"},{"floor":12,"key":"Thread and Needle"},{"floor":22,"key":"downfall:CloakOfManyFaces"},{"floor":25,"key":"Anchor"},{"floor":41,"key":"Whetstone"},{"floor":45,"key":"Ancient Tea Set"}],"event_choices":[{"damage_healed":0,"gold_gain":0,"player_choice":"Invest 1","damage_taken":0,"max_hp_gain":0,"max_hp_loss":0,"event_name":"conspire:Investor","floor":40,"gold_loss":0}],"is_beta":false,"boss_relics":[{"not_picked":["hubris:Stopwatch","Empty Cage"],"picked":"expansioncontent:StudyCardRelic"},{"not_picked":["bronze:MakeshiftBattery","Coffee Dripper","Runic Dome"]}],"items_purged_floors":[],"is_endless":false,"potions_floor_spawned":[2,5,10,16,19,25,27,30,31,33,36,39,44,48],"killed_by":"SI_POISON_ARCHETYPE","ascension_level":0}}