{"host":"8f5cu9y0fpol72qs","time":1611001662,"event":{"mods":["AlwaysNeverKeys","BaseMod","Colored Map","Colored Powertips","Curses Come First","Highlight Path","Key Reminder","Minty Spire (QoL Compilation)","StSLib"],"gold_per_floor":[216,230,241,0,12,12,37,49,86,122,170,182,144,181,193,290,302,334,371,392,429,441,441],"floor_reached":22,"language":"ENG","playtime":1358,"items_purged":[],"score":337,"play_id":"c7e0d5c7-1244-4454-be8d-51cf5716091c","local_time":"20210118122742","is_ascension_mode":true,"campfire_choices":[{"data":"All Out Attack","floor":6,"key":"SMITH"},{"floor":8,"key":"REST"},{"floor":12,"key":"REST"},{"data":"Footwork","floor":15,"key":"SMITH"}],"circlet_count":0,"master_deck":["AscendersBane","Strike_G","Strike_G","Strike_G","Strike_G","Defend_G","Defend_G","Defend_G","Defend_G","Defend_G","Survivor","Neutralize","All Out Attack+1","Dagger Spray","Footwork+1","Quick Slash","Dodge and Roll+1","Blade Dance+1","Corpse Explosion+1","Deadly Poison+1","Catalyst+1","Footwork+1","Deadly Poison+1"],"relics":["Ring of the Snake","Toxic Egg 2","MawBank","CeramicFish","Bag of Preparation","Philosopher\u0027s Stone"],"acts_visited":["Exordium","TheCity"],"potions_floor_usage":[7,11,16,19],"damage_taken":[{"damage":2,"enemies":"Cultist","floor":1,"turns":4},{"damage":0,"enemies":"2 Louse","floor":2,"turns":4},{"damage":1,"enemies":"Small Slimes","floor":3,"turns":5},{"damage":6,"enemies":"Looter","floor":5,"turns":5},{"damage":29,"enemies":"Lagavulin","floor":7,"turns":7},{"damage":0,"enemies":"Red Slaver","floor":10,"turns":4},{"damage":32,"enemies":"Gremlin Nob","floor":11,"turns":4},{"damage":0,"enemies":"Blue Slaver","floor":14,"turns":5},{"damage":15,"enemies":"Slime Boss","floor":16,"turns":13},{"damage":9,"enemies":"2 Thieves","floor":18,"turns":3},{"damage":11,"enemies":"Shell Parasite","floor":19,"turns":5},{"damage":29,"enemies":"Centurion and Healer","floor":21,"turns":5},{"damage":11,"enemies":"Chosen and Byrds","floor":22,"turns":4}],"seed_played":"-3097596017242738341","potions_obtained":[{"floor":2,"key":"Poison Potion"},{"floor":3,"key":"Explosive Potion"},{"floor":10,"key":"GhostInAJar"},{"floor":16,"key":"FearPotion"},{"floor":18,"key":"SkillPotion"}],"is_trial":false,"path_per_floor":["M","M","M","$","M","R","E","R","T","M","E","R","?","M","R","B",null,"M","M","?","M","M"],"character_chosen":"THE_SILENT","items_purchased":["Toxic Egg 2"],"campfire_rested":2,"item_purchase_floors":[4],"current_hp_per_floor":[57,57,56,56,50,50,21,40,40,40,8,27,27,27,27,12,53,44,33,33,4,0,0],"gold":441,"neow_bonus":"HUNDRED_GOLD","is_daily":false,"chose_seed":false,"campfire_upgraded":2,"win_rate":0.0,"timestamp":1611001662,"path_taken":["M","M","M","$","M","R","E","R","T","M","E","R","?","M","R","BOSS","M","M","?","M","M"],"items_purchased_type":["Relic"],"build_version":"2020-12-22","purchased_purges":0,"victory":false,"max_hp_per_floor":[66,66,66,66,66,66,66,66,66,66,66,66,66,66,66,66,66,66,66,66,66,66,66],"card_choices":[{"not_picked":["Deflect","Acrobatics","Finisher"],"picked":"SKIP","floor":1},{"not_picked":["Bane","Accuracy","Prepared"],"picked":"SKIP","floor":2},{"not_picked":["Outmaneuver","Masterful Stab"],"picked":"All Out Attack","floor":3},{"not_picked":["Bane","PiercingWail+1"],"picked":"Dagger Spray","floor":5},{"not_picked":["Predator","Backflip+1"],"picked":"Footwork","floor":7},{"not_picked":["Concentrate+1","Underhanded Strike"],"picked":"Quick Slash","floor":10},{"not_picked":["Tactician+1","Expertise+1"],"picked":"Dodge and Roll+1","floor":11},{"not_picked":["Prepared+1","Bane"],"picked":"Blade Dance+1","floor":14},{"not_picked":["Venomology+1","Wraith Form v2"],"picked":"Corpse Explosion+1","floor":16},{"not_picked":["Blade Dance+1","Terror+1"],"picked":"Deadly Poison+1","floor":18},{"not_picked":["Slice","Flying Knee"],"picked":"Catalyst+1","floor":19},{"not_picked":["Bane","Poisoned Stab"],"picked":"Deadly Poison+1","floor":21}],"player_experience":833696,"relics_obtained":[{"floor":7,"key":"MawBank"},{"floor":9,"key":"CeramicFish"},{"floor":11,"key":"Bag of Preparation"}],"event_choices":[{"cards_removed":["Strike_G"],"damage_healed":0,"gold_gain":0,"player_choice":"Card Removal","damage_taken":0,"max_hp_gain":0,"max_hp_loss":0,"event_name":"The Cleric","floor":13,"gold_loss":50},{"damage_healed":0,"gold_gain":0,"player_choice":"Copied","damage_taken":0,"max_hp_gain":0,"max_hp_loss":0,"event_name":"Duplicator","floor":20,"gold_loss":0,"cards_obtained":["Footwork"]}],"is_beta":false,"boss_relics":[{"not_picked":["Runic Pyramid","SacredBark"],"picked":"Philosopher\u0027s Stone"}],"items_purged_floors":[],"is_endless":false,"potions_floor_spawned":[2,3,10,16,18],"killed_by":"Chosen and Byrds","ascension_level":14}}