{"host":"0jlfan32iuvwyrwn","time":1611010414,"event":{"mods":["BaseMod","Colored Map","Downfall","Googly Eyes","Minty Spire (QoL Compilation)","StSLib"],"gold_per_floor":[99,114,21,36,21,32,32,32,32,332,352,364,364,364,384,480,480,480,490,504,504,119,119,419,438,67,83,93,93,129,145,159,260,260,260,260,270,65,115,130,130,165,14,14,32,50,50,62,73,73],"floor_reached":51,"language":"ENG","playtime":2635,"items_purged":["Pride"],"score":748,"play_id":"913f023c-1dae-4356-a889-90eb938348a5","local_time":"20210118175334","is_ascension_mode":false,"campfire_choices":[{"data":"bronze:Replicate","floor":1,"key":"SMITH"},{"data":"bronze:Spike","floor":13,"key":"SMITH"},{"data":"bronze:Mutator","floor":18,"key":"SMITH"},{"data":"bronze:Iterate","floor":35,"key":"SMITH"},{"floor":44,"key":"REST"},{"floor":47,"key":"REST"}],"circlet_count":0,"master_deck":["bronze:Strike","bronze:Strike","bronze:Strike","bronze:Strike","bronze:Defend","bronze:Defend","bronze:Defend","bronze:Defend+1","bronze:Replicate+1","bronze:Goto+1","bronze:Frontload","bronze:Branch","bronze:WhirlingStrike","bronze:OilSpill+1","bronze:Branch","bronze:WhirlingStrike","bronze:Spike+1","bronze:Branch","downfall:Icky","downfall:Icky","bronze:Mutator+1","bronze:GetLatest+1","bronze:Iterate+1","Parasite"],"relics":["bronze:BronzeCore","Dead Branch","Busted Crown","Boot","Pantograph","Nilry\u0027s Codex","Old Coin","Membership Card","Toy Ornithopter","Singing Bowl","MutagenicStrength","Strawberry","Ice Cream","Black Star","Vajra","Bag of Marbles","Girya","White Beast Statue","CaptainsWheel","Lantern","War Paint","ClockworkSouvenir"],"acts_visited":["Exordium","TheCity","TheBeyond"],"potions_floor_usage":[16,28,32,33,33,33,41,42,42,49,50,50,50],"damage_taken":[{"damage":0,"enemies":"Small Slimes","floor":2,"turns":3},{"damage":0,"enemies":"downfall:FleeingMerchant","floor":3,"turns":4},{"damage":0,"enemies":"2 Louse","floor":4,"turns":2},{"damage":7,"enemies":"downfall:FleeingMerchant","floor":5,"turns":4},{"damage":3,"enemies":"Jaw Worm","floor":6,"turns":2},{"damage":7,"enemies":"Jaw Worm","floor":9,"turns":3},{"damage":0,"enemies":"Lots of Slimes","floor":11,"turns":1},{"damage":0,"enemies":"Large Slime","floor":12,"turns":3},{"damage":0,"enemies":"Exordium Wildlife","floor":15,"turns":2},{"damage":47,"enemies":"IC_STATUS_ARCHETYPE","floor":16,"turns":8},{"damage":31,"enemies":"Spheric Guardian","floor":19,"turns":6},{"damage":6,"enemies":"Centurion and Healer","floor":20,"turns":6},{"damage":0,"enemies":"downfall:FleeingMerchant","floor":22,"turns":4},{"damage":0,"enemies":"Chosen and Byrds","floor":25,"turns":3},{"damage":1,"enemies":"downfall:FleeingMerchant","floor":26,"turns":4},{"damage":0,"enemies":"Cultist and Chosen","floor":27,"turns":3},{"damage":4,"enemies":"Snecko","floor":28,"turns":3},{"damage":0,"enemies":"downfall:FleeingMerchant","floor":30,"turns":1},{"damage":0,"enemies":"Snake Plant","floor":31,"turns":4},{"damage":19,"enemies":"Sentry and Sphere","floor":32,"turns":4},{"damage":23,"enemies":"SI_MIRROR_ARCHETYPE","floor":33,"turns":6},{"damage":18,"enemies":"3 Shapes","floor":37,"turns":4},{"damage":12,"enemies":"3 Shapes","floor":39,"turns":4},{"damage":0,"enemies":"Orb Walker","floor":40,"turns":1},{"damage":104,"enemies":"Giant Head","floor":42,"turns":10},{"damage":0,"enemies":"4 Shapes","floor":45,"turns":4},{"damage":0,"enemies":"Jaw Worm Horde","floor":46,"turns":2},{"damage":0,"enemies":"3 Darklings","floor":48,"turns":3},{"damage":8,"enemies":"Writhing Mass","floor":49,"turns":3},{"damage":60,"enemies":"WA_ARCHETYPE_DIVINITY","floor":50,"turns":10}],"seed_played":"3745254555284218159","potions_obtained":[{"floor":2,"key":"champ:CounterPotion"},{"floor":6,"key":"SpeedPotion"},{"floor":9,"key":"Block Potion"},{"floor":15,"key":"SteroidPotion"},{"floor":32,"key":"Energy Potion"},{"floor":33,"key":"SkillPotion"},{"floor":37,"key":"Explosive Potion"},{"floor":42,"key":"PowerPotion"},{"floor":45,"key":"LiquidBronze"},{"floor":46,"key":"Regen Potion"},{"floor":48,"key":"ColorlessPotion"},{"floor":49,"key":"Weak Potion"}],"is_trial":false,"path_per_floor":["R","M","$","M","$","M","T","?","?","?","M","M","R","?","M","B",null,"R","M","M","?","$","?","T","M","$","M","M","?","$","M","M","B",null,"R","?","M","$","?","M","T","E","$","R","M","M","R","M","M","B",null],"character_chosen":"THE_AUTOMATON","items_purchased":["bronze:WhirlingStrike","bronze:OilSpill","Pantograph","ColorlessPotion","Membership Card","Toy Ornithopter","Singing Bowl","Strawberry","Ice Cream","bronze:Iterate","PowerPotion","Dexterity Potion","ColorlessPotion","Vajra","Bag of Marbles","Fruit Juice","War Paint","ClockworkSouvenir"],"campfire_rested":2,"item_purchase_floors":[3,3,22,22,26,26,26,30,30,30,30,30,30,38,38,38,43,43],"current_hp_per_floor":[77,77,77,77,70,67,67,67,60,60,60,60,60,65,65,18,82,82,51,45,45,45,29,29,29,28,30,33,33,42,44,32,51,101,101,101,85,85,93,95,105,13,13,47,49,51,86,88,87,81],"gold":73,"neow_bonus":"TEN_PERCENT_HP_BONUS","is_daily":false,"chose_seed":false,"campfire_upgraded":4,"win_rate":0.0,"timestamp":1611010414,"path_taken":["R","M","$","M","$","M","T","?","?","?","?","?","R","?","M","BOSS","R","M","M","?","$","?","T","M","?","M","M","?","$","M","M","BOSS","R","?","?","$","?","M","T","E","$","R","M","M","R","M","M","BOSS"],"items_purchased_type":["Card","Card","Relic","Potion","Relic","Relic","Relic","Relic","Relic","Card","Potion","Potion","Potion","Relic","Relic","Potion","Relic","Relic"],"build_version":"2020-12-22","purchased_purges":1,"victory":true,"max_hp_per_floor":[77,77,77,77,77,77,77,77,77,77,77,77,77,82,82,82,82,82,82,82,82,82,82,82,82,82,84,86,86,95,97,99,101,101,101,101,103,103,105,107,112,114,114,114,116,118,118,120,122,122],"card_choices":[{"not_picked":["bronze:ClassDefault","bronze:Invalidate"],"picked":"bronze:Frontload","floor":2},{"not_picked":["bronze:ChosenStrike","bronze:DelayedGuard"],"picked":"bronze:Branch","floor":3},{"not_picked":["bronze:BitShift","bronze:Turbo"],"picked":"bronze:Branch","floor":4},{"not_picked":["bronze:CutThrough","bronze:FindAndReplace"],"picked":"bronze:WhirlingStrike","floor":5},{"not_picked":["bronze:Shield","bronze:OilSpill","bronze:WhirlingStrike"],"picked":"SKIP","floor":6},{"not_picked":[],"picked":"bronze:Spike","floor":9},{"not_picked":["bronze:WildBeam","bronze:Frontload"],"picked":"bronze:Branch","floor":9},{"not_picked":["bronze:Deprecate","bronze:Branch","bronze:Turbo"],"picked":"SKIP","floor":11},{"not_picked":["bronze:Virus","bronze:DarkDash","bronze:FineTuning"],"picked":"SKIP","floor":12},{"not_picked":["bronze:ClassDefault","bronze:DelayedGuard","bronze:Backtrace"],"picked":"SKIP","floor":15},{"not_picked":["bronze:ClassDefault","bronze:DelayedGuard","bronze:Backtrace"],"picked":"SKIP","floor":15},{"not_picked":["bronze:ClassDefault","bronze:DelayedGuard","bronze:Backtrace"],"picked":"SKIP","floor":15},{"not_picked":["bronze:Format","bronze:Virus"],"picked":"bronze:Mutator","floor":16},{"not_picked":["bronze:BuggyMess+1"],"picked":"SKIP","floor":19},{"not_picked":["bronze:DigitalCarnage+1"],"picked":"SKIP","floor":20},{"not_picked":[],"picked":"bronze:GetLatest+1","floor":22},{"not_picked":["bronze:FineTuning"],"picked":"SKIP","floor":25},{"not_picked":["bronze:Backtrace+1"],"picked":"SKIP","floor":26},{"not_picked":["bronze:WhirlingStrike"],"picked":"Singing Bowl","floor":27},{"not_picked":["bronze:OilSpill"],"picked":"Singing Bowl","floor":28},{"not_picked":["bronze:BitShift"],"picked":"Singing Bowl","floor":30},{"not_picked":["bronze:BugBarrage"],"picked":"Singing Bowl","floor":31},{"not_picked":["bronze:OilSpill"],"picked":"Singing Bowl","floor":32},{"not_picked":["bronze:FindAndReplace"],"picked":"Singing Bowl","floor":33},{"not_picked":["bronze:WhirlingStrike+1"],"picked":"Singing Bowl","floor":37},{"not_picked":["bronze:Branch"],"picked":"Singing Bowl","floor":39},{"not_picked":["bronze:Safeguard+1"],"picked":"Singing Bowl","floor":40},{"not_picked":["bronze:ForLoop"],"picked":"Singing Bowl","floor":42},{"not_picked":["bronze:Deprecate+1"],"picked":"Singing Bowl","floor":45},{"not_picked":["bronze:BitShift"],"picked":"Singing Bowl","floor":46},{"not_picked":["bronze:Backtrace"],"picked":"Singing Bowl","floor":48},{"not_picked":["bronze:ForLoop+1"],"picked":"Singing Bowl","floor":49}],"player_experience":273975,"relics_obtained":[{"floor":7,"key":"Dead Branch"},{"floor":23,"key":"Nilry\u0027s Codex"},{"floor":24,"key":"Old Coin"},{"floor":39,"key":"Girya"},{"floor":41,"key":"White Beast Statue"},{"floor":42,"key":"CaptainsWheel"},{"floor":42,"key":"Lantern"}],"event_choices":[{"damage_healed":0,"gold_gain":0,"player_choice":"Grow","damage_taken":0,"max_hp_gain":0,"max_hp_loss":0,"event_name":"Living Wall","floor":8,"gold_loss":0,"cards_upgraded":["bronze:OilSpill"]},{"damage_healed":0,"gold_gain":0,"player_choice":"Donut","damage_taken":0,"max_hp_gain":5,"max_hp_loss":0,"event_name":"Big Fish","floor":14,"gold_loss":0},{"damage_healed":0,"gold_gain":0,"player_choice":"Stole Relic","damage_taken":0,"relics_obtained":["Boot"],"max_hp_gain":0,"max_hp_loss":0,"event_name":"Addict","floor":21,"gold_loss":0,"cards_obtained":["Pride"]},{"damage_healed":0,"gold_gain":0,"player_choice":"Inject Mutagens","damage_taken":0,"relics_obtained":["MutagenicStrength"],"max_hp_gain":0,"max_hp_loss":0,"event_name":"Drug Dealer","floor":29,"gold_loss":0}],"is_beta":false,"boss_relics":[{"not_picked":["Pandora\u0027s Box","SacredBark"],"picked":"Busted Crown"},{"not_picked":["bronze:MakeshiftBattery","Tiny House"],"picked":"Black Star"}],"items_purged_floors":[22],"is_endless":false,"potions_floor_spawned":[2,6,9,15,27,31,32,33,37,42,45,46,48,49],"ascension_level":0}}