{"host":"t2jxv9tm8kj57cky","time":1611004704,"event":{"mods":["BaseMod","Minty Spire (QoL Compilation)","StSLib","The Poker Player","The Saiyan"],"gold_per_floor":[118,118,118,131,6,6,34,34,34,53,66,91,91,105,105,206,206,220,45,55,55,330,330,30,30,30,63,82,82,94,108,108,108,108],"floor_reached":33,"language":"ENG","playtime":1447,"items_purged":["Strike_R","Strike_R"],"score":315,"play_id":"d1d1ebe2-9049-429d-aa35-a27146937349","local_time":"20210118151824","is_ascension_mode":true,"campfire_choices":[{"data":"Pommel Strike","floor":6,"key":"SMITH"},{"data":"Bash","floor":8,"key":"SMITH"},{"data":"Armaments","floor":13,"key":"SMITH"},{"floor":15,"key":"REST"},{"data":"Cleave","floor":23,"key":"SMITH"},{"data":"Seeing Red","floor":25,"key":"SMITH"},{"data":"Infernal Blade","floor":29,"key":"SMITH"},{"data":"Clothesline","floor":32,"key":"SMITH"}],"circlet_count":0,"master_deck":["Strike_R","Strike_R","Defend_R","Defend_R","Defend_R","Defend_R","Bash+1","Pommel Strike+1","Twin Strike","Cleave","Cleave+1","Seeing Red+1","Armaments+1","Shrug It Off","Clothesline+1","Infernal Blade+1","Infernal Blade+1","Blood for Blood+1","Writhe","Regret","Shrug It Off","Shockwave"],"relics":["Black Blood","NeowsBlessing","Calipers","Paper Frog","Ancient Tea Set","Bag of Marbles","Champion Belt","Eternal Feather","Blood Vial"],"acts_visited":["Exordium","TheCity"],"potions_floor_usage":[16,18,20,33],"damage_taken":[{"damage":0,"enemies":"Jaw Worm","floor":1,"turns":1},{"damage":0,"enemies":"2 Louse","floor":4,"turns":1},{"damage":0,"enemies":"Gremlin Nob","floor":7,"turns":1},{"damage":1,"enemies":"Cultist","floor":10,"turns":3},{"damage":6,"enemies":"2 Fungi Beasts","floor":11,"turns":2},{"damage":23,"enemies":"3 Sentries","floor":12,"turns":8},{"damage":0,"enemies":"3 Louse","floor":14,"turns":2},{"damage":19,"enemies":"Slime Boss","floor":16,"turns":9},{"damage":13,"enemies":"Spheric Guardian","floor":18,"turns":8},{"damage":16,"enemies":"Chosen","floor":20,"turns":5},{"damage":43,"enemies":"Book of Stabbing","floor":27,"turns":6},{"damage":9,"enemies":"Snecko","floor":28,"turns":3},{"damage":32,"enemies":"Shelled Parasite and Fungi","floor":30,"turns":8},{"damage":1,"enemies":"Centurion and Healer","floor":31,"turns":3},{"damage":70,"enemies":"Collector","floor":33,"turns":9}],"seed_played":"-4009059865177548954","potions_obtained":[{"floor":7,"key":"ColorlessPotion"},{"floor":10,"key":"Block Potion"},{"floor":16,"key":"HeartOfIron"},{"floor":18,"key":"SpeedPotion"}],"is_trial":false,"path_per_floor":["M","?","?","M","$","R","E","R","T","M","M","E","R","M","R","B",null,"M","$","M","?","?","R","$","R","T","E","M","R","M","M","R","B"],"character_chosen":"IRONCLAD","items_purchased":["Cleave","Infernal Blade","Champion Belt"],"campfire_rested":1,"item_purchase_floors":[5,19,24],"current_hp_per_floor":[80,80,80,80,80,80,80,80,80,80,80,63,63,69,80,67,80,79,79,75,75,75,75,75,75,75,44,49,61,43,56,68,0,0],"gold":108,"neow_bonus":"THREE_ENEMY_KILL","is_daily":false,"chose_seed":false,"campfire_upgraded":7,"win_rate":0.0,"timestamp":1611004704,"path_taken":["M","?","?","M","$","R","E","R","T","?","M","E","R","M","R","BOSS","M","$","M","?","?","R","$","R","T","E","M","R","?","M","R","BOSS"],"items_purchased_type":["Card","Card","Relic"],"build_version":"2020-12-22","purchased_purges":2,"victory":false,"max_hp_per_floor":[80,80,80,80,80,80,80,80,80,80,80,80,80,80,80,80,80,80,80,80,80,80,80,80,80,80,80,80,80,80,80,80,80,80],"card_choices":[{"not_picked":["Sword Boomerang","Clothesline"],"picked":"Pommel Strike","floor":1},{"not_picked":["Flame Barrier","Metallicize"],"picked":"Twin Strike","floor":4},{"not_picked":["Dropkick","Immolate"],"picked":"Cleave","floor":7},{"not_picked":["Heavy Blade","Anger"],"picked":"Seeing Red","floor":10},{"not_picked":["Second Wind","Searing Blow"],"picked":"Armaments","floor":11},{"not_picked":["Clash","Impervious"],"picked":"Shrug It Off","floor":12},{"not_picked":["Flex","Sword Boomerang"],"picked":"Clothesline","floor":14},{"not_picked":["Flex","Armaments"],"picked":"Infernal Blade+1","floor":18},{"not_picked":["Armaments+1","Clash"],"picked":"Blood for Blood+1","floor":20},{"not_picked":["Havoc","Searing Blow","Armaments"],"picked":"SKIP","floor":27},{"not_picked":["Havoc","Clothesline","True Grit"],"picked":"SKIP","floor":28},{"not_picked":["Searing Blow","Whirlwind"],"picked":"Shrug It Off","floor":30},{"not_picked":["Sword Boomerang","True Grit"],"picked":"Shockwave","floor":31}],"player_experience":72863,"relics_obtained":[{"floor":7,"key":"Calipers"},{"floor":9,"key":"Paper Frog"},{"floor":12,"key":"Ancient Tea Set"},{"floor":26,"key":"Eternal Feather"},{"floor":27,"key":"Blood Vial"}],"event_choices":[{"damage_healed":0,"gold_gain":0,"player_choice":"Leave","damage_taken":0,"max_hp_gain":0,"max_hp_loss":0,"event_name":"The Cleric","floor":2,"gold_loss":0},{"cards_removed":["Strike_R"],"damage_healed":0,"gold_gain":0,"player_choice":"Purged","damage_taken":0,"max_hp_gain":0,"max_hp_loss":0,"event_name":"Purifier","floor":3,"gold_loss":0},{"damage_healed":0,"gold_gain":0,"player_choice":"Opened","damage_taken":0,"relics_obtained":["Bag of Marbles"],"max_hp_gain":0,"max_hp_loss":0,"event_name":"The Mausoleum","floor":21,"gold_loss":0,"cards_obtained":["Writhe"]},{"damage_healed":0,"gold_gain":275,"player_choice":"Desecrate","damage_taken":0,"max_hp_gain":0,"max_hp_loss":0,"event_name":"Golden Shrine","floor":22,"gold_loss":0,"cards_obtained":["Regret"]}],"is_beta":false,"boss_relics":[{"not_picked":["Snecko Eye","Astrolabe"],"picked":"Black Blood"}],"items_purged_floors":[5,19],"is_endless":false,"potions_floor_spawned":[7,10,16,18],"killed_by":"Collector","ascension_level":1}}