{"host":"sc0o2qwpf9j16a4i","time":1611001385,"event":{"mods":["AchievementEnabler","BaseMod","BetterRewards","Block Reminder","Colored Map","Colored Powertips","Custom Start","Highlight Path","Minty Spire (QoL Compilation)","Relic Stats"],"gold_per_floor":[119,394,411,27,38,38,68,68,68,78,113,8,38,58,58,135,135,152,202,117,117,117,117,4,4,31,31,51,69,119,132,132,209,209,222,222,272,289,304,304,335,335,335,335,335,349,359,384,384,384,384],"floor_reached":50,"language":"ENG","playtime":1650,"items_purged":["Strike_B","Regret"],"score":1301,"play_id":"0c8e1101-696a-4d4d-b590-72822a71dfb3","local_time":"20210118222305","is_ascension_mode":true,"campfire_choices":[{"data":"White Noise","floor":6.0,"key":"SMITH"},{"data":"Cold Snap","floor":8.0,"key":"SMITH"},{"data":"Loop","floor":15.0,"key":"SMITH"},{"data":"Biased Cognition","floor":23.0,"key":"SMITH"},{"data":"Genetic Algorithm","floor":25.0,"key":"SMITH"},{"data":"Self Repair","floor":27.0,"key":"SMITH"},{"data":"Genetic Algorithm","floor":32.0,"key":"SMITH"},{"data":"Biased Cognition","floor":40.0,"key":"SMITH"},{"floor":42.0,"key":"REST"},{"floor":45.0,"key":"REST"},{"data":"Defragment","floor":49,"key":"SMITH"}],"circlet_count":0,"master_deck":["AscendersBane","Strike_B+1","Defend_B+1","Defend_B+1","Defend_B+1","Zap","Dualcast","Self Repair+1","Cold Snap+1","Steam","Compile Driver","White Noise+1","FTL","Echo Form","Electrodynamics","Capacitor","Genetic Algorithm+1","Loop+1","Biased Cognition+1","Stack","Coolheaded","Genetic Algorithm+1","Biased Cognition+1","Reprogram+1","Ball Lightning+1","Recycle+1","Compile Driver+1","Defragment+1","Coolheaded+1","Loop","Hologram","Ball Lightning","Barrage"],"relics":["Cracked Core","Pen Nib","Orrery","Membership Card","Gambling Chip","Pear","Mummified Hand","Strawberry","Lantern","Toy Ornithopter","Snecko Eye","Vajra","Bag of Preparation","Smiling Mask","Astrolabe","Mercury Hourglass","PreservedInsect","Emotion Chip"],"acts_visited":["Exordium","TheCity","TheBeyond"],"potions_floor_usage":[],"damage_taken":[{"damage":3.0,"enemies":"Small Slimes","floor":1.0,"turns":4.0},{"damage":2.0,"enemies":"Cultist","floor":3.0,"turns":4.0},{"damage":0.0,"enemies":"Jaw Worm","floor":5.0,"turns":2.0},{"damage":21.0,"enemies":"Gremlin Nob","floor":7.0,"turns":4.0},{"damage":10.0,"enemies":"3 Louse","floor":10.0,"turns":4.0},{"damage":11.0,"enemies":"3 Sentries","floor":11.0,"turns":6.0},{"damage":11.0,"enemies":"Lagavulin","floor":13.0,"turns":6.0},{"damage":5.0,"enemies":"Looter","floor":14.0,"turns":3.0},{"damage":58.0,"enemies":"Hexaghost","floor":16.0,"turns":10.0},{"damage":21.0,"enemies":"2 Thieves","floor":18.0,"turns":3.0},{"damage":10.0,"enemies":"Shell Parasite","floor":28.0,"turns":2.0},{"damage":3.0,"enemies":"Snecko","floor":29.0,"turns":4.0},{"damage":0.0,"enemies":"Cultist and Chosen","floor":31.0,"turns":5.0},{"damage":70.0,"enemies":"Champ","floor":33.0,"turns":17.0},{"damage":26.0,"enemies":"3 Darklings","floor":35.0,"turns":4.0},{"damage":0.0,"enemies":"3 Shapes","floor":38.0,"turns":1.0},{"damage":0.0,"enemies":"Spire Growth","floor":39.0,"turns":2.0},{"damage":39.0,"enemies":"Giant Head","floor":41.0,"turns":6.0},{"damage":0.0,"enemies":"3 Darklings","floor":46.0,"turns":2.0},{"damage":0.0,"enemies":"Maw","floor":47.0,"turns":6.0},{"damage":27.0,"enemies":"Mind Bloom Boss Battle","floor":48.0,"turns":7.0},{"damage":86,"enemies":"Awakened One","floor":50,"turns":5}],"seed_played":"3241112188619012062","potions_obtained":[{"floor":1.0,"key":"AttackPotion"},{"floor":11.0,"key":"FearPotion"},{"floor":13.0,"key":"SteroidPotion"},{"floor":39.0,"key":"SteroidPotion"},{"floor":46.0,"key":"Explosive Potion"}],"is_trial":false,"path_per_floor":["M","?","M","$","M","R","E","R","T","M","E","$","E","M","R","B",null,"M","?","?","?","?","R","$","R","T","R","M","M","?","M","R","B",null,"M","?","?","M","M","R","E","R","T","$","R","M","M","?","R","B"],"character_chosen":"DEFECT","items_purchased":["Pen Nib","Orrery","Compile Driver","Membership Card","Gambling Chip","Capacitor","Lantern","Bag of Preparation","PowerPotion"],"campfire_rested":2,"item_purchase_floors":[0,0,0,4,4,12,12,24,24],"current_hp_per_floor":[45,45,50,50,57,57,53,53,53,50,60,60,63,72,72,21,71,64,64,64,64,64,64,64,64,64,64,64,81,81,88,88,38,76,60,60,60,60,60,60,31,56,56,56,81,84,84,67,67,0,0],"gold":384,"neow_bonus":"","is_daily":false,"chose_seed":false,"campfire_upgraded":9,"win_rate":0.0,"timestamp":1611001385,"path_taken":["M","?","M","$","M","R","E","R","T","M","E","$","E","M","R","BOSS","M","?","?","?","?","R","?","R","T","R","M","?","?","?","R","BOSS","M","?","?","M","M","R","E","R","T","$","R","?","M","?","R","BOSS"],"items_purchased_type":["Relic","Relic","Card","Relic","Relic","Card","Relic","Relic","Potion"],"build_version":"2020-12-22","purchased_purges":2,"victory":false,"max_hp_per_floor":[71,71,71,71,71,71,81,81,81,81,88,88,88,88,88,88,88,88,88,88,88,88,88,88,88,88,88,88,88,88,88,88,88,88,88,84,84,84,84,84,84,84,84,84,84,84,84,84,84,84,84],"relic_stats":{"counters":[88,432],"Astrolabe":["Reprogram","Ball Lightning","Recycle"],"Pen Nib":[15],"PreservedInsect":0,"Bag of Preparation":[106],"Smiling Mask":0,"Mercury Hourglass":[90],"Emotion Chip":[6,2,4,0,0],"Mummified Hand":[239],"Gambling Chip":[111],"Snecko Eye":[153,143,176,142],"obtain_stats":[{"Calipers":15,"Gremlin Horn":29,"Vajra":6,"Runic Capacitor":13,"Sling":0,"Boot":9,"Blood Vial":14,"Sozu":17,"HornCleat":0,"Strawberry":11,"MealTicket":0,"Prayer Wheel":7,"Fusion Hammer":34,"Toxic Egg 2":0,"Girya":41,"Pear":7,"Happy Flower":7,"Dead Branch":26,"Astrolabe":34,"Oddly Smooth Stone":36,"Pen Nib":0,"Letter Opener":0,"Question Card":9,"Cables":0,"SlaversCollar":17,"Bronze Scales":27,"Snecko Eye":17,"Meat on the Bone":10,"Lantern":12,"Singing Bowl":0,"StoneCalendar":46,"Bag of Preparation":24,"Smiling Mask":26,"Cursed Key":17,"Emotion Chip":6,"Nunchaku":9,"Dream Catcher":45,"Matryoshka":2,"Shovel":0,"Mummified Hand":48,"Pantograph":26,"Gambling Chip":39,"Red Mask":19,"Chemical X":0,"Cracked Core":0,"NeowsBlessing":0,"PreservedInsect":43,"Mercury Hourglass":24,"Nuclear Battery":34,"Peace Pipe":12,"DataDisk":13,"Ornamental Fan":24,"Orrery":0,"Turnip":55,"Membership Card":0,"FossilizedHelix":29,"TungstenRod":0,"Toy Ornithopter":13},{"Calipers":61,"Gremlin Horn":15,"Vajra":57,"Runic Capacitor":39,"Sling":54,"Boot":58,"Blood Vial":7,"Sozu":41,"HornCleat":30,"Strawberry":72,"MealTicket":30,"Prayer Wheel":35,"Fusion Hammer":48,"Toxic Egg 2":30,"Girya":22,"Pear":70,"Happy Flower":58,"Dead Branch":12,"Astrolabe":80,"Oddly Smooth Stone":19,"Pen Nib":66,"Letter Opener":30,"Question Card":3,"Cables":30,"SlaversCollar":8,"Bronze Scales":12,"Snecko Eye":75,"Meat on the Bone":4,"Lantern":72,"Singing Bowl":54,"StoneCalendar":25,"Bag of Preparation":76,"Smiling Mask":12,"Cursed Key":62,"Emotion Chip":3,"Nunchaku":3,"Dream Catcher":24,"Matryoshka":1,"Shovel":54,"Mummified Hand":26,"Pantograph":46,"Gambling Chip":53,"Red Mask":43,"Chemical X":30,"Cracked Core":0,"NeowsBlessing":0,"PreservedInsect":84,"Mercury Hourglass":12,"Nuclear Battery":18,"Peace Pipe":59,"DataDisk":39,"Ornamental Fan":45,"Orrery":66,"Turnip":29,"Membership Card":30,"FossilizedHelix":15,"TungstenRod":30,"Toy Ornithopter":73},{"Calipers":291,"Gremlin Horn":56,"Vajra":269,"Runic Capacitor":191,"Sling":259,"Boot":278,"Blood Vial":22,"Sozu":202,"HornCleat":167,"Strawberry":351,"MealTicket":167,"Prayer Wheel":179,"Fusion Hammer":238,"Toxic Egg 2":167,"Girya":99,"Pear":341,"Happy Flower":278,"Dead Branch":48,"Astrolabe":400,"Oddly Smooth Stone":79,"Pen Nib":327,"Letter Opener":167,"Question Card":3,"Cables":167,"SlaversCollar":30,"Bronze Scales":48,"Snecko Eye":370,"Meat on the Bone":9,"Lantern":351,"Singing Bowl":259,"StoneCalendar":116,"Bag of Preparation":373,"Smiling Mask":48,"Cursed Key":302,"Emotion Chip":3,"Nunchaku":3,"Dream Catcher":111,"Matryoshka":1,"Shovel":259,"Mummified Hand":126,"Pantograph":224,"Gambling Chip":257,"Red Mask":210,"Chemical X":167,"Cracked Core":0,"NeowsBlessing":0,"PreservedInsect":413,"Mercury Hourglass":48,"Nuclear Battery":76,"Peace Pipe":283,"DataDisk":191,"Ornamental Fan":219,"Orrery":327,"Turnip":158,"Membership Card":167,"FossilizedHelix":56,"TungstenRod":167,"Toy Ornithopter":357}],"Toy Ornithopter":0},"card_choices":[{"not_picked":["Undo","Sweeping Beam"],"picked":"Self Repair","floor":0.0},{"not_picked":["Static Discharge","Conserve Battery"],"picked":"Cold Snap","floor":0.0},{"not_picked":["Self Repair","Thunder Strike"],"picked":"Steam","floor":0.0},{"not_picked":["Machine Learning","Gash","Sunder"],"picked":"SKIP","floor":1.0},{"not_picked":["Recycle","Hologram","Steam Power"],"picked":"SKIP","floor":3.0},{"not_picked":["Streamline","Rebound"],"picked":"White Noise","floor":5.0},{"not_picked":["Doom and Gloom","Stack"],"picked":"FTL","floor":7.0},{"not_picked":["Blizzard","BootSequence"],"picked":"Echo Form","floor":10.0},{"not_picked":["Go for the Eyes","Darkness"],"picked":"Electrodynamics","floor":11.0},{"not_picked":["Gash","Hello World"],"picked":"Genetic Algorithm","floor":13.0},{"not_picked":["Rebound","Barrage"],"picked":"Loop","floor":14.0},{"not_picked":["Core Surge","All For One"],"picked":"Biased Cognition","floor":16.0},{"not_picked":["Redo","Leap"],"picked":"Stack","floor":18.0},{"not_picked":["Hello World","Chill","Go for the Eyes"],"picked":"SKIP","floor":28.0},{"not_picked":["Double Energy","Compile Driver"],"picked":"Coolheaded","floor":29.0},{"not_picked":["Compile Driver","Heatsinks"],"picked":"Genetic Algorithm","floor":31.0},{"not_picked":["Buffer","Fission"],"picked":"Biased Cognition","floor":33.0},{"not_picked":["Skim","Rebound"],"picked":"Compile Driver+1","floor":35.0},{"not_picked":["Ball Lightning","Loop"],"picked":"Defragment","floor":38.0},{"not_picked":["Leap","Redo+1"],"picked":"Coolheaded+1","floor":39.0},{"not_picked":["Reboot","Chaos"],"picked":"Loop","floor":41.0},{"not_picked":["Gash","Conserve Battery"],"picked":"Hologram","floor":46.0},{"not_picked":["Conserve Battery","Rebound+1"],"picked":"Ball Lightning","floor":47.0},{"not_picked":["Steam","Fusion+1"],"picked":"Barrage","floor":48.0}],"player_experience":737990,"relics_obtained":[{"floor":7.0,"key":"Pear"},{"floor":9.0,"key":"Mummified Hand"},{"floor":11.0,"key":"Strawberry"},{"floor":13.0,"key":"Toy Ornithopter"},{"floor":26.0,"key":"Smiling Mask"},{"floor":41.0,"key":"Mercury Hourglass"},{"floor":43.0,"key":"PreservedInsect"},{"floor":48.0,"key":"Emotion Chip"}],"event_choices":[{"damage_healed":0.0,"max_hp_gain":0.0,"max_hp_loss":0.0,"gold_gain":275.0,"event_name":"Golden Shrine","player_choice":"Desecrate","floor":2.0,"gold_loss":0.0,"damage_taken":0.0,"cards_obtained":["Regret"]},{"damage_healed":0.0,"max_hp_gain":0.0,"max_hp_loss":0.0,"gold_gain":50.0,"event_name":"Nest","player_choice":"Stole From Cult","floor":19.0,"gold_loss":0.0,"damage_taken":0.0},{"damage_healed":0.0,"max_hp_gain":0.0,"max_hp_loss":0.0,"gold_gain":0.0,"event_name":"Addict","player_choice":"Obtained Relic","floor":20.0,"gold_loss":85.0,"damage_taken":0.0,"relics_obtained":["Vajra"]},{"damage_healed":0.0,"max_hp_gain":0.0,"max_hp_loss":0.0,"gold_gain":0.0,"event_name":"Back to Basics","player_choice":"Simplicity","floor":21.0,"gold_loss":0.0,"damage_taken":0.0,"cards_upgraded":["Strike_B","Strike_B","Strike_B","Defend_B","Defend_B","Defend_B","Defend_B"]},{"damage_healed":0.0,"max_hp_gain":0.0,"max_hp_loss":0.0,"gold_gain":0.0,"event_name":"Vampires","player_choice":"Ignored","floor":22.0,"gold_loss":0.0,"damage_taken":0.0},{"damage_healed":0.0,"max_hp_gain":0.0,"max_hp_loss":0.0,"gold_gain":50.0,"event_name":"Golden Shrine","player_choice":"Pray","floor":30.0,"gold_loss":0.0,"damage_taken":0.0},{"damage_healed":0.0,"max_hp_gain":0.0,"max_hp_loss":4.0,"gold_gain":0.0,"event_name":"Winding Halls","player_choice":"Max HP","floor":36.0,"gold_loss":0.0,"damage_taken":0.0},{"damage_healed":0.0,"max_hp_gain":0.0,"max_hp_loss":0.0,"gold_gain":50.0,"event_name":"Golden Shrine","player_choice":"Pray","floor":37.0,"gold_loss":0.0,"damage_taken":0.0},{"damage_healed":0.0,"max_hp_gain":0.0,"max_hp_loss":0.0,"gold_gain":0.0,"event_name":"MindBloom","player_choice":"Fight","floor":48.0,"gold_loss":0.0,"damage_taken":0.0}],"is_beta":false,"boss_relics":[{"not_picked":["Runic Pyramid","Nuclear Battery"],"picked":"Snecko Eye"},{"not_picked":["Cursed Key","Philosopher\u0027s Stone"],"picked":"Astrolabe"}],"items_purged_floors":[0,4],"is_endless":false,"potions_floor_spawned":[1,11,13,14,16,18,29,39,46],"killed_by":"Awakened One","ascension_level":20}}