{"host":"l60rmjjsfi0fipmi","time":1611008631,"event":{"mods":["BaseMod","Colored Map","DeckTracker","Highlight Path","Minty Spire (QoL Compilation)","StSLib","The Cursed","The Servant 0.9.4"],"gold_per_floor":[110,56,56,67,18,18,18,18,18,33,47,47,76,92,92,194,194,211,223,138,63,162,162,181,2,51,51,69,88,88,88,88,88,88],"floor_reached":33,"language":"ENG","playtime":1712,"items_purged":["Strike_B","Strike_B"],"score":294,"play_id":"e244f3ad-f749-48eb-aa3b-39a88ce18611","local_time":"20210118172351","is_ascension_mode":true,"campfire_choices":[{"data":"Hologram","floor":6,"key":"SMITH"},{"data":"Zap","floor":12,"key":"SMITH"},{"data":"Redo","floor":15,"key":"SMITH"},{"data":"Conserve Battery","floor":23,"key":"SMITH"},{"floor":30,"key":"REST"},{"data":"Leap","floor":32,"key":"SMITH"}],"circlet_count":0,"master_deck":["Strike_B","Strike_B","Defend_B","Zap+1","Dualcast","Ball Lightning","Leap+1","Hologram+1","Conserve Battery+1","Seek","Redo+1","FTL","Coolheaded+1","Self Repair","Compile Driver","Chaos"],"relics":["Cracked Core","Girya","Vajra","Pear","Akabeko","FossilizedHelix","PreservedInsect"],"acts_visited":["Exordium","TheCity"],"potions_floor_usage":[33,33],"damage_taken":[{"damage":4,"enemies":"2 Louse","floor":1,"turns":3},{"damage":5,"enemies":"Small Slimes","floor":4,"turns":3},{"damage":0,"enemies":"Cultist","floor":10,"turns":2},{"damage":7,"enemies":"Exordium Thugs","floor":11,"turns":3},{"damage":12,"enemies":"Lagavulin","floor":13,"turns":6},{"damage":1,"enemies":"Looter","floor":14,"turns":3},{"damage":44,"enemies":"Hexaghost","floor":16,"turns":10},{"damage":14,"enemies":"Spheric Guardian","floor":18,"turns":4},{"damage":25,"enemies":"Shell Parasite","floor":19,"turns":5},{"damage":11,"enemies":"Shelled Parasite and Fungi","floor":24,"turns":9},{"damage":7,"enemies":"Snake Plant","floor":28,"turns":4},{"damage":16,"enemies":"Centurion and Healer","floor":29,"turns":8},{"damage":59,"enemies":"Automaton","floor":33,"turns":10}],"seed_played":"6757430959548377806","potions_obtained":[{"floor":4,"key":"DuplicationPotion"},{"floor":14,"key":"Explosive Potion"},{"floor":24,"key":"Dexterity Potion"}],"is_trial":false,"path_per_floor":["M","$","?","M","$","R","?","?","T","M","M","R","E","M","R","B",null,"M","M","?","$","?","R","M","$","T","?","M","M","R","$","R","B"],"character_chosen":"DEFECT","items_purchased":["Leap","Hologram","Self Repair"],"campfire_rested":1,"item_purchase_floors":[2,5,25],"current_hp_per_floor":[71,71,64,59,59,59,75,75,85,85,78,78,66,65,65,21,85,71,46,46,46,46,46,35,35,35,35,35,26,51,51,51,0,0],"gold":88,"neow_bonus":"REMOVE_CARD","is_daily":false,"chose_seed":false,"campfire_upgraded":5,"win_rate":0.0,"timestamp":1611008631,"path_taken":["M","$","?","M","$","R","?","?","T","M","M","R","E","M","R","BOSS","M","M","?","$","?","R","M","$","T","?","M","?","R","?","R","BOSS"],"items_purchased_type":["Card","Card","Card"],"build_version":"2020-12-22","purchased_purges":2,"victory":false,"max_hp_per_floor":[75,75,75,75,75,75,75,75,85,85,85,85,85,85,85,85,85,85,85,85,85,85,85,85,85,85,85,85,85,85,85,85,85,85],"card_choices":[{"not_picked":["Stack","Scrape"],"picked":"Ball Lightning","floor":1},{"not_picked":["Aggregate","Stack","Heatsinks"],"picked":"SKIP","floor":4},{"not_picked":["Rebound","Chill"],"picked":"Conserve Battery","floor":10},{"not_picked":["Sunder","Turbo"],"picked":"Seek","floor":11},{"not_picked":["Stack","Chaos","Amplify"],"picked":"SKIP","floor":13},{"not_picked":["Coolheaded","Consume"],"picked":"Redo","floor":14},{"not_picked":["Steam+1","Sweeping Beam"],"picked":"FTL","floor":18},{"not_picked":["Leap+1","Redo+1"],"picked":"Coolheaded+1","floor":19},{"not_picked":["Aggregate","Force Field","Cold Snap"],"picked":"SKIP","floor":24},{"not_picked":["Lockon+1","Steam Power","Barrage"],"picked":"SKIP","floor":28},{"not_picked":["Beam Cell","Heatsinks","Gash"],"picked":"SKIP","floor":29}],"player_experience":487003,"relics_obtained":[{"floor":8,"key":"Vajra"},{"floor":9,"key":"Pear"},{"floor":13,"key":"Akabeko"},{"floor":26,"key":"PreservedInsect"}],"event_choices":[{"damage_healed":0,"gold_gain":0,"player_choice":"Success","damage_taken":7,"relics_obtained":["Girya"],"max_hp_gain":0,"max_hp_loss":0,"event_name":"Scrap Ooze","floor":3,"gold_loss":0},{"damage_healed":25,"gold_gain":0,"player_choice":"Banana","damage_taken":0,"max_hp_gain":0,"max_hp_loss":0,"event_name":"Big Fish","floor":7,"gold_loss":0},{"damage_healed":0,"gold_gain":0,"player_choice":"Relic","damage_taken":0,"max_hp_gain":0,"max_hp_loss":0,"event_name":"Wheel of Change","floor":8,"gold_loss":0},{"damage_healed":0,"gold_gain":0,"player_choice":"Obtained Relic","damage_taken":0,"relics_obtained":["FossilizedHelix"],"max_hp_gain":0,"max_hp_loss":0,"event_name":"Addict","floor":20,"gold_loss":85},{"damage_healed":0,"gold_gain":99,"player_choice":"Stole From Cult","damage_taken":0,"max_hp_gain":0,"max_hp_loss":0,"event_name":"Nest","floor":22,"gold_loss":0},{"damage_healed":0,"gold_gain":0,"cards_transformed":["Defend_B","Defend_B"],"player_choice":"Became Test Subject","damage_taken":0,"max_hp_gain":0,"max_hp_loss":0,"event_name":"Drug Dealer","floor":27,"gold_loss":0,"cards_obtained":["Compile Driver","Chaos"]}],"is_beta":false,"boss_relics":[{"not_picked":["Velvet Choker","Snecko Eye","Runic Dome"]}],"items_purged_floors":[21,25],"is_endless":false,"potions_floor_spawned":[4,14,24,28],"killed_by":"Automaton","ascension_level":4}}