{"host":"1a3cjta80tad0aqj","time":1611006556,"event":{"mods":["2.2 Compatiblity","AchievementEnabler","BaseMod","Colored Map","DeckTracker","KOR Keyword Fix","Keyboard Shortcuts","Minty Spire (QoL Compilation)","Permanent Neow","Quick Restart","Random Character Button","StSLib","SuperFastMode","everything is the same but u backflip on backflip"],"gold_per_floor":[109,125,135,7,22,22,40,40,40,115,126,126,69,88,88,88,88],"floor_reached":16,"language":"KOR","playtime":653,"items_purged":[],"score":183,"play_id":"57f8226c-05c9-4f2f-8677-5a5f0b88cbf9","local_time":"20210119064916","is_ascension_mode":true,"campfire_choices":[{"data":"Eruption","floor":6.0,"key":"SMITH"},{"floor":12,"key":"REST"},{"floor":15,"key":"REST"}],"circlet_count":0,"master_deck":["AscendersBane","Strike_P","Strike_P","Strike_P","Strike_P","Defend_P","Defend_P","Defend_P","Defend_P","Eruption+1","Vigilance","DeusExMachina","Crescendo","ClearTheMind","MentalFortress","EmptyMind","EmptyBody","FearNoEvil"],"relics":["PureWater","Question Card","Nunchaku"],"acts_visited":["Exordium"],"potions_floor_usage":[11],"damage_taken":[{"damage":0.0,"enemies":"Cultist","floor":1.0,"turns":2.0},{"damage":0.0,"enemies":"Small Slimes","floor":2.0,"turns":4.0},{"damage":0.0,"enemies":"2 Louse","floor":3.0,"turns":4.0},{"damage":38.0,"enemies":"Gremlin Gang","floor":5.0,"turns":8.0},{"damage":10.0,"enemies":"3 Louse","floor":7.0,"turns":4.0},{"damage":0,"enemies":"Large Slime","floor":11,"turns":5},{"damage":4,"enemies":"Blue Slaver","floor":14,"turns":5},{"damage":28,"enemies":"Hexaghost","floor":16,"turns":9}],"seed_played":"4192920654201790197","potions_obtained":[{"floor":1.0,"key":"GamblersBrew"}],"is_trial":false,"path_per_floor":["M","M","M","$","M","R","M","$","T","?","M","R","?","M","R","B"],"character_chosen":"WATCHER","items_purchased":["MentalFortress","Energy Potion"],"campfire_rested":2,"item_purchase_floors":[4,4],"current_hp_per_floor":[61,61,61,61,23,23,13,13,13,2,2,22,22,18,38,10,10],"gold":88,"neow_bonus":"ONE_RANDOM_RARE_CARD","is_daily":false,"chose_seed":false,"campfire_upgraded":1,"win_rate":0.0,"timestamp":1611006556,"path_taken":["M","M","?","$","M","R","M","$","T","?","M","R","?","M","R","BOSS"],"items_purchased_type":["Card","Potion"],"build_version":"2020-12-22","purchased_purges":0,"victory":false,"max_hp_per_floor":[68,68,68,68,68,68,68,68,68,68,68,68,68,68,68,68,68],"card_choices":[{"not_picked":["WreathOfFlame","ReachHeaven"],"picked":"Crescendo","floor":1.0},{"not_picked":["Indignation","SandsOfTime","Crescendo"],"picked":"SKIP","floor":2.0},{"not_picked":["Collect","Pray"],"picked":"ClearTheMind","floor":3.0},{"not_picked":["EmptyFist","FlurryOfBlows"],"picked":"EmptyMind","floor":5.0},{"not_picked":["Evaluate","WaveOfTheHand","BattleHymn"],"picked":"SKIP","floor":7.0},{"not_picked":["MentalFortress","Evaluate","FlyingSleeves"],"picked":"EmptyBody","floor":11},{"not_picked":["InnerPeace","BattleHymn","Sanctity"],"picked":"FearNoEvil","floor":14}],"player_experience":760894,"relics_obtained":[{"floor":9.0,"key":"Question Card"}],"event_choices":[{"damage_healed":0.0,"max_hp_gain":0.0,"max_hp_loss":0.0,"gold_gain":75.0,"event_name":"World of Goop","player_choice":"Gather Gold","floor":10.0,"gold_loss":0.0,"damage_taken":11.0},{"damage_healed":0,"gold_gain":0,"player_choice":"Paid Gold","damage_taken":0,"relics_obtained":["Nunchaku"],"max_hp_gain":0,"max_hp_loss":0,"event_name":"WeMeetAgain","floor":13,"gold_loss":57}],"is_beta":false,"boss_relics":[],"items_purged_floors":[],"is_endless":false,"potions_floor_spawned":[1,5],"killed_by":"Hexaghost","ascension_level":19}}