{"host":"hy0jryqxzmxotc0g","time":1611008061,"event":{"mods":["BaseMod","BetterRewards","Minty Spire (QoL Compilation)","StSLib","The Bladedancer","The Bug Knight","The Cursed","The Disciple","The Exalted","The Saiyan","The Servant 0.9.4"],"gold_per_floor":[110,34,51,226,226,226,257,257,257,257,271,351,351,365,365,365,365],"floor_reached":16,"language":"FRA","playtime":1216,"items_purged":[],"score":123,"play_id":"6880c730-9a67-441e-b0b1-fccd0169dd15","local_time":"20210118231421","is_ascension_mode":false,"campfire_choices":[{"data":"HollowMod:MantisMark","floor":6,"key":"SMITH"},{"floor":8,"key":"DIG"},{"floor":10,"key":"DIG"},{"floor":15,"key":"RECALL"}],"circlet_count":0,"master_deck":["HollowMod:NailStrikeStart","HollowMod:NailStrikeStart","HollowMod:NailStrikeStart","HollowMod:NailStrikeStart","HollowMod:QuickDashStart","HollowMod:QuickDashStart","HollowMod:QuickDashStart","HollowMod:QuickDashStart","HollowMod:FocusHealStart","HollowMod:PogoStrike","HollowMod:MantisMark+1","Doubt"],"relics":["HollowMod:VesselMask","Oddly Smooth Stone","Shovel","Mango","Pen Nib","Meat on the Bone"],"acts_visited":["Exordium"],"potions_floor_usage":[16,16,16],"damage_taken":[{"damage":0,"enemies":"Cultist","floor":1,"turns":3},{"damage":4,"enemies":"Small Slimes","floor":3,"turns":3},{"damage":12,"enemies":"3 Sentries","floor":7,"turns":9},{"damage":7,"enemies":"2 Louse","floor":11,"turns":2},{"damage":0,"enemies":"Looter","floor":14,"turns":3},{"damage":93,"enemies":"The Guardian","floor":16,"turns":18}],"seed_played":"7312553085662880617","potions_obtained":[{"floor":1,"key":"Weak Potion"},{"floor":7,"key":"EssenceOfSteel"},{"floor":11,"key":"SkillPotion"}],"is_trial":false,"path_per_floor":["M","$","M","?","?","R","E","R","T","R","M","T","$","M","R","B"],"character_chosen":"THE_BUGKNIGHT","items_purchased":["HollowMod:MantisMark"],"campfire_rested":0,"item_purchase_floors":[2],"current_hp_per_floor":[75,75,71,71,76,76,70,84,84,84,83,83,83,83,83,0,0],"gold":365,"neow_bonus":"RANDOM_COMMON_RELIC","is_daily":false,"chose_seed":false,"campfire_upgraded":1,"win_rate":0.0,"timestamp":1611008061,"path_taken":["M","?","M","?","?","R","E","R","T","R","M","?","?","?","R","BOSS"],"items_purchased_type":["Card"],"build_version":"2020-12-22","purchased_purges":0,"victory":false,"max_hp_per_floor":[75,75,75,75,80,80,80,94,94,94,94,94,94,94,94,94,94],"card_choices":[{"not_picked":["HollowMod:InfectionAssault","HollowMod:DescendingDark","HollowMod:SiblingsSouls"],"picked":"SKIP","floor":1},{"not_picked":["HollowMod:DreamGate","HollowMod:BrokenVessel","HollowMod:SharpenedShadows"],"picked":"SKIP","floor":3},{"not_picked":["HollowMod:MidwifesHunger","HollowMod:SharpenedShadows","HollowMod:BlackTendrils"],"picked":"SKIP","floor":7},{"not_picked":["HollowMod:ChannelNail","HollowMod:DreamGate","HollowMod:DashSlash"],"picked":"SKIP","floor":11},{"not_picked":["HollowMod:VengefulVoid","HollowMod:MonarchWings","HollowMod:MothsMistake"],"picked":"SKIP","floor":14}],"player_experience":271841,"relics_obtained":[{"floor":7,"key":"Shovel"},{"floor":8,"key":"Mango"},{"floor":10,"key":"Pen Nib"},{"floor":12,"key":"Meat on the Bone"}],"event_choices":[{"damage_healed":0,"gold_gain":175,"player_choice":"AGREE","damage_taken":0,"max_hp_gain":0,"max_hp_loss":0,"event_name":"Liars Game","floor":4,"gold_loss":0,"cards_obtained":["Doubt"]},{"damage_healed":0,"gold_gain":0,"player_choice":"Donut","damage_taken":0,"max_hp_gain":5,"max_hp_loss":0,"event_name":"Big Fish","floor":5,"gold_loss":0}],"is_beta":false,"boss_relics":[],"items_purged_floors":[],"is_endless":false,"potions_floor_spawned":[1,7,11],"killed_by":"The Guardian","ascension_level":0}}