{"host":"Koishi","time":1611002097,"event":{"mods":["2.2 Compatiblity","AchievementEnabler","Act Like it!","BaseMod","Better Match","Better Note","Better Sensory Stone","Better Third Choice","Chen","Colored Powertips","Conspire","Downfall","Gensokyo","Hermit","Koishi","Lobotomy","LobotomyExtend","MarisaÅiñ∂âJÅ@ñÇóùçπÅj","Minty Spire (QoL Compilation)","Quick Restart","Rare Cards Sparkle","ReimuÅiîé??öÎÅj","Relic Stats","SCP261 Mod","Spicy Shops","StSLib","The Construct","The Gatherer","Åy?ï®?îvÅzREMEMod"],"gold_per_floor":[109,125,50,50,50,76,1,1,76,105,5,22,57,76,76,176,176,188,204,27,27,46,71,71,171,250,278,278,81,99,99,99,196,196,214,234,244,244,169,194,194,227,227,227,227,77,90,115,115,115],"floor_reached":51,"language":"ENG","playtime":2942,"items_purged":["Strike_MRS","Strike_MRS","Strike_MRS","RedShoes"],"score":1034,"play_id":"f30c38a3-d374-4378-97f1-7ee9094d0d55","local_time":"20210118153457","is_ascension_mode":true,"campfire_choices":[{"data":"AbsoluteMagnitude","floor":15,"key":"SMITH"},{"data":"EnergyFlow","floor":28,"key":"SMITH"},{"data":"MagicChant","floor":32,"key":"SMITH"},{"data":"OortCloud","floor":41,"key":"SMITH"},{"floor":44,"key":"RECALL"},{"data":"EnergyFlow+1","floor":49,"key":"SMITH"}],"circlet_count":0,"master_deck":["Defend_MRS","Defend_MRS","Defend_MRS","Defend_MRS","MasterSpark","hermit:CursedWeapon","PropBag","OortCloud+1","EnergyFlow+2","AbsoluteMagnitude+1","EnergyFlow+1","WallGazer","AsteroidBelt","MagicChant+1","GalacticHalo","QueenOfHatred","ChargingUp","BinaryStars+1","Gensokyo:ShootingStar","FieryBird","Master of Strategy+1","Acceleration","Pain","EarthLightRay+1","MilkyWay+1","BlueStar"],"relics":["MiniHakkero","REME_ComplimentaryCards","CogitoBucket","LetterFromLob","Bird Faced Urn","HonorFeather","Gremlin Horn","Blue Candle","Dream Catcher","LuminousBracelet","Coffee Dripper","PreservedInsect","Gensokyo:RedStar","Potion Belt","REME_HandOfSuture","Ice Cream","conspire:GiftBox","Mummified Hand","construct:FoamFinger","AspirationHeart","Cursed Key","Ancient Tea Set","Bronze Scales","conspire:InfiniteJournal","AtMidnight","BehaviorAdjustment","TungstenRod","Ornamental Fan"],"acts_visited":["Gensokyo:Gensokyo","Gensokyo:Gensokyoer","Gensokyo:Gensokyoest"],"potions_floor_usage":[14,22,23,40,51,51,51],"damage_taken":[{"damage":10,"enemies":"Gensokyo:3_Fairies","floor":1,"turns":4},{"damage":4,"enemies":"Gensokyo:Python","floor":2,"turns":3},{"damage":11,"enemies":"Gensokyo:Aya","floor":6,"turns":3},{"damage":57,"enemies":"Gensokyo:Mamizou","floor":8,"turns":4},{"damage":4,"enemies":"Gensokyo:Mamizou","floor":10,"turns":8},{"damage":2,"enemies":"Gensokyo:2_Kodama","floor":12,"turns":4},{"damage":6,"enemies":"Gensokyo:Cirno","floor":13,"turns":6},{"damage":7,"enemies":"Gensokyo:5_Fairies","floor":14,"turns":4},{"damage":4,"enemies":"Gensokyo:Kokoro","floor":16,"turns":5},{"damage":26,"enemies":"Gensokyo:CosmicMonolith","floor":18,"turns":3},{"damage":2,"enemies":"Gensokyo:AngelMirror","floor":19,"turns":2},{"damage":12,"enemies":"Gensokyo:Monolith_and_Dog","floor":22,"turns":2},{"damage":4,"enemies":"Gensokyo:Reisen","floor":23,"turns":2},{"damage":36,"enemies":"Gensokyo:Reisen","floor":25,"turns":7},{"damage":4,"enemies":"Gensokyo:Koishi","floor":27,"turns":2},{"damage":14,"enemies":"Gensokyo:Wraith","floor":30,"turns":6},{"damage":12,"enemies":"Gensokyo:Eiki","floor":33,"turns":4},{"damage":4,"enemies":"Gensokyo:AncientGuardian","floor":35,"turns":2},{"damage":7,"enemies":"Gensokyo:3_Bats","floor":36,"turns":2},{"damage":4,"enemies":"Gensokyo:SeedOfUnknown","floor":37,"turns":2},{"damage":27,"enemies":"Gensokyo:Kasen","floor":40,"turns":3},{"damage":12,"enemies":"Gensokyo:Marisa","floor":42,"turns":2},{"damage":14,"enemies":"Gensokyo:Rafflesia","floor":47,"turns":7},{"damage":3,"enemies":"Gensokyo:Doremy","floor":48,"turns":2},{"damage":17,"enemies":"Gensokyo:Shinki","floor":50,"turns":6},{"damage":13,"enemies":"Malkuth","floor":51,"turns":3},{"damage":1,"enemies":"Hod","floor":51,"turns":3},{"damage":68,"enemies":"Chesed","floor":51,"turns":3}],"seed_played":"1489858670716997631","potions_obtained":[{"floor":2,"key":"FearPotion"},{"floor":6,"key":"BlessingOfTheForge"},{"floor":12,"key":"Strength Potion"},{"floor":16,"key":"GrandPatriotsElixir:ReiMu"},{"floor":18,"key":"champ:CounterPotion"},{"floor":23,"key":"SCP261:GirlTearsPotion"},{"floor":30,"key":"SkillPotion"},{"floor":35,"key":"Ancient Potion"},{"floor":40,"key":"Energy Potion"},{"floor":42,"key":"ColorlessPotion"}],"is_trial":false,"path_per_floor":["M","M","?","?","$","E","$","E","T","E","$","M","E","M","R","B",null,"M","M","$","?","M","E","?","?","T","E","R","$","M","?","R","B",null,"M","M","M","?","?","E","R","E","T","R","?","$","M","E","R","B",null],"character_chosen":"MARISA","items_purchased":["PreservedInsect","GalacticHalo","ChargingUp"],"campfire_rested":0,"item_purchase_floors":[20,20,29],"current_hp_per_floor":[65,61,61,61,61,50,50,75,75,73,73,75,71,85,90,90,90,66,67,67,67,55,54,54,45,45,46,83,83,93,93,93,93,93,91,86,90,90,90,74,93,93,93,93,56,56,86,87,93,93],"gold":115,"neow_bonus":"","is_daily":false,"chose_seed":false,"campfire_upgraded":5,"win_rate":0.0,"timestamp":1611002097,"path_taken":["M","M","?","?","?","E","?","E","T","E","?","M","E","M","R","BOSS","M","M","?","?","M","E","?","?","T","E","R","$","?","?","R","BOSS","M","M","M","?","?","E","R","E","T","R","?","$","M","E","R","BOSS"],"items_purchased_type":["Relic","Card","Card"],"build_version":"2020-12-18","purchased_purges":4,"victory":true,"max_hp_per_floor":[75,75,75,75,75,75,75,75,75,75,75,75,75,90,90,90,90,90,90,90,90,90,90,83,83,83,83,83,83,93,93,93,93,93,93,93,93,93,93,93,93,93,93,93,93,93,93,93,93,93],"relic_stats":{"Dream Catcher":0,"Gremlin Horn":[34,34],"counters":[32,115],"Mummified Hand":[48],"Ornamental Fan":[12],"Bird Faced Urn":[78],"Blue Candle":[1],"Bronze Scales":[132],"PreservedInsect":387,"Cursed Key":1,"obtain_stats":[{"AmplifyWand":12,"Ice Cream":25,"HonorFeather":8,"construct:FoamFinger":27,"Gremlin Horn":9,"LuminousBracelet":14,"Cursed Key":34,"Ancient Tea Set":40,"conspire:InfiniteJournal":45,"Frozen Eye":27,"CogitoBucket":0,"Dream Catcher":13,"Mummified Hand":26,"Kunai":14,"Potion Belt":23,"Blue Candle":2,"AspirationHeart":30,"PreservedInsect":20,"Letter Opener":22,"Gensokyo:RedStar":21,"Mercury Hourglass":8,"conspire:GiftBox":25,"Shuriken":10,"Ornamental Fan":13,"Bird Faced Urn":6,"Bronze Scales":42,"AtMidnight":47,"REME_HandOfSuture":24,"BehaviorAdjustment":47,"LetterFromLob":1,"Coffee Dripper":17,"MiniHakkero":0,"TungstenRod":48,"REME_ComplimentaryCards":0,"Meat on the Bone":30},{"AmplifyWand":6,"Ice Cream":15,"HonorFeather":4,"construct:FoamFinger":16,"Gremlin Horn":4,"LuminousBracelet":9,"Cursed Key":19,"Ancient Tea Set":23,"conspire:InfiniteJournal":24,"Frozen Eye":15,"CogitoBucket":0,"Dream Catcher":7,"Mummified Hand":15,"Kunai":9,"Potion Belt":14,"Blue Candle":2,"AspirationHeart":18,"PreservedInsect":12,"Letter Opener":13,"Gensokyo:RedStar":12,"Mercury Hourglass":4,"conspire:GiftBox":15,"Shuriken":5,"Ornamental Fan":7,"Bird Faced Urn":3,"Bronze Scales":24,"AtMidnight":26,"REME_HandOfSuture":14,"BehaviorAdjustment":26,"LetterFromLob":1,"Coffee Dripper":10,"MiniHakkero":0,"TungstenRod":27,"REME_ComplimentaryCards":0,"Meat on the Bone":18},{"AmplifyWand":24,"Ice Cream":58,"HonorFeather":14,"construct:FoamFinger":60,"Gremlin Horn":14,"LuminousBracelet":37,"Cursed Key":71,"Ancient Tea Set":80,"conspire:InfiniteJournal":82,"Frozen Eye":58,"CogitoBucket":0,"Dream Catcher":32,"Mummified Hand":58,"Kunai":35,"Potion Belt":51,"Blue Candle":5,"AspirationHeart":67,"PreservedInsect":47,"Letter Opener":48,"Gensokyo:RedStar":47,"Mercury Hourglass":12,"conspire:GiftBox":58,"Shuriken":15,"Ornamental Fan":28,"Bird Faced Urn":10,"Bronze Scales":82,"AtMidnight":90,"REME_HandOfSuture":51,"BehaviorAdjustment":90,"LetterFromLob":4,"Coffee Dripper":42,"MiniHakkero":0,"TungstenRod":92,"REME_ComplimentaryCards":0,"Meat on the Bone":62}],"TungstenRod":39},"card_choices":[{"not_picked":["MeteoricShower","DC"],"picked":"PropBag","floor":1},{"not_picked":["MeatLantern","Murderer","BeautyBeast"],"picked":"Singing Bowl","floor":1},{"not_picked":["StarlightTyphoon","DC"],"picked":"OortCloud","floor":2},{"not_picked":["PunishingBird","Wellcheers","Murderer"],"picked":"Singing Bowl","floor":2},{"not_picked":["StarBarrage+1","FairyDestructionRay+1"],"picked":"EnergyFlow+1","floor":3},{"not_picked":["LittleHelper","CherryBlossoms","Murderer"],"picked":"Singing Bowl","floor":6},{"not_picked":["SporeBomb","ManaConvection","GrandCross"],"picked":"SKIP","floor":6},{"not_picked":["OneTimeOff","NonDirectionalLaser"],"picked":"EnergyFlow","floor":10},{"not_picked":["Rudolta","MHz","LittleHelper"],"picked":"Singing Bowl","floor":10},{"not_picked":["BeautyBeast","DreamingCurrent","Wellcheers"],"picked":"Singing Bowl","floor":12},{"not_picked":["MysteriousBeam","GravityBeat","DragonMeteor"],"picked":"SKIP","floor":12},{"not_picked":["SilentOrchestra","WallGazer","Funeral"],"picked":"Singing Bowl","floor":13},{"not_picked":["SuperPerseids","FairyDestructionRay","DarkMatter"],"picked":"SKIP","floor":13},{"not_picked":["UniverseFragment","HappyTeddy","Freischutz"],"picked":"Singing Bowl","floor":14},{"not_picked":["StarlightTyphoon","DoubleSpark","Singularity"],"picked":"SKIP","floor":14},{"not_picked":["Woodsman","BigBird","SpiderBud"],"picked":"Singing Bowl","floor":16},{"not_picked":["SpiderBud","Variant"],"picked":"WallGazer","floor":16},{"not_picked":["GravityBeat","SuperPerseids"],"picked":"AsteroidBelt","floor":18},{"not_picked":["MeatLantern","Rudolta","RedShoes"],"picked":"Singing Bowl","floor":18},{"not_picked":["GrandCross","6A+1"],"picked":"MagicChant","floor":19},{"not_picked":["Variant","SpiderBud","BigBadWolf"],"picked":"Singing Bowl","floor":19},{"not_picked":["Wellcheers","QueenBee","CrumblingArmor"],"picked":"Singing Bowl","floor":22},{"not_picked":["6A+1","WitchOfGreed","ManaConvection+1"],"picked":"SKIP","floor":22},{"not_picked":["BeautyBeast","GalaxyChild","DespairKnight"],"picked":"Singing Bowl","floor":23},{"not_picked":["CrumblingArmor","CENSORED"],"picked":"QueenOfHatred","floor":23},{"not_picked":["StarlightTyphoon+1","EventHorizon","DC"],"picked":"SKIP","floor":23},{"not_picked":["Scarecrow","Porccubus","LaLuna"],"picked":"Singing Bowl","floor":25},{"not_picked":["SpiderBud","Scorched","BlackArmy"],"picked":"Singing Bowl","floor":27},{"not_picked":["MilkyWay","DarkSpark","SuperNova"],"picked":"SKIP","floor":27},{"not_picked":["Freischutz","Wellcheers","CherryBlossoms"],"picked":"Singing Bowl","floor":30},{"not_picked":["MysteriousBeam+1","GravityBeat","MagicChant"],"picked":"SKIP","floor":30},{"not_picked":["SuperNova+1","BigCrunch+1"],"picked":"BinaryStars+1","floor":31},{"not_picked":["ShyLook","NakedNest","GreedKing"],"picked":"Singing Bowl","floor":33},{"not_picked":[],"picked":"Gensokyo:ShootingStar","floor":33},{"not_picked":["Mercenary","OSAHOGD","LittleHelper"],"picked":"Singing Bowl","floor":35},{"not_picked":["MysteriousBeam","GravityBeat+1","GalacticHalo"],"picked":"SKIP","floor":35},{"not_picked":["Alriune","GalaxyChild"],"picked":"FieryBird","floor":36},{"not_picked":["DC","ShootTheMoon","LuminesStrike+1"],"picked":"SKIP","floor":36},{"not_picked":["Freischutz","SnowQueen","BlackArmy"],"picked":"Singing Bowl","floor":37},{"not_picked":["UnstableBomb+1","LuminesStrike+1","SuperNova"],"picked":"SKIP","floor":37},{"not_picked":["UnstableBomb+1","LuminesStrike+1","SuperNova"],"picked":"SKIP","floor":37},{"not_picked":["Magnetism+1","REME_BodyOfCthun+1"],"picked":"Master of Strategy+1","floor":39},{"not_picked":["BlackSwan","MeltingLove","HeroicMonk"],"picked":"Singing Bowl","floor":40},{"not_picked":["Alriune","NothingThere"],"picked":"RedShoes","floor":40},{"not_picked":["DeepEcoloBomb","OrrerysSun+1","MysteriousBeam+1"],"picked":"SKIP","floor":40},{"not_picked":["SingingMachine","HeroicMonk","DreamingCurrent"],"picked":"Singing Bowl","floor":42},{"not_picked":["UnstableBomb+1","CollectingQuirk"],"picked":"Acceleration","floor":42},{"not_picked":["LittleHelper","Scarecrow","Freischutz"],"picked":"Singing Bowl","floor":47},{"not_picked":["GravityBeat+1","PropBag+1"],"picked":"EarthLightRay+1","floor":47},{"not_picked":["Acceleration+1","AsteroidBelt"],"picked":"MilkyWay+1","floor":48},{"not_picked":["Porccubus","WhitesApple"],"picked":"BlueStar","floor":48}],"player_experience":219322,"relics_obtained":[{"floor":1,"key":"LetterFromLob"},{"floor":6,"key":"Bird Faced Urn"},{"floor":9,"key":"Gremlin Horn"},{"floor":10,"key":"Blue Candle"},{"floor":13,"key":"Dream Catcher"},{"floor":23,"key":"Potion Belt"},{"floor":25,"key":"Ice Cream"},{"floor":25,"key":"conspire:GiftBox"},{"floor":26,"key":"Mummified Hand"},{"floor":27,"key":"construct:FoamFinger"},{"floor":40,"key":"Ancient Tea Set"},{"floor":42,"key":"Bronze Scales"},{"floor":47,"key":"AtMidnight"},{"floor":48,"key":"TungstenRod"}],"event_choices":[{"damage_healed":0,"gold_gain":0,"player_choice":"2","damage_taken":0,"max_hp_gain":0,"max_hp_loss":0,"event_name":"betterMatch:BetterMatch","floor":3,"gold_loss":0,"cards_obtained":["betterMatch:UncommonCard"]},{"damage_healed":0,"gold_gain":0,"player_choice":"2","damage_taken":0,"max_hp_gain":0,"max_hp_loss":0,"event_name":"betterMatch:BetterMatch","floor":31,"gold_loss":0,"cards_obtained":["betterMatch:RareCard"]},{"damage_healed":0,"gold_gain":0,"player_choice":"Leave","damage_taken":0,"max_hp_gain":0,"max_hp_loss":0,"event_name":"conspire:Investor","floor":38,"gold_loss":0},{"damage_healed":0,"gold_gain":0,"player_choice":"2","damage_taken":0,"max_hp_gain":0,"max_hp_loss":0,"event_name":"betterMatch:BetterMatch","floor":39,"gold_loss":0,"cards_obtained":["betterMatch:ColorlessRareCard"]}],"is_beta":true,"boss_relics":[{"not_picked":["Calling Bell","Runic Dome"],"picked":"Coffee Dripper"},{"not_picked":["Velvet Choker","ExperimentalFamiliar"],"picked":"Cursed Key"}],"items_purged_floors":[7,11,29,46],"is_endless":false,"potions_floor_spawned":[2,6,12,13,16,18,19,23,30,35,40,42,48],"ascension_level":2}}