{"host":"qrbkigq52dd42dk0","time":1611010548,"event":{"mods":["AchievementEnabler","BaseMod","Colored Map","Colored Powertips","Minty Spire (QoL Compilation)","Quick Restart","StSLib","SuperFastMode","The IronCluck"],"gold_per_floor":[112,132,82,82,7,36,36,50,50,82,97,123,123,143,143,223,223,243,243,243],"floor_reached":19,"language":"ENG","playtime":393,"items_purged":["Regret"],"score":337,"play_id":"173fff75-f68a-4193-9a2e-7ebb469e080d","local_time":"20210118235548","is_ascension_mode":true,"campfire_choices":[{"data":"Berserk","floor":7,"key":"SMITH"},{"data":"Spot Weakness","floor":15,"key":"SMITH"}],"circlet_count":0,"master_deck":["AscendersBane","Strike_R","Strike_R","Strike_R","Strike_R","Defend_R","Defend_R","Defend_R","Bash","Berserk+1","Spot Weakness+1","Shrug It Off","Offering"],"relics":["Burning Blood","NeowsBlessing","Prayer Wheel","Lantern","Mercury Hourglass","CeramicFish","Mark of Pain"],"acts_visited":["Exordium","TheCity"],"potions_floor_usage":[11,12,16,18],"damage_taken":[{"damage":0,"enemies":"2 Louse","floor":1,"turns":1},{"damage":0,"enemies":"Jaw Worm","floor":2,"turns":1},{"damage":0,"enemies":"Lagavulin","floor":6,"turns":1},{"damage":2,"enemies":"Small Slimes","floor":8,"turns":3},{"damage":36,"enemies":"3 Sentries","floor":10,"turns":6},{"damage":7,"enemies":"Blue Slaver","floor":11,"turns":2},{"damage":8,"enemies":"Exordium Wildlife","floor":12,"turns":3},{"damage":16,"enemies":"Red Slaver","floor":14,"turns":2},{"damage":34,"enemies":"Hexaghost","floor":16,"turns":9},{"damage":8,"enemies":"3 Byrds","floor":18,"turns":4},{"damage":6,"enemies":"2 Thieves","floor":19,"turns":1}],"seed_played":"9054194831028404126","potions_obtained":[{"floor":6,"key":"Energy Potion"},{"floor":8,"key":"BlessingOfTheForge"},{"floor":11,"key":"Fire Potion"},{"floor":14,"key":"Weak Potion"},{"floor":16,"key":"Fire Potion"}],"is_trial":false,"path_per_floor":["M","M","?","?","$","E","R","M","T","E","M","M","?","M","R","B",null,"M","M"],"character_chosen":"IRONCLAD","items_purchased":[],"campfire_rested":0,"item_purchase_floors":[],"current_hp_per_floor":[78,80,80,80,80,80,80,80,80,50,49,47,47,37,37,9,62,60,54,54],"gold":243,"neow_bonus":"THREE_ENEMY_KILL","is_daily":false,"chose_seed":false,"campfire_upgraded":2,"win_rate":0.0,"timestamp":1611010548,"path_taken":["M","M","?","?","$","E","R","M","T","E","M","M","?","M","R","BOSS","M","M"],"items_purchased_type":[],"build_version":"2020-12-22","purchased_purges":1,"victory":false,"max_hp_per_floor":[80,80,80,80,80,80,80,80,80,80,80,80,80,80,80,80,80,80,80,80],"card_choices":[{"not_picked":["Perfected Strike","Wild Strike","Second Wind"],"picked":"SKIP","floor":1},{"not_picked":["Thunderclap","Dual Wield","Clash"],"picked":"SKIP","floor":2},{"not_picked":["Rampage","Reckless Charge"],"picked":"Berserk","floor":6},{"not_picked":["Dark Embrace","Combust"],"picked":"Spot Weakness","floor":8},{"not_picked":["Clash","Clothesline","Reckless Charge"],"picked":"SKIP","floor":8},{"not_picked":["Heavy Blade","Combust","Pummel"],"picked":"SKIP","floor":10},{"not_picked":["Seeing Red","Twin Strike","Heavy Blade"],"picked":"SKIP","floor":11},{"not_picked":["Clothesline","Reckless Charge","Sword Boomerang"],"picked":"SKIP","floor":11},{"not_picked":["Wild Strike","Sever Soul"],"picked":"Shrug It Off","floor":12},{"not_picked":["Thunderclap","True Grit","Armaments"],"picked":"SKIP","floor":12},{"not_picked":["Pummel","Havoc","Metallicize"],"picked":"SKIP","floor":14},{"not_picked":["Armaments","Shrug It Off","Body Slam"],"picked":"SKIP","floor":14},{"not_picked":["Demon Form","Double Tap"],"picked":"Offering","floor":16},{"not_picked":["Headbutt+1","Searing Blow+1","Iron Wave"],"picked":"SKIP","floor":18},{"not_picked":["Twin Strike","Sword Boomerang","Clash"],"picked":"SKIP","floor":18}],"player_experience":194289,"relics_obtained":[{"floor":6,"key":"Lantern"},{"floor":9,"key":"Mercury Hourglass"},{"floor":10,"key":"CeramicFish"}],"event_choices":[{"cards_removed":["Strike_R"],"damage_healed":0,"gold_gain":0,"player_choice":"Card Removal","damage_taken":0,"max_hp_gain":0,"max_hp_loss":0,"event_name":"The Cleric","floor":3,"gold_loss":50},{"damage_healed":0,"gold_gain":0,"player_choice":"Box","damage_taken":0,"relics_obtained":["Prayer Wheel"],"max_hp_gain":0,"max_hp_loss":0,"event_name":"Big Fish","floor":4,"gold_loss":0,"cards_obtained":["Regret"]},{"cards_removed":["Defend_R"],"damage_healed":0,"gold_gain":0,"player_choice":"Forget","damage_taken":0,"max_hp_gain":0,"max_hp_loss":0,"event_name":"Living Wall","floor":13,"gold_loss":0}],"is_beta":false,"boss_relics":[{"not_picked":["Black Blood","Ectoplasm"],"picked":"Mark of Pain"}],"items_purged_floors":[5],"is_endless":false,"potions_floor_spawned":[6,8,11,14,16],"killed_by":"2 Thieves","ascension_level":13}}