{"host":"k3cqai9776irl0xe","time":1611011571,"event":{"mods":["BaseMod","Duelist Mod","GifTheSpireLib","Minty Spire (QoL Compilation)","StSLib","The Alterego","The Bug Knight"],"gold_per_floor":[113,113,129,142,142,167,181,194,217,245,245,270,287,301,301,402,402,418,418,418],"floor_reached":19,"language":"ENG","playtime":1673,"items_purged":[],"score":191,"play_id":"ccb3dbf3-f9c5-4e44-822c-8f9bab805b84","local_time":"20210118181251","is_ascension_mode":false,"campfire_choices":[{"data":"alterego_mod:RidiculouslyBig","floor":11,"key":"SMITH"},{"data":"alterego_mod:Cushion","floor":15,"key":"SMITH"}],"circlet_count":0,"master_deck":["alterego_mod:Strike","alterego_mod:Strike","alterego_mod:Strike","alterego_mod:Strike","alterego_mod:Defend","alterego_mod:Defend","alterego_mod:Defend","alterego_mod:Defend","alterego_mod:Impale","alterego_mod:BigMeatyClaws","alterego_mod:BrynhildrsRune","alterego_mod:Birthday","alterego_mod:Undulate","alterego_mod:RidiculouslyBig+1","Pain","alterego_mod:1TonWallop","alterego_mod:Mirror","alterego_mod:Collar","alterego_mod:BiFurious","alterego_mod:Cushion+1","alterego_mod:Bounce","alterego_mod:BrynhildrRomantia","alterego_mod:BeGentle"],"relics":["alterego_mod:MasochisticConstitution","NeowsBlessing","Lantern","WarpedTongs","MealTicket","Ancient Tea Set","HollowMod:PaleOreRelic","InkBottle","Black Star"],"acts_visited":["Exordium","TheCity"],"potions_floor_usage":[],"damage_taken":[{"damage":0,"enemies":"Jaw Worm","floor":1,"turns":1},{"damage":0,"enemies":"2 Louse","floor":3,"turns":2},{"damage":0,"enemies":"Cultist","floor":4,"turns":1},{"damage":5,"enemies":"3 Sentries","floor":6,"turns":7},{"damage":10,"enemies":"Blue Slaver","floor":7,"turns":5},{"damage":0,"enemies":"3 Louse","floor":8,"turns":1},{"damage":20,"enemies":"Gremlin Nob","floor":10,"turns":3},{"damage":21,"enemies":"Lagavulin","floor":12,"turns":7},{"damage":1,"enemies":"Large Slime","floor":13,"turns":5},{"damage":24,"enemies":"Exordium Thugs","floor":14,"turns":4},{"damage":24,"enemies":"The Guardian","floor":16,"turns":13},{"damage":10,"enemies":"Chosen","floor":18,"turns":5},{"damage":16,"enemies":"Shell Parasite","floor":19,"turns":8}],"seed_played":"-3839225748839062407","potions_obtained":[{"floor":6,"key":"Swift Potion"},{"floor":7,"key":"SkillPotion"},{"floor":14,"key":"Explosive Potion"},{"floor":16,"key":"Dexterity Potion"}],"is_trial":false,"path_per_floor":["M","?","M","M","?","E","M","M","T","E","R","E","M","M","R","B",null,"M","M"],"character_chosen":"The_Alterego","items_purchased":[],"campfire_rested":0,"item_purchase_floors":[],"current_hp_per_floor":[70,67,67,69,69,71,71,72,72,53,53,42,58,38,38,25,77,81,68,68],"gold":418,"neow_bonus":"THREE_ENEMY_KILL","is_daily":false,"chose_seed":false,"campfire_upgraded":2,"win_rate":0.0,"timestamp":1611011571,"path_taken":["M","?","M","M","?","E","M","M","T","E","R","E","M","M","R","BOSS","M","M"],"items_purchased_type":[],"build_version":"2020-12-22","purchased_purges":0,"victory":false,"max_hp_per_floor":[70,70,70,70,70,71,72,72,72,73,73,74,75,76,76,77,77,81,81,81],"card_choices":[{"not_picked":["alterego_mod:Cooking","alterego_mod:DeftHands"],"picked":"alterego_mod:Birthday","floor":1},{"not_picked":["alterego_mod:PerceptionDisorder","alterego_mod:Pet"],"picked":"alterego_mod:Undulate","floor":3},{"not_picked":["alterego_mod:MaintainEyeContact","alterego_mod:BusterCard"],"picked":"alterego_mod:RidiculouslyBig","floor":4},{"not_picked":["alterego_mod:Bunnysuit","alterego_mod:GachaTicket"],"picked":"alterego_mod:1TonWallop","floor":6},{"not_picked":["alterego_mod:Cycle","alterego_mod:BiFurious"],"picked":"alterego_mod:Mirror","floor":7},{"not_picked":["alterego_mod:Cooking","alterego_mod:RingBreak"],"picked":"alterego_mod:Collar","floor":8},{"not_picked":["alterego_mod:Collar","alterego_mod:Skirt"],"picked":"alterego_mod:BiFurious","floor":10},{"not_picked":["alterego_mod:Maid","alterego_mod:PresenceConcealment"],"picked":"alterego_mod:Cushion","floor":12},{"not_picked":["alterego_mod:Crossover","alterego_mod:MagicResistance"],"picked":"alterego_mod:Bounce","floor":13},{"not_picked":["alterego_mod:SuperDuperMasochism","alterego_mod:Pet","alterego_mod:TrashNCrash"],"picked":"SKIP","floor":14},{"not_picked":["alterego_mod:Tantrum","alterego_mod:SideboobHour"],"picked":"alterego_mod:BrynhildrRomantia","floor":16},{"not_picked":["alterego_mod:Swimsuit","alterego_mod:Cycle"],"picked":"alterego_mod:BeGentle","floor":18}],"player_experience":29723,"relics_obtained":[{"floor":6,"key":"MealTicket"},{"floor":9,"key":"Ancient Tea Set"},{"floor":10,"key":"HollowMod:PaleOreRelic"},{"floor":12,"key":"InkBottle"}],"event_choices":[{"damage_healed":0,"gold_gain":0,"player_choice":"Success","damage_taken":3,"relics_obtained":["Lantern"],"max_hp_gain":0,"max_hp_loss":0,"event_name":"Scrap Ooze","floor":2,"gold_loss":0},{"damage_healed":0,"gold_gain":0,"player_choice":"Rummage","damage_taken":0,"relics_obtained":["WarpedTongs"],"max_hp_gain":0,"max_hp_loss":0,"event_name":"Accursed Blacksmith","floor":5,"gold_loss":0,"cards_obtained":["Pain"]}],"is_beta":false,"boss_relics":[{"not_picked":["Calling Bell","Snecko Eye"],"picked":"Black Star"}],"items_purged_floors":[],"is_endless":false,"potions_floor_spawned":[6,7,14,16],"killed_by":"Shell Parasite","ascension_level":0}}