{"host":"m1hsm1cztz438mir","time":1611007148,"event":{"mods":["2.2 Compatiblity","AchievementEnabler","Act Like it!","Aspiration","BaseMod","Better Altar","Better Match","Better Sensory Stone","Better Skull","Better Third Choice","Colored Map","Glutton Mod","Halation","Minty Spire (QoL Compilation)","Permanent Neow","Relic Stats","Replay The Spire","Shop Mod","StSLib","[GremlinLeader]The Maniac"],"gold_per_floor":[19,56,21,21,55,55,88,88,112,155,188,188,220,238,238,339,339,356,356,383,387,387,446,446,475,475,475,502,545,545,586,611,627,627,726,726,741,374,374,419,419,419,447,464,464,495,495,505,505,516,516,516],"floor_reached":53,"language":"ENG","playtime":4359,"items_purged":["Glutton:Strike","Glutton:Defend"],"score":906,"play_id":"c50d3bdc-98ae-44e4-8514-271e08fd4687","local_time":"20210118215908","is_ascension_mode":true,"campfire_choices":[{"data":"Glutton:Feed","floor":6,"key":"SMITH"},{"data":"Glutton:Loot","floor":8,"key":"SMITH"},{"data":"Glutton:Scab","floor":12,"key":"SMITH"},{"floor":15,"key":"REST"},{"data":"Ghostly","floor":24,"key":"SMITH"},{"data":"Ghostly","floor":30,"key":"SMITH"},{"data":"Ghostly","floor":34,"key":"SMITH"},{"data":"Ghostly","floor":42,"key":"SMITH"},{"data":"Ghostly","floor":47,"key":"SMITH"},{"data":"Glutton:DecrepitStrike","floor":49,"key":"SMITH"},{"data":"Glutton:Tumor","floor":51,"key":"SMITH"}],"circlet_count":0,"master_deck":["Glutton:Flail+1","Glutton:Loot+1","Glutton:Feed+1","Glutton:Scab+1","Glutton:Bite","Glutton:Fever","Glutton:Avarice+1","Glutton:GuardStance","Glutton:Nostalgia+1","Glutton:Scab+1","Ghostly+1","Ghostly+1","Ghostly+1","Ghostly+1","Ghostly+1","Voices","Glutton:FeverVisions+1","Bite","Bite","Bite","Bite+1","Bite","Glutton:Thrombosis","Glutton:Brace+1","Glutton:Feed+1","Glutton:SelfFlagellate+1","Glutton:Thrombosis+1","Glutton:Avarice+1","Glutton:Dispepsia+1","Glutton:SelfFlagellate+1","Glutton:Migraine+1","Writhe","Glutton:GuardStance+1","Glutton:Autotomy+1","Parasite","Glutton:Dispepsia+1","Glutton:DecrepitStrike+1","Glutton:Tumor+1","Glutton:Megrim+1"],"relics":["Glutton:EternalHunger","Bird Faced Urn","Bronze Scales","Simple Rune","Golden Egg","TungstenRod","aspiration:RitualDagger","Nunchaku","ReplayTheSpireMod:CursedCoin","Whetstone","Replay:Mystery Machine","Orichalcum","StoneCalendar","Coffee Dripper","Bag of Preparation","Ring of Fangs","Bag of Marbles","Replay:PocketPolymizer","Replay:Multitool"],"acts_visited":["Exordium","TheCity","TheBeyond"],"potions_floor_usage":[16,16,23,33,35,52,52],"damage_taken":[{"damage":6,"enemies":"Small Slimes","floor":1,"turns":3},{"damage":12,"enemies":"Jaw Worm","floor":2,"turns":3},{"damage":2,"enemies":"2 Louse","floor":5,"turns":2},{"damage":25,"enemies":"Gremlin Nob","floor":7,"turns":4},{"damage":28,"enemies":"Exordium Thugs","floor":10,"turns":5},{"damage":41,"enemies":"Replay:BlueRogue","floor":11,"turns":6},{"damage":32,"enemies":"Gremlin Nob","floor":13,"turns":4},{"damage":17,"enemies":"Red Slaver","floor":14,"turns":3},{"damage":68,"enemies":"Hexaghost","floor":16,"turns":9},{"damage":16,"enemies":"Chosen","floor":18,"turns":3},{"damage":43,"enemies":"Slavers","floor":23,"turns":6},{"damage":27,"enemies":"Book of Stabbing","floor":25,"turns":7},{"damage":6,"enemies":"3 Byrds","floor":29,"turns":2},{"damage":10,"enemies":"Shelled Parasite and Fungi","floor":31,"turns":5},{"damage":57,"enemies":"Gremlin Leader","floor":32,"turns":6},{"damage":31,"enemies":"Snecko","floor":33,"turns":7},{"damage":36,"enemies":"Champ","floor":35,"turns":12},{"damage":15,"enemies":"3 Darklings","floor":37,"turns":6},{"damage":20,"enemies":"3 Shapes","floor":40,"turns":4},{"damage":28,"enemies":"Reptomancer","floor":43,"turns":7},{"damage":16,"enemies":"Writhing Mass","floor":44,"turns":6},{"damage":20,"enemies":"Nemesis","floor":46,"turns":7},{"damage":41,"enemies":"Sphere and 2 Shapes","floor":48,"turns":7},{"damage":2,"enemies":"Transient","floor":50,"turns":5},{"damage":60,"enemies":"Donu and Deca","floor":52,"turns":11}],"seed_played":"509182335898646043","potions_obtained":[{"floor":5,"key":"SmokeBomb"},{"floor":7,"key":"Energy Potion"},{"floor":13,"key":"SteroidPotion"},{"floor":16,"key":"Explosive Potion"},{"floor":25,"key":"EssenceOfSteel"},{"floor":31,"key":"Venom Potion"},{"floor":32,"key":"Energy Potion"},{"floor":33,"key":"Dexterity Potion"},{"floor":35,"key":"Doom Potion"},{"floor":40,"key":"SkillPotion"}],"is_trial":false,"path_per_floor":["M","M","?","$","M","R","E","R","T","M","E","R","E","M","R","B",null,"M","?","T","$","?","E","R","E","PTL","PTL","T","M","R","M","E","M","R","B",null,"M","$","?","M","?","R","E","M","T","E","R","M","R","M","R","B",null],"character_chosen":"GLUTTON","items_purchased":["ReplayTheSpireMod:CursedCoin","Glutton:FeverVisions","Bag of Preparation","Glutton:SelfFlagellate","Glutton:Migraine"],"campfire_rested":1,"item_purchase_floors":[21,21,38,38,38],"current_hp_per_floor":[114,102,120,120,121,121,100,100,100,81,56,56,28,19,59,19,135,127,69,69,69,48,39,39,48,48,48,48,48,48,51,34,51,51,44,64,68,68,68,70,48,48,71,72,72,72,72,76,76,76,76,74],"gold":516,"neow_bonus":"ONE_RARE_RELIC","is_daily":false,"chose_seed":false,"campfire_upgraded":10,"win_rate":0.0,"timestamp":1611007148,"path_taken":["M","M","?","$","M","R","E","R","T","M","E","R","E","M","R","BOSS","M","?","?","$","?","E","R","E","PTL","PTL","T","M","R","M","E","M","R","BOSS","M","$","?","M","?","R","E","M","T","E","R","M","R","M","R","BOSS"],"items_purchased_type":["Relic","Card","Relic","Card","Card"],"build_version":"2020-12-22","purchased_purges":2,"victory":true,"max_hp_per_floor":[120,120,120,120,123,123,127,127,127,131,135,135,135,135,135,135,135,139,69,69,69,48,48,48,48,48,48,48,48,48,52,56,60,60,64,64,68,68,68,72,72,72,72,72,72,72,72,76,76,76,76,76],"relic_stats":{"Nunchaku":[18],"counters":[25,140],"Bird Faced Urn":[52],"Bronze Scales":[451],"StoneCalendar":[187],"Bag of Preparation":[14],"Whetstone":["Bite","Glutton:Flail"],"Orichalcum":[294],"obtain_stats":[{"Glutton:EternalHunger":0,"Golden Egg":11,"Replay:PocketPolymizer":43,"ReplayTheSpireMod:CursedCoin":21,"StoneCalendar":32,"Bag of Preparation":38,"Replay:Multitool":46,"Whetstone":23,"Replay:Mystery Machine":25,"Orichalcum":28,"Nunchaku":20,"Ring of Fangs":39,"Bird Faced Urn":0,"Bronze Scales":7,"Simple Rune":9,"Coffee Dripper":36,"Bag of Marbles":41,"aspiration:RitualDagger":17,"TungstenRod":13},{"Glutton:EternalHunger":0,"Golden Egg":6,"Replay:PocketPolymizer":20,"ReplayTheSpireMod:CursedCoin":10,"StoneCalendar":15,"Bag of Preparation":18,"Replay:Multitool":22,"Whetstone":11,"Replay:Mystery Machine":12,"Orichalcum":12,"Nunchaku":10,"Ring of Fangs":18,"Bird Faced Urn":0,"Bronze Scales":4,"Simple Rune":4,"Coffee Dripper":17,"Bag of Marbles":19,"aspiration:RitualDagger":9,"TungstenRod":7},{"Glutton:EternalHunger":0,"Golden Egg":23,"Replay:PocketPolymizer":104,"ReplayTheSpireMod:CursedCoin":42,"StoneCalendar":68,"Bag of Preparation":93,"Replay:Multitool":117,"Whetstone":48,"Replay:Mystery Machine":55,"Orichalcum":55,"Nunchaku":42,"Ring of Fangs":93,"Bird Faced Urn":0,"Bronze Scales":12,"Simple Rune":12,"Coffee Dripper":87,"Bag of Marbles":97,"aspiration:RitualDagger":39,"TungstenRod":27}],"TungstenRod":413},"card_choices":[{"not_picked":["Glutton:Slam","Glutton:FeebleKick"],"picked":"Glutton:Loot","floor":1},{"not_picked":["Glutton:Brace","Glutton:Dispepsia"],"picked":"Glutton:Feed","floor":2},{"not_picked":["Glutton:DecrepitStrike","Glutton:GoldenArmor","Glutton:LashOut"],"picked":"SKIP","floor":5},{"not_picked":["Glutton:Tantrum","Glutton:Borborygmi"],"picked":"Glutton:Scab","floor":7},{"not_picked":["Glutton:LashOut","Glutton:SelfFlagellate"],"picked":"Glutton:Bite","floor":10},{"not_picked":["Glutton:DecrepitStrike","Glutton:Borborygmi"],"picked":"Glutton:Fever","floor":11},{"not_picked":["Glutton:ShedFat","Glutton:Tantrum"],"picked":"Glutton:Avarice","floor":13},{"not_picked":["Glutton:KneeJerk","Glutton:Yearn"],"picked":"Glutton:GuardStance","floor":14},{"not_picked":["Glutton:Reminisce","Glutton:Megrim"],"picked":"Glutton:Nostalgia","floor":16},{"not_picked":["Glutton:DistilledAgony","Glutton:BloodyKnuckle"],"picked":"Glutton:Scab+1","floor":18},{"not_picked":["Glutton:Bite+1","Glutton:Reminisce"],"picked":"Glutton:Thrombosis","floor":23},{"not_picked":["Glutton:Mug","Glutton:Thrombosis"],"picked":"Glutton:Brace+1","floor":25},{"not_picked":["Glutton:Voracity","Glutton:Thrombosis+1"],"picked":"Glutton:Feed+1","floor":29},{"not_picked":["Glutton:Slam","Glutton:BellySlam+1"],"picked":"Glutton:SelfFlagellate+1","floor":31},{"not_picked":["Glutton:Demolish","Glutton:LashOut+1","Glutton:Tantrum"],"picked":"SKIP","floor":32},{"not_picked":["Glutton:Rest","Glutton:Demolish"],"picked":"Glutton:Thrombosis+1","floor":33},{"not_picked":["Glutton:Reminisce","Glutton:Retaliation"],"picked":"Glutton:Avarice","floor":35},{"not_picked":["Glutton:Chomp+1","Glutton:Bite"],"picked":"Glutton:Dispepsia+1","floor":37},{"not_picked":["Glutton:Tantrum+1","Glutton:Tumor"],"picked":"Glutton:GuardStance+1","floor":40},{"not_picked":["Glutton:Torment+1","Glutton:LashOut"],"picked":"Glutton:Autotomy+1","floor":43},{"not_picked":["Glutton:Thrombosis+1","Glutton:Salivate+1","Glutton:Overreach"],"picked":"SKIP","floor":44},{"not_picked":["Glutton:Torment+1","Glutton:Salivate"],"picked":"Glutton:Dispepsia+1","floor":46},{"not_picked":["Glutton:Tantrum+1","Glutton:Demolish","Glutton:Bite+1"],"picked":"SKIP","floor":48},{"not_picked":["Glutton:Salivate","Glutton:Profligacy+1"],"picked":"Glutton:Tumor","floor":50}],"player_experience":307948,"relics_obtained":[{"floor":7,"key":"Bronze Scales"},{"floor":9,"key":"Simple Rune"},{"floor":11,"key":"Golden Egg"},{"floor":13,"key":"TungstenRod"},{"floor":20,"key":"Nunchaku"},{"floor":23,"key":"Whetstone"},{"floor":25,"key":"Replay:Mystery Machine"},{"floor":28,"key":"Orichalcum"},{"floor":32,"key":"StoneCalendar"},{"floor":39,"key":"Ring of Fangs"},{"floor":43,"key":"Replay:PocketPolymizer"},{"floor":46,"key":"Replay:Multitool"}],"event_choices":[{"damage_healed":30,"gold_gain":0,"player_choice":"Healed","damage_taken":0,"max_hp_gain":0,"max_hp_loss":0,"event_name":"The Cleric","floor":3,"gold_loss":35},{"damage_healed":0,"gold_gain":0,"player_choice":"Became a Ghost","damage_taken":0,"max_hp_gain":0,"max_hp_loss":70,"event_name":"Ghosts","floor":19,"gold_loss":0,"cards_obtained":["Ghostly","Ghostly","Ghostly","Ghostly","Ghostly"]},{"damage_healed":0,"gold_gain":0,"player_choice":"Became a vampire","damage_taken":0,"max_hp_gain":0,"max_hp_loss":21,"event_name":"Vampires","floor":22,"gold_loss":0,"cards_obtained":["Bite","Bite","Bite","Bite","Bite"]},{"damage_healed":0,"gold_gain":0,"player_choice":"UP RE ","damage_taken":29,"relics_obtained":["Bag of Marbles"],"max_hp_gain":0,"max_hp_loss":0,"event_name":"betterSkull:BetterSkull","floor":41,"gold_loss":0,"cards_upgraded":["Glutton:Defend"]}],"is_beta":false,"boss_relics":[{"not_picked":["Painkiller Herb","Empty Cage"],"picked":"aspiration:RitualDagger"},{"not_picked":["Velvet Choker","SacredBark"],"picked":"Coffee Dripper"}],"items_purged_floors":[21,38],"is_endless":false,"potions_floor_spawned":[5,7,13,16,25,31,32,33,35,40,43,44,48],"ascension_level":1}}