{"host":"ga4s3hj9m6nkn6gp","time":1611003335,"event":{"mods":["AchievementEnabler","BaseMod","Bestiary","Colored Powertips","Highlight Path","Minty Spire (QoL Compilation)","Relic Stats","everything is the same but u backflip on backflip"],"gold_per_floor":[116,191,191,6,27,27,61,61,61,61,84,107,142,165,165,293,293,316,296,41,64,64,102,102,115,142,142,142,71,105,204,204,324,324,337,360,360,8,24,24,24,24],"floor_reached":41,"language":"ENG","playtime":1921,"items_purged":["Defend_B","Strike_B","Strike_B"],"score":741,"play_id":"c0535c28-2d3b-4e69-9020-120cc4b098f0","local_time":"20210118215535","is_ascension_mode":true,"campfire_choices":[{"data":"Streamline","floor":6.0,"key":"SMITH"},{"data":"Glacier","floor":8.0,"key":"SMITH"},{"data":"Zap","floor":10.0,"key":"SMITH"},{"data":"Dualcast","floor":15.0,"key":"SMITH"},{"data":"Genetic Algorithm","floor":24,"key":"SMITH"},{"data":"Compile Driver","floor":27,"key":"SMITH"},{"data":"Ghostly","floor":32,"key":"SMITH"},{"data":"Ghostly","floor":40,"key":"SMITH"}],"circlet_count":0,"master_deck":["AscendersBane","Strike_B","Strike_B","Defend_B","Defend_B","Defend_B","Zap+1","Dualcast+1","Compile Driver+1","Melter","Glacier+1","Streamline+1","FTL","Chill","Echo Form+1","CurseOfTheBell","Genetic Algorithm+1","Compile Driver+1","Ghostly+1","Ghostly+1","Ghostly+1","Ghostly","Ghostly","Capacitor+1","Buffer+1","Stack+1","Capacitor+1"],"relics":["FrozenCore","Blood Vial","Golden Idol","Orichalcum","Pear","Frozen Egg 2","Calling Bell","Regal Pillow","Gremlin Horn","Du-Vu Doll","Medical Kit","Unceasing Top","Potion Belt","Mango","OrangePellets"],"acts_visited":["Exordium","TheCity","TheBeyond"],"potions_floor_usage":[16,16,21],"damage_taken":[{"damage":2.0,"enemies":"Jaw Worm","floor":1.0,"turns":3.0},{"damage":0.0,"enemies":"2 Louse","floor":5.0,"turns":2.0},{"damage":18.0,"enemies":"Gremlin Nob","floor":7.0,"turns":4.0},{"damage":0.0,"enemies":"Cultist","floor":11.0,"turns":2.0},{"damage":6.0,"enemies":"Looter","floor":12.0,"turns":2.0},{"damage":1.0,"enemies":"Lagavulin","floor":13.0,"turns":6.0},{"damage":0.0,"enemies":"Large Slime","floor":14.0,"turns":4.0},{"damage":5,"enemies":"Slime Boss","floor":16,"turns":7},{"damage":5,"enemies":"Chosen","floor":18,"turns":4},{"damage":3,"enemies":"2 Thieves","floor":21,"turns":3},{"damage":16,"enemies":"Gremlin Leader","floor":23,"turns":8},{"damage":18,"enemies":"Cultist and Chosen","floor":25,"turns":5},{"damage":0,"enemies":"Slavers","floor":30,"turns":8},{"damage":43,"enemies":"Collector","floor":33,"turns":11},{"damage":0,"enemies":"3 Shapes","floor":35,"turns":10},{"damage":0,"enemies":"Orb Walker","floor":36,"turns":6},{"damage":0,"enemies":"Jaw Worm Horde","floor":39,"turns":8},{"damage":71,"enemies":"Giant Head","floor":41,"turns":12}],"seed_played":"-5175675325507324392","potions_obtained":[{"floor":5.0,"key":"Swift Potion"},{"floor":13.0,"key":"DuplicationPotion"},{"floor":19,"key":"DistilledChaos"},{"floor":21,"key":"EssenceOfDarkness"},{"floor":30,"key":"SteroidPotion"}],"is_trial":false,"path_per_floor":["M","?","?","$","M","R","E","R","T","R","M","M","E","M","R","B",null,"M","?","$","M","?","E","R","M","T","R","?","$","E","?","R","B",null,"M","M","?","$","M","R","E"],"character_chosen":"DEFECT","items_purchased":["Melter","Glacier","Medical Kit","Capacitor+1","OrangePellets","Capacitor+1"],"campfire_rested":0,"item_purchase_floors":[4,4,20,29,38,38],"current_hp_per_floor":[68,57,57,57,59,59,43,43,53,53,55,51,52,54,54,51,72,69,69,69,68,68,54,54,38,38,38,38,38,53,53,53,10,42,44,46,46,46,48,48,0,0],"gold":24,"neow_bonus":"RANDOM_COMMON_RELIC","is_daily":false,"chose_seed":false,"campfire_upgraded":8,"win_rate":0.0,"timestamp":1611003335,"path_taken":["M","?","?","$","M","R","E","R","T","R","M","M","E","M","R","BOSS","M","?","$","?","?","E","R","M","T","R","?","$","E","?","R","BOSS","M","M","?","$","M","R","E"],"items_purchased_type":["Card","Card","Relic","Card","Relic","Card"],"build_version":"2020-12-22","purchased_purges":3,"victory":false,"max_hp_per_floor":[75,75,69,69,69,69,69,69,79,79,79,79,79,79,79,79,79,79,79,79,79,79,79,79,79,79,79,39,39,53,53,53,53,53,53,53,53,53,53,53,53,53],"relic_stats":{"Blood Vial":33,"OrangePellets":[2],"Regal Pillow":0,"Gremlin Horn":[15,15],"counters":[18,105],"Golden Idol":122,"Orichalcum":[246],"Medical Kit":[9],"obtain_stats":[{"Potion Belt":26,"Regal Pillow":17,"Pear":9,"Gremlin Horn":17,"Golden Idol":3,"Mango":30,"Orichalcum":7,"Frozen Egg 2":13,"Medical Kit":20,"FrozenCore":34,"Blood Vial":0,"Calling Bell":17,"Du-Vu Doll":17,"OrangePellets":38,"Cracked Core":0,"Unceasing Top":23},{"Potion Belt":12,"Regal Pillow":8,"Pear":3,"Gremlin Horn":8,"Golden Idol":1,"Mango":13,"Orichalcum":3,"Frozen Egg 2":6,"Medical Kit":9,"FrozenCore":14,"Blood Vial":0,"Calling Bell":8,"Du-Vu Doll":8,"OrangePellets":16,"Cracked Core":0,"Unceasing Top":11},{"Potion Belt":50,"Regal Pillow":30,"Pear":9,"Gremlin Horn":30,"Golden Idol":3,"Mango":58,"Orichalcum":9,"Frozen Egg 2":19,"Medical Kit":34,"FrozenCore":69,"Blood Vial":0,"Calling Bell":30,"Du-Vu Doll":30,"OrangePellets":85,"Cracked Core":0,"Unceasing Top":45}],"Unceasing Top":[3],"FrozenCore":[22]},"card_choices":[{"not_picked":["Tempest","Sweeping Beam"],"picked":"Compile Driver","floor":1.0},{"not_picked":["Hologram","Self Repair"],"picked":"Streamline","floor":5.0},{"not_picked":["Streamline","Hello World","Skim"],"picked":"SKIP","floor":7.0},{"not_picked":["Gash","Heatsinks"],"picked":"FTL","floor":11.0},{"not_picked":["Heatsinks","Reprogram"],"picked":"Chill","floor":12.0},{"not_picked":["Fusion","Streamline","Hologram"],"picked":"SKIP","floor":13.0},{"not_picked":["FTL","Consume","Darkness"],"picked":"SKIP","floor":14.0},{"not_picked":["Thunder Strike","Creative AI+1"],"picked":"Echo Form+1","floor":16},{"not_picked":["Conserve Battery","Hello World+1","Coolheaded"],"picked":"SKIP","floor":18},{"not_picked":["Redo+1","Steam Power+1","Turbo"],"picked":"SKIP","floor":21},{"not_picked":["Skim","Steam"],"picked":"Compile Driver+1","floor":23},{"not_picked":["Reinforced Body","Hello World+1","Storm+1"],"picked":"SKIP","floor":25},{"not_picked":["Streamline","Redo","Rebound"],"picked":"SKIP","floor":30},{"not_picked":["Amplify","Fission"],"picked":"Buffer+1","floor":33},{"not_picked":["Sunder","Steam+1","Cold Snap"],"picked":"SKIP","floor":35},{"not_picked":["Coolheaded","Reprogram"],"picked":"Stack+1","floor":36},{"not_picked":["Sweeping Beam","Cold Snap+1","Self Repair+1"],"picked":"SKIP","floor":39}],"player_experience":650494,"relics_obtained":[{"floor":7.0,"key":"Orichalcum"},{"floor":9.0,"key":"Pear"},{"floor":13.0,"key":"Frozen Egg 2"},{"floor":17,"key":"Regal Pillow"},{"floor":17,"key":"Gremlin Horn"},{"floor":17,"key":"Du-Vu Doll"},{"floor":23,"key":"Unceasing Top"},{"floor":26,"key":"Potion Belt"},{"floor":30,"key":"Mango"}],"event_choices":[{"damage_healed":0.0,"max_hp_gain":0.0,"max_hp_loss":0.0,"gold_gain":75.0,"event_name":"World of Goop","player_choice":"Gather Gold","floor":2.0,"gold_loss":0.0,"damage_taken":11.0},{"damage_healed":0.0,"max_hp_gain":0.0,"max_hp_loss":6.0,"gold_gain":0.0,"event_name":"Golden Idol","player_choice":"Lose Max HP","floor":3.0,"gold_loss":0.0,"damage_taken":0.0,"relics_obtained":["Golden Idol"]},{"damage_healed":0,"gold_gain":0,"player_choice":"Bought 1 Potion","damage_taken":0,"max_hp_gain":0,"max_hp_loss":0,"event_name":"The Woman in Blue","floor":19,"gold_loss":0},{"damage_healed":0,"gold_gain":0,"player_choice":"Read","damage_taken":0,"max_hp_gain":0,"max_hp_loss":0,"event_name":"The Library","floor":22,"gold_loss":0,"cards_obtained":["Genetic Algorithm"]},{"damage_healed":0,"gold_gain":0,"player_choice":"Became a Ghost","damage_taken":0,"max_hp_gain":0,"max_hp_loss":40,"event_name":"Ghosts","floor":28,"gold_loss":0,"cards_obtained":["Ghostly","Ghostly","Ghostly","Ghostly","Ghostly"]},{"damage_healed":0,"gold_gain":99,"player_choice":"Stole From Cult","damage_taken":0,"max_hp_gain":0,"max_hp_loss":0,"event_name":"Nest","floor":31,"gold_loss":0},{"damage_healed":0,"gold_gain":0,"player_choice":"Upgraded","damage_taken":0,"max_hp_gain":0,"max_hp_loss":0,"event_name":"Upgrade Shrine","floor":37,"gold_loss":0,"cards_upgraded":["Ghostly"]}],"is_beta":false,"boss_relics":[{"not_picked":["SlaversCollar","Cursed Key"],"picked":"Calling Bell"},{"not_picked":["Sozu","Velvet Choker"],"picked":"FrozenCore"}],"items_purged_floors":[4,20,38],"is_endless":false,"potions_floor_spawned":[5,13,14,21,30],"killed_by":"Giant Head","ascension_level":11}}