{"host":"rzpi613efy9j52u4","time":1611012716,"event":{"mods":["Aspiration","BaseMod","Colored Powertips","Downfall","Marisa????????","Minty Spire (QoL Compilation)","Rare Cards Sparkle","StSLib"],"gold_per_floor":[99,116,216,246,259,259,259,278,278,310,328,228,245,245,263,362,362,362,373,390,86,35,35,35,20,20,20,20,20],"floor_reached":28,"language":"ENG","playtime":4146,"items_purged":[],"score":241,"play_id":"776b7480-adea-428e-90c2-eff9c7610d46","local_time":"20210118183156","is_ascension_mode":false,"campfire_choices":[{"data":"bronze:Goto","floor":1,"key":"SMITH"},{"data":"bronze:OilSpill","floor":6,"key":"SMITH"},{"floor":12,"key":"REST"},{"data":"bronze:Repulsor","floor":18,"key":"SMITH"},{"floor":27,"key":"REST"}],"circlet_count":0,"master_deck":["bronze:Strike","bronze:Strike","bronze:Strike","bronze:Defend","bronze:Defend","bronze:Defend","bronze:Defend","bronze:Goto+1","bronze:WildBeam","bronze:OilSpill+1","bronze:ClassDefault","bronze:Branch","bronze:Repulsor+1","Iron Wave","bronze:Flail","bronze:BurnOut","bronze:ForLoop","bronze:OilSpill+1","bronze:HardenedForm","bronze:Overheat+1","bronze:Backtrace","bronze:Shield","Crippling Poison","PiercingWail","Dagger Throw"],"relics":["bronze:BronzeCore","downfall:HeartBlessingBlue","Black Star","Toolbox","downfall:RedIOU","Girya"],"acts_visited":["Exordium","TheCity"],"potions_floor_usage":[10,10,16,16,16,20,20],"damage_taken":[{"damage":8,"enemies":"2 Louse","floor":2,"turns":3},{"damage":6,"enemies":"Jaw Worm","floor":5,"turns":2},{"damage":0,"enemies":"Cultist","floor":8,"turns":2},{"damage":33,"enemies":"3 Sentries","floor":10,"turns":8},{"damage":14,"enemies":"Lots of Slimes","floor":11,"turns":4},{"damage":0,"enemies":"Large Slime","floor":13,"turns":3},{"damage":0,"enemies":"Blue Slaver","floor":15,"turns":4},{"damage":43,"enemies":"WA_ARCHETYPE_RETAIN","floor":16,"turns":7},{"damage":16,"enemies":"3 Byrds","floor":19,"turns":6},{"damage":44,"enemies":"Shelled Parasite and Fungi","floor":20,"turns":9},{"damage":0,"enemies":"downfall:FleeingMerchant","floor":21,"turns":4},{"damage":15,"enemies":"downfall:FleeingMerchant","floor":22,"turns":4},{"damage":7,"enemies":"downfall:FleeingMerchant","floor":25,"turns":4},{"damage":17,"enemies":"Centurion and Healer","floor":28,"turns":5}],"seed_played":"-2065770074471449525","potions_obtained":[{"floor":2,"key":"Dexterity Potion"},{"floor":9,"key":"champ:CounterPotion"},{"floor":9,"key":"Swift Potion"},{"floor":10,"key":"CultistPotion"},{"floor":15,"key":"Weak Potion"},{"floor":16,"key":"PowerPotion"},{"floor":19,"key":"Block Potion"}],"is_trial":false,"path_per_floor":["R","M","?","?","M","R","T","M","?","E","M","R","M","?","M","B",null,"R","M","M","$","$","?","T","$","?","R","M"],"character_chosen":"THE_AUTOMATON","items_purchased":["Toolbox","bronze:HardenedForm","bronze:Backtrace"],"campfire_rested":2,"item_purchase_floors":[21,21,22],"current_hp_per_floor":[77,69,69,69,63,63,63,63,63,30,16,52,52,52,52,9,87,87,71,27,27,12,12,12,5,5,31,14,14],"gold":20,"neow_bonus":"TEN_PERCENT_HP_BONUS","is_daily":false,"chose_seed":false,"campfire_upgraded":3,"win_rate":0.0,"timestamp":1611012716,"path_taken":["R","M","?","?","M","R","T","M","?","E","M","R","?","?","M","BOSS","R","M","M","?","$","?","T","$","?","R","M"],"items_purchased_type":["Relic","Card","Card"],"build_version":"2020-12-13","purchased_purges":0,"victory":false,"max_hp_per_floor":[77,77,77,77,77,77,77,77,77,77,77,87,87,87,87,87,87,87,87,87,87,87,87,87,87,87,87,87,87],"card_choices":[{"not_picked":["bronze:Optimize","bronze:WhirlingStrike"],"picked":"bronze:WildBeam","floor":2},{"not_picked":["bronze:DelayedSlice","bronze:Iterate"],"picked":"bronze:OilSpill","floor":5},{"not_picked":["bronze:OilSpill","bronze:Shield"],"picked":"bronze:Turbo","floor":8},{"not_picked":["bronze:ChosenStrike","bronze:NullPointer"],"picked":"bronze:ClassDefault","floor":10},{"not_picked":["bronze:ItsAFeature","bronze:DarkDash"],"picked":"bronze:Branch","floor":11},{"not_picked":["bronze:Turbo","bronze:ChosenStrike"],"picked":"bronze:Repulsor","floor":13},{"not_picked":["bronze:Allocate","bronze:WildBeam"],"picked":"bronze:Flail","floor":15},{"not_picked":["bronze:ThunderWave","bronze:Assembly"],"picked":"bronze:BurnOut","floor":16},{"not_picked":["bronze:CutThrough","bronze:OilSpill"],"picked":"bronze:DelayedGuard","floor":19},{"not_picked":["bronze:DelayedSlice","bronze:Backtrace"],"picked":"bronze:ForLoop","floor":20},{"not_picked":["bronze:Invalidate","bronze:ClassDefault+1"],"picked":"bronze:OilSpill+1","floor":21},{"not_picked":["bronze:Deprecate","bronze:Return+1"],"picked":"bronze:Overheat+1","floor":22},{"not_picked":["bronze:Iterate","bronze:WildBeam"],"picked":"bronze:Shield","floor":25}],"player_experience":30422,"relics_obtained":[{"floor":10,"key":"Oddly Smooth Stone"},{"floor":24,"key":"Girya"}],"event_choices":[{"damage_healed":0,"gold_gain":0,"player_choice":"Got Potions","damage_taken":0,"max_hp_gain":0,"max_hp_loss":0,"event_name":"Lab","floor":9,"gold_loss":0},{"cards_removed":["bronze:Strike"],"damage_healed":0,"gold_gain":0,"player_choice":"Took Card","damage_taken":0,"max_hp_gain":0,"max_hp_loss":0,"event_name":"NoteForYourself","floor":14,"gold_loss":0,"cards_obtained":["Iron Wave"]}],"is_beta":false,"boss_relics":[{"not_picked":["Busted Crown","Velvet Choker"],"picked":"Black Star"}],"items_purged_floors":[],"is_endless":false,"potions_floor_spawned":[2,10,15,16,19],"killed_by":"Centurion and Healer","ascension_level":0}}