{"host":"dvpvhz1t6etneyb3","time":1611007295,"event":{"mods":["AchievementEnabler","BaseMod","Colored Map","Highlight Path","Minty Spire (QoL Compilation)","Permanent Neow","Quick Restart"],"gold_per_floor":[115,130,26,0,18,47,47,75,75,85,103,136,136,153,153,153,153],"floor_reached":16,"language":"ENG","playtime":692,"items_purged":[],"score":244,"play_id":"81ce3f67-af38-4d5c-ae0b-1474141e4396","local_time":"20210118170135","is_ascension_mode":true,"campfire_choices":[{"floor":7.0,"key":"REST"},{"floor":13.0,"key":"REST"},{"data":"Bash","floor":15,"key":"SMITH"}],"circlet_count":0,"master_deck":["AscendersBane","Strike_R","Strike_R","Strike_R","Strike_R","Strike_R","Defend_R","Defend_R","Defend_R","Defend_R","Bash+1","Fiend Fire","Carnage","Fire Breathing","Evolve","Shrug It Off","Battle Trance","Offering","Reaper","Spot Weakness"],"relics":["Burning Blood","Darkstone Periapt","Juzu Bracelet","Singing Bowl","Unceasing Top"],"acts_visited":["Exordium"],"potions_floor_usage":[14],"damage_taken":[{"damage":1.0,"enemies":"Cultist","floor":1.0,"turns":3.0},{"damage":0.0,"enemies":"2 Louse","floor":2.0,"turns":2.0},{"damage":2.0,"enemies":"Jaw Worm","floor":5.0,"turns":3.0},{"damage":58.0,"enemies":"Lagavulin","floor":6.0,"turns":10.0},{"damage":31.0,"enemies":"3 Sentries","floor":8.0,"turns":4.0},{"damage":12.0,"enemies":"Exordium Thugs","floor":10.0,"turns":3.0},{"damage":9.0,"enemies":"Exordium Wildlife","floor":11.0,"turns":6.0},{"damage":41.0,"enemies":"Lagavulin","floor":12.0,"turns":6.0},{"damage":12,"enemies":"2 Fungi Beasts","floor":14,"turns":3},{"damage":31,"enemies":"The Guardian","floor":16,"turns":10}],"seed_played":"-2511354593381423420","potions_obtained":[{"floor":1.0,"key":"ColorlessPotion"},{"floor":2.0,"key":"BloodPotion"},{"floor":11.0,"key":"LiquidMemories"},{"floor":12.0,"key":"Strength Potion"}],"is_trial":false,"path_per_floor":["M","M","$","?","M","E","R","E","T","M","M","E","R","M","R","B"],"character_chosen":"IRONCLAD","items_purchased":["Evolve","Shrug It Off"],"campfire_rested":2,"item_purchase_floors":[3,3],"current_hp_per_floor":[68,68,68,68,68,16,36,11,11,15,22,7,28,30,30,0,0],"gold":153,"neow_bonus":"THREE_RARE_CARDS","is_daily":false,"chose_seed":false,"campfire_upgraded":1,"win_rate":0.0,"timestamp":1611007295,"path_taken":["M","M","?","?","M","E","R","E","T","M","M","E","R","M","R","BOSS"],"items_purchased_type":["Card","Card"],"build_version":"2020-12-22","purchased_purges":0,"victory":false,"max_hp_per_floor":[68,68,68,68,68,68,68,68,68,70,72,72,72,74,74,74,74],"card_choices":[{"not_picked":["Reaper","Impervious"],"picked":"Fiend Fire","floor":0.0},{"not_picked":["Shrug It Off","Combust"],"picked":"Carnage","floor":1.0},{"not_picked":["Sword Boomerang","Second Wind"],"picked":"Fire Breathing","floor":2.0},{"not_picked":["Twin Strike","Uppercut"],"picked":"Battle Trance","floor":5.0},{"not_picked":["Shockwave","Warcry"],"picked":"Offering","floor":6.0},{"not_picked":["Perfected Strike","Havoc"],"picked":"Reaper","floor":8.0},{"not_picked":["Twin Strike","Flame Barrier","Sentinel"],"picked":"Singing Bowl","floor":10.0},{"not_picked":["Anger","Rampage","Ghostly Armor"],"picked":"Singing Bowl","floor":11.0},{"not_picked":["Sentinel","Clothesline"],"picked":"Spot Weakness","floor":12.0},{"not_picked":["Havoc","Body Slam","Pommel Strike"],"picked":"Singing Bowl","floor":14}],"player_experience":2045030,"relics_obtained":[{"floor":6.0,"key":"Darkstone Periapt"},{"floor":8.0,"key":"Juzu Bracelet"},{"floor":9.0,"key":"Singing Bowl"},{"floor":12.0,"key":"Unceasing Top"}],"event_choices":[{"damage_healed":0.0,"max_hp_gain":0.0,"max_hp_loss":0.0,"gold_gain":0.0,"event_name":"World of Goop","player_choice":"Left Gold","floor":4.0,"gold_loss":26.0,"damage_taken":0.0}],"is_beta":false,"boss_relics":[],"items_purged_floors":[],"is_endless":false,"potions_floor_spawned":[1,2,11,12],"killed_by":"The Guardian","ascension_level":20}}