{"host":"Qube","time":1611010434,"event":{"mods":["AchievementEnabler","BaseMod","Colored Map","Colored Powertips","Highlight Path","Minty Spire (QoL Compilation)","Permanent Neow","Quick Restart","Random Character Button","StSLib"],"gold_per_floor":[111,111,122,138,24,24,24,44,44,69,79,59,59,93,93,169,169,182,22,22,39,53,53,79,94,119,129,129,129,158,158,158,234,234,248,248,261,161,179,179,199,234,234,234,268,48,48,75,75,75,75,75],"floor_reached":51,"language":"ENG","playtime":2602,"items_purged":["Pain","Strike_R+1"],"score":1520,"play_id":"b74ff209-e8c1-4c82-88c6-b540ef54384e","local_time":"20210118145354","is_ascension_mode":true,"campfire_choices":[{"data":"Shockwave","floor":6.0,"key":"SMITH"},{"data":"Fiend Fire","floor":13.0,"key":"SMITH"},{"data":"True Grit","floor":15.0,"key":"SMITH"},{"floor":23.0,"key":"REST"},{"data":"Corruption","floor":29.0,"key":"SMITH"},{"data":"Armaments","floor":32.0,"key":"SMITH"},{"data":"Barricade","floor":40.0,"key":"SMITH"},{"data":"Battle Trance","floor":44.0,"key":"SMITH"},{"data":"Second Wind","floor":49.0,"key":"SMITH"}],"circlet_count":0,"master_deck":["AscendersBane","Strike_R+1","Strike_R+1","Strike_R+1","Strike_R+1","Defend_R+1","Defend_R+1","Defend_R+1","Defend_R+1","Bash","Pommel Strike","Burning Pact","Shockwave+1","Spot Weakness","Fiend Fire+1","Sever Soul","True Grit+1","Second Wind+1","Pummel","Corruption+1","Entrench","Battle Trance+1","Armaments+1","Bloodletting+1","Barricade+1","Entrench","Exhume"],"relics":["Mark of Pain","WarpedTongs","White Beast Statue","Eternal Feather","Regal Pillow","SacredBark","Medical Kit","FaceOfCleric","Ancient Tea Set","PreservedInsect","MealTicket","Snecko Eye","Darkstone Periapt","Letter Opener","Sundial","Strange Spoon","Bottled Lightning"],"acts_visited":["Exordium","TheCity","TheBeyond"],"potions_floor_usage":[],"damage_taken":[{"damage":7.0,"enemies":"Small Slimes","floor":1.0,"turns":3.0},{"damage":3.0,"enemies":"Cultist","floor":3.0,"turns":3.0},{"damage":11.0,"enemies":"2 Louse","floor":4.0,"turns":3.0},{"damage":10.0,"enemies":"Red Slaver","floor":8.0,"turns":2.0},{"damage":1.0,"enemies":"Lagavulin","floor":10.0,"turns":4.0},{"damage":0.0,"enemies":"2 Fungi Beasts","floor":11.0,"turns":4.0},{"damage":8.0,"enemies":"Gremlin Nob","floor":14.0,"turns":3.0},{"damage":23.0,"enemies":"Hexaghost","floor":16.0,"turns":7.0},{"damage":11.0,"enemies":"Spheric Guardian","floor":18.0,"turns":3.0},{"damage":18.0,"enemies":"Chosen","floor":21.0,"turns":5.0},{"damage":6.0,"enemies":"3 Cultists","floor":22.0,"turns":5.0},{"damage":72.0,"enemies":"Book of Stabbing","floor":24.0,"turns":7.0},{"damage":0.0,"enemies":"Snake Plant","floor":25.0,"turns":1.0},{"damage":4.0,"enemies":"Centurion and Healer","floor":27.0,"turns":6.0},{"damage":2.0,"enemies":"Slavers","floor":30.0,"turns":2.0},{"damage":58.0,"enemies":"Champ","floor":33.0,"turns":15.0},{"damage":1.0,"enemies":"3 Shapes","floor":35.0,"turns":5.0},{"damage":0.0,"enemies":"Orb Walker","floor":37.0,"turns":4.0},{"damage":31.0,"enemies":"3 Darklings","floor":39.0,"turns":3.0},{"damage":13.0,"enemies":"Sphere and 2 Shapes","floor":41.0,"turns":6.0},{"damage":0.0,"enemies":"Nemesis","floor":42.0,"turns":7.0},{"damage":1.0,"enemies":"Reptomancer","floor":45.0,"turns":6.0},{"damage":0.0,"enemies":"Writhing Mass","floor":47.0,"turns":1.0},{"damage":14.0,"enemies":"Nemesis","floor":48.0,"turns":9.0},{"damage":62.0,"enemies":"Awakened One","floor":50.0,"turns":13.0},{"damage":39,"enemies":"Donu and Deca","floor":51,"turns":2}],"seed_played":"3509938231314969841","potions_obtained":[{"floor":3.0,"key":"Weak Potion"},{"floor":8.0,"key":"Dexterity Potion"},{"floor":10.0,"key":"EntropicBrew"},{"floor":11.0,"key":"Ancient Potion"},{"floor":12.0,"key":"DuplicationPotion"},{"floor":18.0,"key":"BlessingOfTheForge"},{"floor":21.0,"key":"AttackPotion"},{"floor":22.0,"key":"Regen Potion"},{"floor":24.0,"key":"Strength Potion"},{"floor":25.0,"key":"HeartOfIron"},{"floor":27.0,"key":"AttackPotion"},{"floor":30.0,"key":"HeartOfIron"},{"floor":33.0,"key":"AttackPotion"},{"floor":35.0,"key":"GamblersBrew"},{"floor":39.0,"key":"SneckoOil"},{"floor":41.0,"key":"AttackPotion"},{"floor":42.0,"key":"SkillPotion"},{"floor":45.0,"key":"SmokeBomb"},{"floor":48.0,"key":"SteroidPotion"}],"is_trial":false,"path_per_floor":["M","?","M","M","$","R","?","M","T","E","M","?","R","E","R","B",null,"M","$","?","M","M","R","E","M","T","M","?","R","E","?","R","B",null,"M","?","M","$","M","R","M","E","T","R","E","$","M","E","R","B","B"],"character_chosen":"IRONCLAD","items_purchased":["Spot Weakness","Medical Kit","Strange Spoon","Energy Potion"],"campfire_rested":1,"item_purchase_floors":[5,19,46,46],"current_hp_per_floor":[61,61,58,47,47,47,47,37,37,36,36,36,45,37,49,26,63,52,52,52,35,30,77,6,7,7,44,44,56,55,55,70,13,65,65,65,66,81,51,66,54,55,55,70,70,85,86,73,88,27,0,0],"gold":75,"neow_bonus":"BOSS_RELIC","is_daily":false,"chose_seed":false,"campfire_upgraded":8,"win_rate":0.0,"timestamp":1611010434,"path_taken":["M","?","M","?","$","R","?","M","T","E","?","?","R","E","R","BOSS","M","?","?","?","M","R","E","M","T","M","?","R","E","?","R","BOSS","M","?","M","$","M","R","M","E","T","R","E","$","M","E","R","BOSS","BOSS"],"items_purchased_type":["Card","Relic","Relic","Potion"],"build_version":"2020-12-18","purchased_purges":2,"victory":false,"max_hp_per_floor":[75,75,75,75,75,75,75,75,75,75,75,75,75,75,75,75,75,75,75,75,76,77,77,78,79,79,80,80,80,81,81,81,82,82,83,83,84,84,85,85,86,87,87,87,88,88,89,90,90,91,91,91],"card_choices":[{"not_picked":["Havoc","Sword Boomerang"],"picked":"Pommel Strike","floor":1.0},{"not_picked":["Warcry","Rage"],"picked":"Burning Pact","floor":3.0},{"not_picked":["Rage","Ghostly Armor"],"picked":"Shockwave","floor":4.0},{"not_picked":["Perfected Strike","Entrench"],"picked":"Sever Soul","floor":8.0},{"not_picked":["Disarm","Heavy Blade"],"picked":"True Grit","floor":10.0},{"not_picked":["Juggernaut","Armaments"],"picked":"Second Wind","floor":11.0},{"not_picked":["Dark Embrace","Whirlwind"],"picked":"Pummel","floor":14.0},{"not_picked":["Exhume","Feed"],"picked":"Corruption","floor":16.0},{"not_picked":["Twin Strike","Evolve","Anger"],"picked":"SKIP","floor":18.0},{"not_picked":["Burning Pact+1","Reckless Charge"],"picked":"Entrench","floor":21.0},{"not_picked":["Spot Weakness","Infernal Blade","Reckless Charge+1"],"picked":"SKIP","floor":22.0},{"not_picked":["Body Slam","Iron Wave"],"picked":"Battle Trance","floor":24.0},{"not_picked":["Anger","Heavy Blade","Thunderclap"],"picked":"SKIP","floor":25.0},{"not_picked":["Havoc","Pummel"],"picked":"Armaments","floor":27.0},{"not_picked":["Flex","Carnage"],"picked":"Bloodletting+1","floor":30.0},{"not_picked":["Berserk","Juggernaut"],"picked":"Barricade","floor":33.0},{"not_picked":["Carnage+1","Armaments"],"picked":"Entrench","floor":35.0},{"not_picked":["Havoc+1","True Grit","Perfected Strike"],"picked":"SKIP","floor":37.0},{"not_picked":["Entrench+1","Cleave","Clothesline+1"],"picked":"SKIP","floor":39.0},{"not_picked":["Anger","Corruption","Metallicize"],"picked":"SKIP","floor":41.0},{"not_picked":["Reckless Charge+1","Sword Boomerang"],"picked":"Exhume","floor":42.0},{"not_picked":["Evolve","Dual Wield","Thunderclap"],"picked":"SKIP","floor":45.0},{"not_picked":["Iron Wave","Sword Boomerang","Thunderclap"],"picked":"SKIP","floor":48.0}],"player_experience":926577,"relics_obtained":[{"floor":9.0,"key":"White Beast Statue"},{"floor":10.0,"key":"Eternal Feather"},{"floor":14.0,"key":"Regal Pillow"},{"floor":24.0,"key":"Ancient Tea Set"},{"floor":26.0,"key":"PreservedInsect"},{"floor":30.0,"key":"MealTicket"},{"floor":42.0,"key":"Darkstone Periapt"},{"floor":43.0,"key":"Letter Opener"},{"floor":45.0,"key":"Sundial"},{"floor":48.0,"key":"Bottled Lightning"}],"event_choices":[{"damage_healed":0.0,"max_hp_gain":0.0,"max_hp_loss":0.0,"gold_gain":0.0,"event_name":"Accursed Blacksmith","player_choice":"Rummage","floor":2.0,"gold_loss":0.0,"damage_taken":0.0,"relics_obtained":["WarpedTongs"],"cards_obtained":["Pain"]},{"damage_healed":0.0,"max_hp_gain":0.0,"max_hp_loss":0.0,"gold_gain":0.0,"event_name":"Match and Keep!","player_choice":"1 cards matched","floor":7.0,"gold_loss":0.0,"damage_taken":0.0,"cards_obtained":["Fiend Fire"]},{"damage_healed":0.0,"max_hp_gain":0.0,"max_hp_loss":0.0,"gold_gain":0.0,"event_name":"The Woman in Blue","player_choice":"Bought 1 Potion","floor":12.0,"gold_loss":0.0,"damage_taken":0.0},{"damage_healed":0.0,"max_hp_gain":0.0,"max_hp_loss":0.0,"gold_gain":0.0,"event_name":"FaceTrader","player_choice":"Trade","floor":20.0,"gold_loss":0.0,"damage_taken":0.0,"relics_obtained":["FaceOfCleric"]},{"damage_healed":0.0,"max_hp_gain":0.0,"max_hp_loss":0.0,"gold_gain":0.0,"event_name":"Back to Basics","player_choice":"Simplicity","floor":28.0,"gold_loss":0.0,"damage_taken":0.0,"cards_upgraded":["Strike_R","Strike_R","Strike_R","Strike_R","Strike_R","Defend_R","Defend_R","Defend_R","Defend_R"]},{"damage_healed":0.0,"max_hp_gain":0.0,"max_hp_loss":0.0,"gold_gain":0.0,"event_name":"Ghosts","player_choice":"Ignored","floor":31.0,"gold_loss":0.0,"damage_taken":0.0},{"damage_healed":0.0,"max_hp_gain":0.0,"max_hp_loss":0.0,"gold_gain":0.0,"event_name":"Tomb of Lord Red Mask","player_choice":"Ignored","floor":36.0,"gold_loss":0.0,"damage_taken":0.0}],"is_beta":true,"boss_relics":[{"not_picked":["Pandora\u0027s Box","Busted Crown"],"picked":"SacredBark"},{"not_picked":["Black Star","Coffee Dripper"],"picked":"Snecko Eye"}],"items_purged_floors":[5,38],"is_endless":false,"potions_floor_spawned":[3,8,10,11,14,16,18,21,22,24,25,27,30,33,35,37,39,41,42,45,47,48],"killed_by":"Donu and Deca","ascension_level":20}}