{"host":"ydg0vn0pu4pubmdt","time":1611006640,"event":{"mods":["AchievementEnabler","BaseMod","Colored Map","Gold Saver","Minty Spire (QoL Compilation)","Quick Restart","SuperFastMode"],"gold_per_floor":[114,39,54,54,129,167,167,167,167,67,92,92,92,111,111,236,236,255,269,294,19,19,57,417,117,117,117,117,216,216,66,66,66,66],"floor_reached":33,"language":"KOR","playtime":521,"items_purged":["True Grit","Wild Strike","Flex"],"score":253,"play_id":"0b8e05dc-a414-4ceb-b460-be06fbd724b2","local_time":"20210119065040","daily_mods":["Draft","Flight","Lethality"],"is_ascension_mode":false,"campfire_choices":[{"data":"Bloodletting","floor":7,"key":"SMITH"},{"data":"Body Slam","floor":8,"key":"SMITH"},{"data":"Metallicize","floor":12,"key":"SMITH"},{"data":"Hemokinesis","floor":13,"key":"SMITH"},{"data":"Battle Trance","floor":15,"key":"SMITH"},{"floor":27,"key":"REST"},{"floor":32,"key":"REST"}],"circlet_count":0,"master_deck":["Rampage","Metallicize+1","Hemokinesis+1","Armaments","Hemokinesis","Cleave","Wild Strike","Thunderclap","Feel No Pain","Clothesline","Anger","Bloodletting+1","Body Slam+1","Battle Trance+1","Impervious","Fire Breathing","Infernal Blade+1","Hemokinesis+1","Seeing Red"],"relics":["Burning Blood","Bloody Idol","Juzu Bracelet","Tiny Chest","Boot","Runic Dome","Red Mask","Omamori","Orrery","Happy Flower","Bird Faced Urn","Ice Cream","Darkstone Periapt","HornCleat","Medical Kit"],"acts_visited":["Exordium","TheCity"],"potions_floor_usage":[],"damage_taken":[{"damage":4,"enemies":"Cultist","floor":1,"turns":2},{"damage":0,"enemies":"2 Louse","floor":3,"turns":1},{"damage":33,"enemies":"Lagavulin","floor":6,"turns":4},{"damage":1,"enemies":"Small Slimes","floor":14,"turns":2},{"damage":26,"enemies":"Slime Boss","floor":16,"turns":5},{"damage":15,"enemies":"2 Thieves","floor":18,"turns":3},{"damage":13,"enemies":"Masked Bandits","floor":19,"turns":2},{"damage":22,"enemies":"Book of Stabbing","floor":23,"turns":3},{"damage":68,"enemies":"Champ","floor":33,"turns":6}],"seed_played":"-1283480827410872575","potions_obtained":[{"floor":1,"key":"Energy Potion"},{"floor":3,"key":"LiquidBronze"},{"floor":6,"key":"HeartOfIron"}],"is_trial":false,"path_per_floor":["M","$","M","?","?","E","R","R","T","$","T","R","R","M","R","B",null,"M","?","T","$","?","E","?","$","T","R","T","?","?","$","R","B"],"character_chosen":"IRONCLAD","items_purchased":["Orrery","Ice Cream","Medical Kit"],"campfire_rested":2,"item_purchase_floors":[21,25,31],"current_hp_per_floor":[80,80,80,60,49,22,22,22,22,22,22,22,22,27,27,7,80,71,64,64,64,64,48,12,12,12,36,36,36,36,36,60,0,0],"gold":66,"neow_bonus":"","is_daily":true,"chose_seed":false,"campfire_upgraded":5,"win_rate":0.0,"timestamp":1611006640,"path_taken":["M","$","?","?","?","E","R","R","T","?","?","R","R","M","R","BOSS","M","?","?","$","?","E","?","?","T","R","?","?","?","$","R","BOSS"],"items_purchased_type":["Relic","Relic","Relic"],"build_version":"2020-12-22","purchased_purges":3,"victory":false,"max_hp_per_floor":[80,80,80,80,80,80,80,80,80,80,80,80,80,80,80,80,80,80,80,80,80,80,80,80,80,80,80,80,80,80,80,80,80,80],"card_choices":[{"not_picked":["Second Wind","True Grit"],"picked":"Rampage","floor":0.0},{"not_picked":["Cleave","Feel No Pain"],"picked":"Metallicize","floor":0.0},{"not_picked":["Flex","Anger"],"picked":"Hemokinesis","floor":0.0},{"not_picked":["Twin Strike","Clash"],"picked":"Armaments","floor":0.0},{"not_picked":["Sword Boomerang","Armaments"],"picked":"Hemokinesis","floor":0.0},{"not_picked":["Inflame","Sentinel"],"picked":"Cleave","floor":0.0},{"not_picked":["Iron Wave","Entrench"],"picked":"Wild Strike","floor":0.0},{"not_picked":["Heavy Blade","Cleave"],"picked":"True Grit","floor":0.0},{"not_picked":["Dual Wield","Cleave"],"picked":"Thunderclap","floor":0.0},{"not_picked":["Dropkick","Armaments"],"picked":"Flex","floor":0.0},{"not_picked":["True Grit","Anger"],"picked":"Feel No Pain","floor":0.0},{"not_picked":["Sentinel","Anger"],"picked":"Clothesline","floor":0.0},{"not_picked":["Armaments","True Grit"],"picked":"Anger","floor":0.0},{"not_picked":["Armaments","Flex"],"picked":"Wild Strike","floor":0.0},{"not_picked":["Warcry","Shrug It Off"],"picked":"Bloodletting","floor":0.0},{"not_picked":["True Grit","Cleave"],"picked":"Body Slam","floor":1},{"not_picked":["Reckless Charge","Clash","Cleave"],"picked":"SKIP","floor":3},{"not_picked":["Limit Break","Havoc","Heavy Blade"],"picked":"SKIP","floor":6},{"not_picked":["Wild Strike","Warcry"],"picked":"Battle Trance","floor":14},{"not_picked":["Demon Form","Brutality"],"picked":"Impervious","floor":16},{"not_picked":["Iron Wave","Clash"],"picked":"Fire Breathing","floor":18},{"not_picked":["Body Slam","Ghostly Armor"],"picked":"Infernal Blade+1","floor":21},{"not_picked":["Armaments","Pommel Strike"],"picked":"Hemokinesis+1","floor":21},{"not_picked":["Bludgeon","Clash"],"picked":"Seeing Red","floor":23}],"player_experience":482266,"relics_obtained":[{"floor":6,"key":"Juzu Bracelet"},{"floor":9,"key":"Tiny Chest"},{"floor":11,"key":"Boot"},{"floor":19,"key":"Red Mask"},{"floor":20,"key":"Omamori"},{"floor":23,"key":"Bird Faced Urn"},{"floor":26,"key":"Darkstone Periapt"},{"floor":28,"key":"HornCleat"}],"event_choices":[{"damage_healed":0,"gold_gain":0,"player_choice":"Take Damage","damage_taken":20,"relics_obtained":["Golden Idol"],"max_hp_gain":0,"max_hp_loss":0,"event_name":"Golden Idol","floor":4,"gold_loss":0},{"damage_healed":0,"gold_gain":75,"player_choice":"Gather Gold","damage_taken":11,"max_hp_gain":0,"max_hp_loss":0,"event_name":"World of Goop","floor":5,"gold_loss":0},{"damage_healed":0,"gold_gain":0,"player_choice":"Fought Bandits","damage_taken":0,"max_hp_gain":0,"max_hp_loss":0,"event_name":"Masked Bandits","floor":19,"gold_loss":0},{"damage_healed":0,"gold_gain":0,"player_choice":"Opened","damage_taken":0,"relics_obtained":["Happy Flower"],"max_hp_gain":0,"max_hp_loss":0,"event_name":"The Mausoleum","floor":22,"gold_loss":0},{"damage_healed":0,"gold_gain":360,"player_choice":"GOLD GOLD GOLD GOLD ","damage_taken":36,"max_hp_gain":0,"max_hp_loss":0,"event_name":"Knowing Skull","floor":24,"potions_obtained":[],"gold_loss":0,"cards_obtained":[]},{"damage_healed":0,"gold_gain":99,"player_choice":"Stole From Cult","damage_taken":0,"max_hp_gain":0,"max_hp_loss":0,"event_name":"Nest","floor":29,"gold_loss":0},{"damage_healed":0,"gold_gain":0,"player_choice":"Gave Idol","damage_taken":0,"relics_obtained":["Bloody Idol"],"max_hp_gain":0,"max_hp_loss":0,"event_name":"Forgotten Altar","floor":30,"relics_lost":["Golden Idol"],"gold_loss":0}],"is_beta":false,"boss_relics":[{"not_picked":["Sozu","Mark of Pain"],"picked":"Runic Dome"}],"items_purged_floors":[2,10,21],"is_endless":false,"potions_floor_spawned":[1,3,6,23],"killed_by":"Champ","ascension_level":0}}