{"host":"55frs1flqhuyvvn7","time":1611013461,"event":{"mods":["Act Like it!","Aspiration","BaseMod","BetterRewards","Colored Map","Colored Powertips","DeckTracker","Downfall","Hallownest","Hermit","Highlight Path","Hubris","Infinite Spire","Jorbs\u0027s Wanderer Trilogy","Marisa????????","Minty Spire (QoL Compilation)","Quick Restart","Random Character Button","Rare Cards Sparkle","Relic Sorter","StSLib","Synergy Search","The Bug Knight","The Construct","The Cursed","The Disciple","The Hierophant","The Jungle","The Necromancer","The Runesmith","The Servant 0.9.4"],"gold_per_floor":[116,129,147,159,170,197,197,211,211,221,235,235,249,260,260,260,260],"floor_reached":16,"language":"ENG","playtime":1260,"items_purged":[],"score":110,"play_id":"ba375f22-3e34-445b-8ef1-418e08fc844f","local_time":"20210119004421","is_ascension_mode":false,"campfire_choices":[{"floor":7,"key":"REST"},{"floor":15,"key":"REST"}],"circlet_count":0,"master_deck":["hermit:Strike_Hermit","hermit:Strike_Hermit","hermit:Strike_Hermit","hermit:Strike_Hermit","hermit:Defend_Hermit","hermit:Defend_Hermit","hermit:Defend_Hermit","hermit:Defend_Hermit","hermit:Snapshot","hermit:Covet","hermit:GoldenBullet","hermit:ItchyTrigger","hermit:LoneWolf","hermit:FullyLoaded","hermit:Ricochet","hermit:LuckOfTheDraw","hermit:HighCaliber","hermit:Misfire","hermit:ItchyTrigger","hermit:CursedWeapon","hermit:Vantage"],"relics":["hermit:Momento","infinitespire:CursedDice","hubris:Potato"],"acts_visited":["Exordium"],"potions_floor_usage":[4,13],"damage_taken":[{"damage":4,"enemies":"Cultist","floor":1,"turns":4},{"damage":10,"enemies":"Small Slimes","floor":2,"turns":2},{"damage":0,"enemies":"2 Louse","floor":3,"turns":2},{"damage":0,"enemies":"Looter","floor":4,"turns":4},{"damage":13,"enemies":"2 Fungi Beasts","floor":5,"turns":3},{"damage":44,"enemies":"Lagavulin","floor":6,"turns":7},{"damage":13,"enemies":"Blue Slaver","floor":8,"turns":5},{"damage":0,"enemies":"Gremlin Gang","floor":10,"turns":3},{"damage":8,"enemies":"Lots of Slimes","floor":11,"turns":2},{"damage":0,"enemies":"2 Fungi Beasts","floor":13,"turns":2},{"damage":9,"enemies":"Blue Slaver","floor":14,"turns":3},{"damage":53,"enemies":"Hexaghost","floor":16,"turns":13}],"seed_played":"5536234471732763715","potions_obtained":[{"floor":3,"key":"AttackPotion"},{"floor":10,"key":"SmokeBomb"},{"floor":11,"key":"Explosive Potion"},{"floor":14,"key":"Ancient Potion"}],"is_trial":false,"path_per_floor":["M","M","M","M","M","E","R","M","T","M","M","?","M","M","R","B"],"character_chosen":"HERMIT","items_purchased":[],"campfire_rested":2,"item_purchase_floors":[],"current_hp_per_floor":[78,68,68,68,55,11,35,22,22,22,14,38,38,29,53,0,0],"gold":260,"neow_bonus":"TEN_PERCENT_HP_BONUS","is_daily":false,"chose_seed":false,"campfire_upgraded":0,"win_rate":0.0,"timestamp":1611013461,"path_taken":["M","?","M","M","M","E","R","?","T","?","M","?","M","M","R","BOSS"],"items_purchased_type":[],"build_version":"2020-12-22","purchased_purges":0,"victory":false,"max_hp_per_floor":[82,82,82,82,82,82,82,82,82,82,82,82,82,82,82,82,82],"card_choices":[{"not_picked":["hermit:Glare","hermit:PistolWhip"],"picked":"hermit:GoldenBullet","floor":1},{"not_picked":["hermit:Maintenance","hermit:Virtue"],"picked":"hermit:ItchyTrigger","floor":2},{"not_picked":["hermit:Scavenge","hermit:Feint"],"picked":"hermit:LoneWolf","floor":3},{"not_picked":["hermit:TakeAim","hermit:Feint"],"picked":"hermit:FullyLoaded","floor":4},{"not_picked":["hermit:HoleUp","hermit:Dive"],"picked":"hermit:Ricochet","floor":5},{"not_picked":["hermit:GoldenBullet","hermit:LoneWolf"],"picked":"hermit:LuckOfTheDraw","floor":6},{"not_picked":["hermit:Ricochet","hermit:CalledShot"],"picked":"hermit:HighCaliber","floor":8},{"not_picked":["hermit:Scavenge","hermit:Roulette"],"picked":"hermit:Misfire","floor":10},{"not_picked":["hermit:Quickdraw","hermit:Headshot"],"picked":"hermit:ItchyTrigger","floor":11},{"not_picked":["hermit:Enervate","hermit:Manifest"],"picked":"hermit:CursedWeapon","floor":13},{"not_picked":["hermit:Desperado","hermit:LuckOfTheDraw"],"picked":"hermit:Vantage","floor":14}],"player_experience":110528,"relics_obtained":[{"floor":6,"key":"infinitespire:CursedDice"},{"floor":9,"key":"hubris:Potato"}],"event_choices":[],"is_beta":false,"boss_relics":[],"items_purged_floors":[],"is_endless":false,"potions_floor_spawned":[3,10,11,14],"killed_by":"Hexaghost","ascension_level":0}}