{"host":"n264v15x7h51zqzc","time":1611007509,"event":{"mods":["AchievementEnabler","BaseMod","BetterRewards","Colored Powertips","Hermit","Hubris","Infinite Spire","Minty Spire (QoL Compilation)","Replay The Spire","StSLib","The Construct"],"gold_per_floor":[9999,10014,10014,9105,9119,9119,9153,9153,9179,9179,9189,9217,9232,9360,9360,9458,9458,9477,9497,9497,9512,9512,9512,9512],"floor_reached":23,"language":"ENG","playtime":708,"items_purged":["Strike_P"],"score":236,"play_id":"38ef0db6-9595-4b43-b9ef-69848b512339","local_time":"20210118160509","is_ascension_mode":false,"campfire_choices":[{"data":"BattleHymn","floor":6,"key":"SMITH"},{"data":"DevaForm","floor":8,"key":"SMITH"},{"data":"Halt","floor":15,"key":"SMITH"}],"circlet_count":0,"master_deck":["Strike_P","Strike_P","Strike_P","Defend_P","Defend_P","Defend_P+1","Eruption","Vigilance","CarveReality","Swivel+1","Nirvana+1","BattleHymn+1","BattleHymn","DevaForm+1","LikeWater","Vengeance","Halt+1","MasterReality","FlurryOfBlows","Replay:AtTheReady"],"relics":["PureWater","NeowsBlessing","Toolbox","Blood Vial","Replay:Purple Gloves","hubris:Metronome","War Paint","CultistMask","Nunchaku","hubris:MobiusCoin","VioletLotus","construct:BoolHorns"],"acts_visited":["Exordium","TheCity"],"potions_floor_usage":[12,12,16,16,16,18,19,21],"damage_taken":[{"damage":0,"enemies":"2 Louse","floor":1,"turns":1},{"damage":0,"enemies":"Jaw Worm","floor":2,"turns":1},{"damage":0,"enemies":"Cultist","floor":5,"turns":1},{"damage":10,"enemies":"Replay:BlueRogue","floor":7,"turns":8},{"damage":0,"enemies":"Looter","floor":11,"turns":2},{"damage":0,"enemies":"Gremlin Nob","floor":12,"turns":2},{"damage":5,"enemies":"3 Louse","floor":13,"turns":2},{"damage":8,"enemies":"Replay:BlueRogue","floor":14,"turns":5},{"damage":12,"enemies":"The Guardian","floor":16,"turns":4},{"damage":25,"enemies":"3 Byrds","floor":18,"turns":4},{"damage":12,"enemies":"Shell Parasite","floor":19,"turns":3},{"damage":16,"enemies":"Sentry and Sphere","floor":21,"turns":4},{"damage":14,"enemies":"Slavers","floor":23,"turns":1}],"seed_played":"-8126175986401607441","potions_obtained":[{"floor":7,"key":"DistilledChaos"},{"floor":12,"key":"AttackPotion"},{"floor":13,"key":"Reflective Coating"},{"floor":14,"key":"Swift Potion"},{"floor":18,"key":"Energy Potion"},{"floor":19,"key":"Fire Potion"}],"is_trial":false,"path_per_floor":["M","M","?","$","M","R","E","R","T","?","M","E","M","E","R","B",null,"M","M","AVR","M","?","E"],"character_chosen":"WATCHER","items_purchased":["Toolbox","Blood Vial","Replay:Purple Gloves","BattleHymn","SkillPotion","Energy Potion","FearPotion"],"campfire_rested":0,"item_purchase_floors":[4,4,4,4,4,4,4],"current_hp_per_floor":[72,72,72,72,72,72,62,62,62,62,64,66,63,57,57,47,72,47,37,37,23,10,0,0],"gold":9512,"neow_bonus":"THREE_ENEMY_KILL","is_daily":false,"chose_seed":false,"campfire_upgraded":3,"win_rate":0.0,"timestamp":1611007509,"path_taken":["M","M","?","$","M","R","E","R","T","?","?","E","M","E","R","BOSS","M","M","AVR","M","?","E"],"items_purchased_type":["Relic","Relic","Relic","Card","Potion","Potion","Potion"],"build_version":"2020-12-22","purchased_purges":1,"victory":false,"max_hp_per_floor":[72,72,72,72,72,72,72,72,72,72,72,72,72,72,72,72,72,72,72,72,72,77,77,77],"card_choices":[{"not_picked":["FollowUp","Evaluate"],"picked":"CarveReality","floor":1},{"not_picked":["Crescendo","Replay:BluntJabs"],"picked":"Swivel","floor":2},{"not_picked":["FearNoEvil","FlyingSleeves"],"picked":"BattleHymn","floor":5},{"not_picked":["Replay:Battleflow","WindmillStrike"],"picked":"DevaForm","floor":7},{"not_picked":["ThirdEye","Crescendo"],"picked":"LikeWater","floor":11},{"not_picked":["SandsOfTime","Swivel"],"picked":"Vengeance","floor":12},{"not_picked":["Crescendo","Replay:Vibes","Evaluate"],"picked":"SKIP","floor":13},{"not_picked":["Replay:AtTheReady","PathToVictory"],"picked":"Halt","floor":14},{"not_picked":["Replay:AllIn","LessonLearned"],"picked":"MasterReality","floor":16},{"not_picked":["JustLucky","Replay:Anticipation"],"picked":"FlurryOfBlows","floor":18},{"not_picked":["Wallop","Weave+1","CrushJoints"],"picked":"SKIP","floor":19},{"not_picked":["CutThroughFate","FlurryOfBlows+1"],"picked":"Replay:AtTheReady","floor":21}],"player_experience":207074,"relics_obtained":[{"floor":7,"key":"hubris:Metronome"},{"floor":9,"key":"War Paint"},{"floor":12,"key":"Nunchaku"},{"floor":14,"key":"hubris:MobiusCoin"}],"event_choices":[{"damage_healed":0,"gold_gain":0,"player_choice":"Trade","damage_taken":0,"relics_obtained":["CultistMask"],"max_hp_gain":0,"max_hp_loss":0,"event_name":"FaceTrader","floor":10,"gold_loss":0},{"damage_healed":0,"gold_gain":0,"player_choice":"Shed Blood","damage_taken":18,"max_hp_gain":5,"max_hp_loss":0,"event_name":"Forgotten Altar","floor":22,"gold_loss":0}],"is_beta":false,"boss_relics":[{"not_picked":["Coffee Dripper","hubris:GrandSneckoEye"],"picked":"VioletLotus"}],"items_purged_floors":[4],"is_endless":false,"potions_floor_spawned":[7,12,13,14,18,19],"killed_by":"Slavers","ascension_level":0}}