{"host":"eny0bxnatoru6fum","time":1611008732,"event":{"mods":["A Magickal Journey","AchievementEnabler","AlwaysNeverKeys","Aspiration","BaseMod","Beaked The Cultist","BetterRewards","Colored Map","Colored Powertips","Conspire","DeckTracker","Duelist Mod","Energized Spire","Glutton Mod","Halation","Hubris","Infinite Spire","Jedi Mod","Lobotomy","LobotomyExtend","Minty Spire (QoL Compilation)","Relic Sorter","Replay The Spire","Shop Mod","Spicy Shops","Spikes Relics","StSLib","Synergy Search","The Animator","The Blue Laboratory","The Bug Knight","The Cursed","The Hierophant","The Jungle","The Problem Sleuth","The Runesmith","The Sage","The Servant 0.9.4","The Spell Scribe","vexMod"],"gold_per_floor":[131,131,131,143,167,167,212,68,94,126,0,0,15,33,33,137,149,167,199,232,232,232,232,258,277,277,294,294,294,317,335,335,335,335],"floor_reached":33,"language":"ENG","playtime":3306,"items_purged":["animator:Strike"],"score":327,"play_id":"1852f16d-3ff4-4b1a-8828-76233907d541","local_time":"20210118162532","is_ascension_mode":false,"campfire_choices":[{"data":"animator:PinaCoLada","floor":6,"key":"SMITH"},{"floor":15,"key":"RECALL"},{"floor":23,"key":"REST"},{"floor":32,"key":"REST"}],"circlet_count":0,"master_deck":["animator:Strike_NoGameNoLife","animator:Defend_NoGameNoLife","animator:Strike","animator:Strike","animator:Defend","animator:Defend","animator:DolaSchwi+1","animator:DolaCouronne","theSleuth:Defend","animator:Strike_TenSura","animator:KrulTepes+1","animator:PinaCoLada+1","animator:PandorasActor","animator:FielNirvalen+1","animator:Mikaela","animator:DolaSchwi+1","animator:NarberalGamma","animator:DolaRiku","animator:ChaikaTrabant","hubris:Envy","sagemod:Upwards","animator:FeridBathory","animator:Kuroyukihime","ReplayTheSpireMod:Black Plague","animator:DolaSchwi","animator:Entoma+2","animator:Ain","animator:ElricEdward+1","animator:Aisha","animator:Ain","animator:IzunaHatsuse+1","animator:WinryRockbell"],"relics":["animator:LivingPicture","animator:TheMissingPiece","animator:PurgingStone","LetterFromLob","conspire:Flyswatter","hubris:EmptyBottle","Toy Ornithopter","Blood Vial","halation:PromiseList","Moonlight_r","ReplayTheSpireMod:SealedPack","Regal Pillow","Shuriken","jedi:crownofsimplicity","HollowMod:StagPassRelic","theJungle:BirthdayCake","Replay:Bronze Core","Peace Pipe"],"acts_visited":["Exordium","theJungle:Jungle"],"potions_floor_usage":[7,10,14,16,18,22,22,22,22,24,24,27,27,33,33],"damage_taken":[{"damage":0,"enemies":"Small Slimes","floor":1,"turns":4},{"damage":0,"enemies":"2 Louse","floor":4,"turns":2},{"damage":2,"enemies":"Jaw Worm","floor":5,"turns":4},{"damage":4,"enemies":"Gremlin Nob","floor":7,"turns":5},{"damage":5,"enemies":"3 Sentries","floor":10,"turns":8},{"damage":1,"enemies":"Red Slaver","floor":13,"turns":3},{"damage":0,"enemies":"2 Fungi Beasts","floor":14,"turns":3},{"damage":10,"enemies":"The Guardian","floor":16,"turns":7},{"damage":3,"enemies":"theJungle:GiantWrat","floor":18,"turns":5},{"damage":14,"enemies":"theJungle:5_Spyders","floor":19,"turns":7},{"damage":0,"enemies":"conspire:MimicChest","floor":20,"turns":6},{"damage":86,"enemies":"JungleHuntersEvent","floor":22,"turns":7},{"damage":49,"enemies":"theJungle:MamaSnecko","floor":24,"turns":5},{"damage":11,"enemies":"theJungle:SlimyTreeVines","floor":25,"turns":4},{"damage":10,"enemies":"Snake Plant","floor":27,"turns":4},{"damage":19,"enemies":"theJungle:2_Snecko_Cultists","floor":30,"turns":3},{"damage":0,"enemies":"theJungle:Snecko_Cultist_And_Trap","floor":31,"turns":5},{"damage":110,"enemies":"theJungle:TotemBoss","floor":33,"turns":8}],"seed_played":"-1785938765015989124","potions_obtained":[{"floor":4,"key":"blueLaboratory:FrostheartPotion"},{"floor":5,"key":"blueLaboratory:FrostheartPotion"},{"floor":7,"key":"blueLaboratory:BottleOfVodka"},{"floor":13,"key":"Ancient Potion"},{"floor":16,"key":"blueLaboratory:FruitPunch"},{"floor":19,"key":"Ancient Potion"},{"floor":25,"key":"Fruit Juice"},{"floor":31,"key":"Reflective Coating"}],"is_trial":false,"path_per_floor":["M","?","?","M","M","R","E","$","T","E","$","?","M","M","R","B",null,"M","M","?","?","?","R","E","M","T","M","?","AVR","M","M","R","B"],"character_chosen":"THE_ANIMATOR","items_purchased":["hubris:EmptyBottle","animator:DolaSchwi"],"campfire_rested":2,"item_purchase_floors":[8,11],"current_hp_per_floor":[78,78,78,78,76,76,72,72,72,73,73,44,46,54,54,51,81,79,67,69,69,11,52,15,11,11,29,49,49,34,36,88,0,0],"gold":335,"neow_bonus":"TWENTY_PERCENT_HP_BONUS","is_daily":false,"chose_seed":false,"campfire_upgraded":1,"win_rate":0.0,"timestamp":1611008732,"path_taken":["M","?","?","M","M","R","E","$","T","E","$","?","M","M","R","BOSS","M","M","?","?","?","R","E","M","T","M","?","AVR","M","M","R","BOSS"],"items_purchased_type":["Relic","Card"],"build_version":"2020-12-22","purchased_purges":1,"victory":false,"max_hp_per_floor":[78,78,78,78,78,78,78,78,78,79,79,79,80,81,81,81,81,81,81,81,81,87,87,87,87,87,103,123,123,125,125,125,125,125],"card_choices":[{"not_picked":["animator:Ara","animator:Vanir"],"picked":"animator:KrulTepes","floor":1},{"not_picked":["animator:Cocytus","animator:Sloth"],"picked":"animator:PinaCoLada","floor":4},{"not_picked":["animator:MaesHughes","animator:Gluttony"],"picked":"animator:PandorasActor","floor":5},{"not_picked":["animator:DolaSchwi","animator:ChlammyZell"],"picked":"animator:FielNirvalen","floor":7},{"not_picked":["animator:Darkness","animator:Cocytus"],"picked":"animator:Mikaela","floor":10},{"not_picked":["animator:DolaSchwi","animator:ChaikaTrabant"],"picked":"animator:NarberalGamma","floor":13},{"not_picked":["animator:Guy","animator:ElricEdward"],"picked":"animator:DolaRiku","floor":14},{"not_picked":["animator:Eris","animator:Hans"],"picked":"animator:ChaikaTrabant","floor":16},{"not_picked":["hierophant:Punish","theDuelist:RainbowKuribohBasic"],"picked":"sagemod:Upwards","floor":17},{"not_picked":["animator:NarberalGamma","animator:Wiz"],"picked":"animator:FeridBathory","floor":17},{"not_picked":["animator:MisakiNakahara","animator:MisaKurobane"],"picked":"animator:Kuroyukihime","floor":17},{"not_picked":["ReplayTheSpireMod:Haul","infinitespire:Execution"],"picked":"ReplayTheSpireMod:Black Plague","floor":17},{"not_picked":["animator:DolaRiku","animator:IzunaHatsuse"],"picked":"animator:DolaSchwi","floor":18},{"not_picked":["animator:LeleiLaLalena","animator:Layla"],"picked":"animator:Entoma","floor":19},{"not_picked":["animator:Ciel","animator:PandorasActor"],"picked":"animator:Ain","floor":20},{"not_picked":["animator:Guy","animator:Mikaela+1"],"picked":"animator:ElricEdward+1","floor":22},{"not_picked":["animator:Kazuma","animator:Father"],"picked":"animator:Aisha","floor":24},{"not_picked":["animator:Pride","animator:DolaCouronne+1"],"picked":"animator:Entoma","floor":25},{"not_picked":["animator:Ciel","animator:Ara"],"picked":"animator:Ain","floor":27},{"not_picked":["animator:Raven+1","animator:Mitsuba"],"picked":"animator:IzunaHatsuse+1","floor":30},{"not_picked":["animator:Aqua","animator:Vanir"],"picked":"animator:WinryRockbell","floor":31}],"player_experience":483960,"relics_obtained":[{"floor":1,"key":"LetterFromLob"},{"floor":7,"key":"conspire:Flyswatter"},{"floor":9,"key":"Toy Ornithopter"},{"floor":10,"key":"Blood Vial"},{"floor":10,"key":"halation:PromiseList"},{"floor":20,"key":"Regal Pillow"},{"floor":22,"key":"Shuriken"},{"floor":24,"key":"jedi:crownofsimplicity"},{"floor":26,"key":"HollowMod:StagPassRelic"}],"event_choices":[],"is_beta":false,"boss_relics":[{"not_picked":["Busted Crown","sagemod:Falmels_Amulet"],"picked":"ReplayTheSpireMod:SealedPack"}],"items_purged_floors":[11],"is_endless":false,"potions_floor_spawned":[4,5,7,13,16,19,25,31],"killed_by":"theJungle:TotemBoss","ascension_level":0}}