{"host":"rolltorest","time":1611005929,"event":{"mods":["BaseMod","Minty Spire (QoL Compilation)","Relic Stats","Slay the Relics Exporter","StSLib"],"gold_per_floor":[112,30,30,47,47,78,88,123,146,178,178,178,178],"floor_reached":12,"language":"ENG","playtime":389,"items_purged":[],"score":192,"play_id":"0bd44a9c-67ec-40e0-b25e-fa4c024e4d99","local_time":"20210118133849","is_ascension_mode":true,"campfire_choices":[{"floor":11,"key":"REST"}],"circlet_count":0,"master_deck":["AscendersBane","Strike_P","Defend_P","Defend_P","Defend_P","Defend_P","Eruption","Vigilance+1","Sanctity+1","Perseverance+1","Vengeance+1","FlurryOfBlows","CutThroughFate","SashWhip","ClearTheMind+1","Tantrum","Halt","SashWhip","Sanctity"],"relics":["Astrolabe","Toy Ornithopter","Anchor","War Paint","MealTicket","Darkstone Periapt"],"acts_visited":["Exordium"],"potions_floor_usage":[4,10],"damage_taken":[{"damage":1,"enemies":"Jaw Worm","floor":1,"turns":4},{"damage":9,"enemies":"Small Slimes","floor":4,"turns":2},{"damage":20,"enemies":"Lagavulin","floor":6,"turns":7},{"damage":0,"enemies":"Cultist","floor":7,"turns":3},{"damage":13,"enemies":"3 Sentries","floor":8,"turns":6},{"damage":20,"enemies":"Gremlin Nob","floor":10,"turns":4},{"damage":26,"enemies":"Lagavulin","floor":12,"turns":6}],"seed_played":"-7707401997044539131","potions_obtained":[{"floor":1,"key":"GamblersBrew"},{"floor":6,"key":"EssenceOfSteel"},{"floor":8,"key":"Energy Potion"}],"is_trial":false,"path_per_floor":["M","$","?","M","?","E","M","E","T","E","R","E"],"character_chosen":"WATCHER","items_purchased":["CutThroughFate","SashWhip"],"campfire_rested":1,"item_purchase_floors":[2,2],"current_hp_per_floor":[60,60,55,51,51,31,31,18,18,3,23,0,0],"gold":178,"neow_bonus":"BOSS_RELIC","is_daily":false,"chose_seed":false,"campfire_upgraded":0,"win_rate":0.0,"timestamp":1611005929,"path_taken":["M","$","?","M","?","E","?","E","T","E","R","E"],"items_purchased_type":["Card","Card"],"build_version":"2020-12-18","purchased_purges":0,"victory":false,"max_hp_per_floor":[68,68,68,68,68,68,68,68,68,68,68,68,68],"relic_stats":{"Darkstone Periapt":0,"counters":[7,32],"Astrolabe":["Sanctity","Perseverance","Vengeance"],"MealTicket":0,"War Paint":["Vigilance","ClearTheMind"],"obtain_stats":[{"Darkstone Periapt":10,"Anchor":6,"Astrolabe":0,"MealTicket":9,"PureWater":0,"War Paint":8,"Toy Ornithopter":3},{"Darkstone Periapt":6,"Anchor":3,"Astrolabe":0,"MealTicket":5,"PureWater":0,"War Paint":5,"Toy Ornithopter":1},{"Darkstone Periapt":26,"Anchor":13,"Astrolabe":0,"MealTicket":22,"PureWater":0,"War Paint":22,"Toy Ornithopter":4}],"Toy Ornithopter":10},"card_choices":[{"not_picked":["Protect","BattleHymn"],"picked":"FlurryOfBlows","floor":1},{"not_picked":["Prostrate","FlyingSleeves"],"picked":"ClearTheMind","floor":4},{"not_picked":["CrushJoints","Wish"],"picked":"Tantrum","floor":6},{"not_picked":["ForeignInfluence","BowlingBash"],"picked":"Halt","floor":7},{"not_picked":["SignatureMove","MasterReality"],"picked":"SashWhip","floor":8},{"not_picked":["SignatureMove","Evaluate"],"picked":"Sanctity","floor":10}],"player_experience":1730062,"relics_obtained":[{"floor":6,"key":"Anchor"},{"floor":8,"key":"War Paint"},{"floor":9,"key":"MealTicket"},{"floor":10,"key":"Darkstone Periapt"}],"event_choices":[{"damage_healed":0,"gold_gain":0,"player_choice":"Success","damage_taken":5,"relics_obtained":["Toy Ornithopter"],"max_hp_gain":0,"max_hp_loss":0,"event_name":"Scrap Ooze","floor":3,"gold_loss":0},{"damage_healed":0,"gold_gain":0,"player_choice":"Ignored","damage_taken":0,"max_hp_gain":0,"max_hp_loss":0,"event_name":"Golden Wing","floor":5,"gold_loss":0}],"is_beta":true,"boss_relics":[],"items_purged_floors":[],"is_endless":false,"potions_floor_spawned":[1,6,8],"killed_by":"Lagavulin","ascension_level":20}}