{"host":"kjcsj8kbkx3w6fc4","time":1611013390,"event":{"mods":["2.2 Compatiblity","Aspiration","BaseMod","Better Third Choice","Conspire","Downfall","Hermit","Infinite Spire","Minty Spire (QoL Compilation)","Permanent Neow","Reimu??????","Shedinja","StSLib","The Cursed","The Poker Player","The Servant 0.9.4"],"gold_per_floor":[109,125,145,155,155,155,187,217,217,245,265,285,318,318,318,413,413,428,157,157,137,151,151,151],"floor_reached":23,"language":"ENG","playtime":1647,"items_purged":["Strike_S"],"score":263,"play_id":"56737266-71f0-4bf8-ae6e-c1cb3dae4145","local_time":"20210118184310","is_ascension_mode":false,"campfire_choices":[{"floor":6,"key":"REST"},{"floor":15,"key":"REST"},{"data":"SilverBlades","floor":15,"key":"SMITH"}],"circlet_count":0,"master_deck":["Strike_S","Strike_S","Defend_S","Defend_S","Defend_S","Defend_S","KidneyShot","Exchange","SurpressingFire","Potential","Luminosity","Ricochet","Read","infinitespire:Punishment","SilverBlades+1","BottledTime+1","Reset+1","FastForward+1","Alleviate+1","SoulSculpture","Spin","Defy+1","Rearm+1","ShatteredReality"],"relics":["Uniform","Omamori","Toxic Egg 2","Blood Vial","infinitespire:Magic Flask","HornCleat","MysterySword","OrangePellets","sneckomod:BabySnecko"],"acts_visited":["Exordium","TheCity"],"potions_floor_usage":[23],"damage_taken":[{"damage":2,"enemies":"Cultist","floor":1,"turns":6},{"damage":5,"enemies":"Small Slimes","floor":2,"turns":4},{"damage":6,"enemies":"Jaw Worm","floor":3,"turns":5},{"damage":10,"enemies":"3 Louse","floor":4,"turns":4},{"damage":12,"enemies":"3 Sentries","floor":7,"turns":7},{"damage":8,"enemies":"Lagavulin","floor":10,"turns":6},{"damage":0,"enemies":"Large Slime","floor":11,"turns":3},{"damage":12,"enemies":"Exordium Thugs","floor":12,"turns":5},{"damage":12,"enemies":"Gremlin Nob","floor":13,"turns":4},{"damage":0,"enemies":"Hexaghost","floor":16,"turns":11},{"damage":33,"enemies":"Shell Parasite","floor":18,"turns":7},{"damage":12,"enemies":"2 Thieves","floor":21,"turns":4},{"damage":2,"enemies":"Cultist and Chosen","floor":22,"turns":5},{"damage":24,"enemies":"Book of Stabbing","floor":23,"turns":7}],"seed_played":"7247272783482933208","potions_obtained":[{"floor":2,"key":"BlessingOfTheForge"},{"floor":7,"key":"EssenceOfSteel"},{"floor":10,"key":"Ancient Potion"}],"is_trial":false,"path_per_floor":["M","M","M","M","?","R","E","?","T","E","M","M","E","?","R","B",null,"M","$","?","M","M","E"],"character_chosen":"THE_SERVANT","items_purchased":["Defy+1","OrangePellets"],"campfire_rested":2,"item_purchase_floors":[19,19],"current_hp_per_floor":[63,58,52,42,25,44,32,32,32,26,28,18,8,8,27,29,65,32,32,32,22,22,0,0],"gold":151,"neow_bonus":"TRANSFORM_CARD","is_daily":false,"chose_seed":false,"campfire_upgraded":1,"win_rate":0.0,"timestamp":1611013390,"path_taken":["M","?","M","M","?","R","E","?","T","E","M","M","E","?","R","BOSS","M","$","?","M","M","E"],"items_purchased_type":["Card","Relic"],"build_version":"2020-12-22","purchased_purges":1,"victory":false,"max_hp_per_floor":[65,65,65,65,65,65,65,65,65,65,65,65,65,65,65,65,65,65,65,65,65,65,65,65],"card_choices":[{"not_picked":["Shuttle","TimeWarp"],"picked":"Potential","floor":1},{"not_picked":["Defy","Potential"],"picked":"Luminosity","floor":2},{"not_picked":["DualDimension","TimeWarp"],"picked":"Ricochet","floor":3},{"not_picked":["Spin","Comet"],"picked":"Read","floor":4},{"not_picked":["infinitespire:Collect","infinitespire:FutureSight"],"picked":"infinitespire:Punishment","floor":5},{"not_picked":["Revamp","Rewind"],"picked":"SilverBlades","floor":7},{"not_picked":["Comet","DoubleEdge"],"picked":"BottledTime+1","floor":10},{"not_picked":["Sabotage","BottledTime+1"],"picked":"Reset+1","floor":11},{"not_picked":["Defy+1","Misdirection+1"],"picked":"FastForward+1","floor":12},{"not_picked":["Collapse","TimeWarp"],"picked":"Alleviate+1","floor":13},{"not_picked":["Deny+1","TheWorld+1"],"picked":"SoulSculpture","floor":16},{"not_picked":["Potential","Gouge"],"picked":"Spin","floor":18},{"not_picked":["GearUp+1","Advance+1"],"picked":"Rearm+1","floor":21},{"not_picked":["Rearm+1","Potential+1"],"picked":"ShatteredReality","floor":22}],"player_experience":134879,"relics_obtained":[{"floor":7,"key":"Omamori"},{"floor":9,"key":"Blood Vial"},{"floor":10,"key":"infinitespire:Magic Flask"},{"floor":13,"key":"HornCleat"}],"event_choices":[{"damage_healed":0,"gold_gain":30,"player_choice":"Searched \u00272\u0027 times","damage_taken":0,"relics_obtained":["Toxic Egg 2"],"max_hp_gain":0,"max_hp_loss":0,"event_name":"Dead Adventurer","floor":8,"gold_loss":0}],"is_beta":false,"boss_relics":[{"not_picked":["Fusion Hammer","conspire:RoyalGoblet"],"picked":"MysterySword"}],"items_purged_floors":[19],"is_endless":false,"potions_floor_spawned":[2,7,10,21],"killed_by":"Book of Stabbing","ascension_level":0}}