{"host":"760a56s19xsdubqb","time":1611013566,"event":{"mods":["BaseMod","Minty Spire (QoL Compilation)","Quick Restart","Remove Card Discount Mod","StSLib"],"gold_per_floor":[135,195,94,154,187,274,307,352,399,399,399,497,588,702,702,1037,1037,1102,556,595,2,48,162,214,321,321,321,445,445,530,582,582,917,917,956,619,652,691,130,228,290,378,378,472,524,609,609,645,645,645],"floor_reached":51,"language":"ENG","playtime":1986,"items_purged":[],"score":1964,"play_id":"632ca3a8-d9ba-4af8-9436-6155932cbb5c","local_time":"20210118184606","daily_mods":["SealedDeck","Hoarder","Colorless Cards","Heirloom","DeadlyEvents","Elite Swarm","Lethality","Midas"],"is_ascension_mode":true,"campfire_choices":[{"floor":10.0,"key":"REST"},{"floor":15.0,"key":"REST"},{"floor":27.0,"key":"REST"},{"data":"Riddle With Holes+1","floor":32.0,"key":"PURGE"},{"data":"Infinite Blades","floor":47,"key":"PURGE"},{"floor":49,"key":"REST"}],"circlet_count":0,"master_deck":["Poisoned Stab","Poisoned Stab","Poisoned Stab","Deadly Poison","Deadly Poison","Deadly Poison","Bane","Bane","Bane","Poisoned Stab","Poisoned Stab","Poisoned Stab","Bane","Bane","Bane","Deflect","Deflect","Deflect","Dagger Spray","Dagger Spray","Dagger Spray","Dash","Dash","Dash","Backflip","Backflip","Backflip","Dramatic Entrance","Dramatic Entrance","Dramatic Entrance","Prepared","Prepared","Prepared","Catalyst","Catalyst","Catalyst","Dagger Spray","Dagger Spray","Dagger Spray","Backflip","Backflip","Backflip","After Image","After Image","After Image","Poisoned Stab","Poisoned Stab","Poisoned Stab","Jack Of All Trades","Jack Of All Trades","Jack Of All Trades","Wraith Form v2","Wraith Form v2","Wraith Form v2","Master of Strategy","Master of Strategy","Master of Strategy","Venomology","Venomology","Venomology","The Bomb","The Bomb","The Bomb","Cloak And Dagger","Cloak And Dagger","Cloak And Dagger","Deadly Poison","Deadly Poison","Deadly Poison","Caltrops","Caltrops","Caltrops","Escape Plan+1","Escape Plan+1","Escape Plan+1","Impatience","Impatience","Impatience","Infinite Blades","Infinite Blades","Cloak And Dagger","Cloak And Dagger","Cloak And Dagger","A Thousand Cuts","A Thousand Cuts","A Thousand Cuts","Neutralize+1","Neutralize+1","Neutralize+1","Sadistic Nature+1","Sadistic Nature+1","Sadistic Nature+1","Riddle With Holes+1","Riddle With Holes+1","HandOfGreed+1","HandOfGreed+1","HandOfGreed+1","Deflect+1","Deflect+1","Deflect+1","Mind Blast+1","Mind Blast+1","Mind Blast+1","Cloak And Dagger+1","Cloak And Dagger+1","Cloak And Dagger+1","Cloak And Dagger+1","Cloak And Dagger+1","Cloak And Dagger+1","Dagger Spray+1","Dagger Spray+1","Dagger Spray+1","Cloak And Dagger+1","Cloak And Dagger+1","Cloak And Dagger+1"],"relics":["Ring of the Snake","Peace Pipe","MealTicket","Lantern","Golden Idol","Shuriken","Anchor","Molten Egg 2","Busted Crown","HornCleat","Orrery","Vajra","Bottled Tornado","ClockworkSouvenir","Eternal Feather","Tingsha","StoneCalendar","Frozen Egg 2","Incense Burner","Black Star","Letter Opener","Oddly Smooth Stone","Ninja Scroll","TwistedFunnel","Pen Nib","Kunai","Prayer Wheel","Mango","InkBottle","Darkstone Periapt","Gambling Chip","Turnip","Calipers"],"acts_visited":["Exordium","TheCity","TheBeyond"],"potions_floor_usage":[],"damage_taken":[{"damage":0.0,"enemies":"Jaw Worm","floor":1.0,"turns":1.0},{"damage":0.0,"enemies":"2 Louse","floor":2.0,"turns":1.0},{"damage":0.0,"enemies":"Cultist","floor":5.0,"turns":1.0},{"damage":14.0,"enemies":"Lagavulin","floor":6.0,"turns":3.0},{"damage":0.0,"enemies":"3 Louse","floor":7.0,"turns":1.0},{"damage":0.0,"enemies":"Blue Slaver","floor":8.0,"turns":1.0},{"damage":0.0,"enemies":"Gremlin Nob","floor":12.0,"turns":2.0},{"damage":18.0,"enemies":"Lagavulin","floor":13.0,"turns":3.0},{"damage":0.0,"enemies":"3 Sentries","floor":14.0,"turns":1.0},{"damage":35.0,"enemies":"The Guardian","floor":16.0,"turns":6.0},{"damage":0.0,"enemies":"Shell Parasite","floor":18.0,"turns":1.0},{"damage":0.0,"enemies":"Spheric Guardian","floor":20.0,"turns":1.0},{"damage":1.0,"enemies":"Cultist and Chosen","floor":22.0,"turns":2.0},{"damage":0.0,"enemies":"Book of Stabbing","floor":23.0,"turns":3.0},{"damage":12.0,"enemies":"Snake Plant","floor":24.0,"turns":3.0},{"damage":0.0,"enemies":"Slavers","floor":25.0,"turns":1.0},{"damage":10.0,"enemies":"Gremlin Leader","floor":28.0,"turns":3.0},{"damage":0.0,"enemies":"Slavers","floor":30.0,"turns":1.0},{"damage":0.0,"enemies":"Snecko","floor":31.0,"turns":3.0},{"damage":0.0,"enemies":"Collector","floor":33.0,"turns":6.0},{"damage":12.0,"enemies":"3 Shapes","floor":35.0,"turns":2.0},{"damage":0.0,"enemies":"3 Darklings","floor":37.0,"turns":1.0},{"damage":0.0,"enemies":"Maw","floor":38.0,"turns":1.0},{"damage":0,"enemies":"Giant Head","floor":40,"turns":1},{"damage":0,"enemies":"Spire Growth","floor":41,"turns":1},{"damage":0,"enemies":"Reptomancer","floor":42,"turns":1},{"damage":0,"enemies":"Giant Head","floor":44,"turns":1},{"damage":0,"enemies":"3 Darklings","floor":45,"turns":1},{"damage":0,"enemies":"Reptomancer","floor":46,"turns":1},{"damage":0,"enemies":"Writhing Mass","floor":48,"turns":1},{"damage":0,"enemies":"Time Eater","floor":50,"turns":1}],"seed_played":"7293210371980191639","potions_obtained":[{"floor":2.0,"key":"Dexterity Potion"},{"floor":12.0,"key":"Explosive Potion"},{"floor":13.0,"key":"Energy Potion"},{"floor":14.0,"key":"EssenceOfSteel"},{"floor":18.0,"key":"AttackPotion"},{"floor":30.0,"key":"AttackPotion"},{"floor":33.0,"key":"Fire Potion"},{"floor":40,"key":"DistilledChaos"}],"is_trial":true,"path_per_floor":["M","M","$","?","M","E","M","M","T","R","?","E","E","E","R","B",null,"M","$","M","$","M","E","M","E","T","R","E","?","E","M","R","B",null,"M","$","M","M","$","E","M","E","T","E","M","E","R","M","R","B",null],"character_chosen":"THE_SILENT","items_purchased":["Dagger Spray","Backflip","HornCleat","Orrery","Impatience","Infinite Blades","Vajra","Bottled Tornado","ClockworkSouvenir","Cloak And Dagger","Letter Opener","Mind Blast+1","Oddly Smooth Stone","Ninja Scroll","TwistedFunnel"],"campfire_rested":4,"item_purchase_floors":[3,3,19,19,19,19,21,21,21,21,36,36,39,39,39],"current_hp_per_floor":[63,63,63,63,63,49,49,49,49,70,53,53,35,35,56,21,58,58,70,70,70,69,69,57,57,57,70,60,60,60,60,70,70,70,58,70,70,70,70,70,70,84,84,84,84,84,84,84,84,84],"gold":645,"neow_bonus":"","is_daily":false,"chose_seed":false,"campfire_upgraded":0,"win_rate":0.0,"timestamp":1611013566,"path_taken":["M","M","$","?","M","E","M","?","T","R","?","E","?","E","R","BOSS","M","$","M","$","M","E","M","E","T","R","E","?","E","M","R","BOSS","M","$","M","M","$","E","M","E","T","E","M","E","R","M","R","BOSS"],"items_purchased_type":["Card","Card","Relic","Relic","Card","Card","Relic","Relic","Relic","Card","Relic","Card","Relic","Relic","Relic"],"build_version":"2020-12-22","purchased_purges":0,"victory":true,"max_hp_per_floor":[70,70,70,70,70,70,70,70,70,70,70,70,70,70,70,70,70,70,70,70,70,70,70,70,70,70,70,70,70,70,70,70,70,70,70,70,70,70,70,70,70,84,84,84,84,84,84,84,84,84],"card_choices":[{"not_picked":["Flying Knee","Blade Dance"],"picked":"Prepared","floor":1.0},{"not_picked":["Sucker Punch","Swift Strike"],"picked":"Catalyst","floor":2.0},{"not_picked":["Sucker Punch","Blind","Backflip"],"picked":"SKIP","floor":5.0},{"not_picked":["Envenom","Bullet Time"],"picked":"After Image","floor":6.0},{"not_picked":["Underhanded Strike","Deadly Poison"],"picked":"Poisoned Stab","floor":7.0},{"not_picked":["Underhanded Strike","Slice"],"picked":"Jack Of All Trades","floor":8.0},{"not_picked":["Secret Weapon","Transmutation"],"picked":"Wraith Form v2","floor":12.0},{"not_picked":["Transmutation","Chrysalis"],"picked":"Master of Strategy","floor":13.0},{"not_picked":["Transmutation","Night Terror"],"picked":"Venomology","floor":14.0},{"not_picked":["Glass Knife+1","Night Terror"],"picked":"The Bomb","floor":16.0},{"not_picked":["Acrobatics"],"picked":"SKIP","floor":18.0},{"not_picked":[],"picked":"Cloak And Dagger","floor":19.0},{"not_picked":[],"picked":"Deadly Poison","floor":19.0},{"not_picked":[],"picked":"Caltrops","floor":19.0},{"not_picked":[],"picked":"Escape Plan+1","floor":19.0},{"not_picked":["Calculated Gamble"],"picked":"SKIP","floor":20.0},{"not_picked":["Prepared+1"],"picked":"SKIP","floor":22.0},{"not_picked":["Doppelganger"],"picked":"SKIP","floor":23.0},{"not_picked":["Quick Slash+1"],"picked":"SKIP","floor":24.0},{"not_picked":[],"picked":"A Thousand Cuts","floor":25.0},{"not_picked":["Transmutation"],"picked":"SKIP","floor":28.0},{"not_picked":[],"picked":"Sadistic Nature+1","floor":30.0},{"not_picked":[],"picked":"Riddle With Holes+1","floor":31.0},{"not_picked":[],"picked":"HandOfGreed+1","floor":33.0},{"not_picked":[],"picked":"Deflect+1","floor":35.0},{"not_picked":[],"picked":"Cloak And Dagger+1","floor":37.0},{"not_picked":[],"picked":"Cloak And Dagger+1","floor":38.0},{"not_picked":["Venomology"],"picked":"SKIP","floor":40},{"not_picked":["Outmaneuver"],"picked":"SKIP","floor":41},{"not_picked":["Grand Finale+1"],"picked":"SKIP","floor":42},{"not_picked":["Secret Weapon"],"picked":"SKIP","floor":44},{"not_picked":[],"picked":"Dagger Spray+1","floor":45},{"not_picked":["Endless Agony+1"],"picked":"SKIP","floor":45},{"not_picked":["Wraith Form v2+1"],"picked":"SKIP","floor":46},{"not_picked":[],"picked":"Cloak And Dagger+1","floor":48},{"not_picked":["Flying Knee+1"],"picked":"SKIP","floor":48}],"player_experience":961069,"relics_obtained":[{"floor":6.0,"key":"MealTicket"},{"floor":9.0,"key":"Lantern"},{"floor":12.0,"key":"Shuriken"},{"floor":13.0,"key":"Anchor"},{"floor":14.0,"key":"Molten Egg 2"},{"floor":23.0,"key":"Eternal Feather"},{"floor":25.0,"key":"Tingsha"},{"floor":26.0,"key":"StoneCalendar"},{"floor":28.0,"key":"Frozen Egg 2"},{"floor":30.0,"key":"Incense Burner"},{"floor":40,"key":"Pen Nib"},{"floor":40,"key":"Kunai"},{"floor":42,"key":"Prayer Wheel"},{"floor":42,"key":"Mango"},{"floor":43,"key":"InkBottle"},{"floor":44,"key":"Darkstone Periapt"},{"floor":44,"key":"Gambling Chip"},{"floor":46,"key":"Turnip"},{"floor":46,"key":"Calipers"}],"event_choices":[{"damage_healed":0.0,"max_hp_gain":0.0,"max_hp_loss":0.0,"gold_gain":60.0,"event_name":"Golden Wing","player_choice":"Gained Gold","floor":4.0,"gold_loss":0.0,"damage_taken":0.0},{"damage_healed":0.0,"max_hp_gain":0.0,"max_hp_loss":0.0,"gold_gain":0.0,"event_name":"Golden Idol","player_choice":"Take Damage","floor":11.0,"gold_loss":0.0,"damage_taken":17.0,"relics_obtained":["Golden Idol"]},{"damage_healed":0.0,"max_hp_gain":0.0,"max_hp_loss":0.0,"gold_gain":0.0,"event_name":"Match and Keep!","player_choice":"1 cards matched","floor":29.0,"gold_loss":0.0,"damage_taken":0.0,"cards_obtained":["Neutralize"]}],"is_beta":false,"boss_relics":[{"not_picked":["Ring of the Serpent","Tiny House"],"picked":"Busted Crown"},{"not_picked":["Empty Cage","Sozu"],"picked":"Black Star"}],"items_purged_floors":[],"is_endless":false,"potions_floor_spawned":[2,12,13,14,18,25,30,33,40,41,45,48],"ascension_level":7}}