{"host":"2ica2wc1gg7guzbw","time":1611004567,"event":{"mods":["BaseMod","Colored Map","Minty Spire (QoL Compilation)","Replay The Spire","Shop Mod","StSLib"],"gold_per_floor":[219,236,236,236,260,294,312,312,312,110,110,110,143,166,166,260,260,278,47,70,0,24,24,55,55,125,166,166,187,200,235,235,235,235],"floor_reached":33,"language":"RUS","playtime":956,"items_purged":["Strike_B"],"score":626,"play_id":"222c4414-bbad-46af-87e8-f68296083470","local_time":"20210119011607","is_ascension_mode":true,"campfire_choices":[{"floor":8.0,"key":"REST"},{"data":"Streamline","floor":11.0,"key":"SMITH"},{"data":"Loop","floor":15.0,"key":"SMITH"},{"floor":23.0,"key":"REST"},{"floor":28.0,"key":"REST"},{"floor":32.0,"key":"REST"}],"circlet_count":0,"master_deck":["AscendersBane","Strike_B+1","Strike_B","Defend_B","Defend_B","Defend_B","Defend_B","Zap","Dualcast","Conserve Battery+1","Ball Lightning+1","Streamline+1","Cold Snap","Leap+1","Loop+1","Creative AI","Turbo","Discovery","White Noise","Undo","ReplayTheSpireMod:Omega Cannon+1","Languid","Undo","Hello World","Storm"],"relics":["Cracked Core","PreservedInsect","Blue Doll","DataDisk","Golden Idol","Replay:Baseball","ChewingGum","Molten Egg 2","Ring of Hypnosis","Bottled Flame","Singing Bowl","Replay:PocketPolymizer"],"acts_visited":["Exordium","TheCity"],"potions_floor_usage":[33],"damage_taken":[{"damage":0.0,"enemies":"2 Louse","floor":1.0,"turns":3.0},{"damage":2.0,"enemies":"Jaw Worm","floor":2.0,"turns":3.0},{"damage":10.0,"enemies":"Lagavulin","floor":6.0,"turns":7.0},{"damage":0.0,"enemies":"Small Slimes","floor":7.0,"turns":3.0},{"damage":1.0,"enemies":"Gremlin Nob","floor":13.0,"turns":3.0},{"damage":3.0,"enemies":"3 Louse","floor":14.0,"turns":2.0},{"damage":17.0,"enemies":"Slime Boss","floor":16.0,"turns":9.0},{"damage":16.0,"enemies":"Shell Parasite","floor":18.0,"turns":4.0},{"damage":0.0,"enemies":"Spheric Guardian","floor":20.0,"turns":3.0},{"damage":18.0,"enemies":"Snake Plant","floor":22.0,"turns":3.0},{"damage":5.0,"enemies":"Replay:Snechameleon","floor":24.0,"turns":4.0},{"damage":23.0,"enemies":"Slavers","floor":27.0,"turns":2.0},{"damage":18.0,"enemies":"Centurion and Healer","floor":29.0,"turns":5.0},{"damage":2.0,"enemies":"3 Cultists","floor":30.0,"turns":4.0},{"damage":10.0,"enemies":"Replay:Snechameleon","floor":31.0,"turns":4.0},{"damage":28,"enemies":"Pondfish","floor":33,"turns":4}],"seed_played":"7336750978374836025","potions_obtained":[{"floor":2.0,"key":"Explosive Potion"},{"floor":7.0,"key":"Energy Potion"},{"floor":16.0,"key":"Fruit Juice"},{"floor":20.0,"key":"Reflective Coating"},{"floor":24.0,"key":"Energy Potion"},{"floor":27.0,"key":"SkillPotion"},{"floor":30.0,"key":"ColorlessPotion"}],"is_trial":false,"path_per_floor":["M","M","?","?","T","E","M","R","T","$","R","?","E","M","R","B",null,"M","$","M","?","M","R","E","?","T","E","R","M","M","E","R","B"],"character_chosen":"DEFECT","items_purchased":["DataDisk","Leap+1","Discovery","Dexterity Potion"],"campfire_rested":4,"item_purchase_floors":[10,10,19,19],"current_hp_per_floor":[64,62,41,41,41,31,31,52,52,52,52,28,27,24,24,12,60,44,44,44,44,26,48,43,43,43,22,45,27,27,17,41,13,13],"gold":235,"neow_bonus":"HUNDRED_GOLD","is_daily":false,"chose_seed":false,"campfire_upgraded":2,"win_rate":0.0,"timestamp":1611004567,"path_taken":["M","M","?","?","?","E","M","R","T","$","R","?","E","?","R","BOSS","M","$","M","?","M","R","E","?","T","E","R","M","M","E","R","BOSS"],"items_purchased_type":["Relic","Card","Card","Potion"],"build_version":"2020-12-22","purchased_purges":1,"victory":false,"max_hp_per_floor":[71,71,71,71,71,71,71,71,71,71,71,71,71,71,71,76,76,76,76,76,76,76,76,76,76,76,78,78,78,80,80,80,80,80],"card_choices":[{"not_picked":["Auto Shields","Coolheaded"],"picked":"Conserve Battery","floor":1.0},{"not_picked":["ReplayGash","Streamline"],"picked":"Ball Lightning","floor":2.0},{"not_picked":["Consume","Steam"],"picked":"Streamline","floor":6.0},{"not_picked":["Time Bomb","Coolheaded"],"picked":"Cold Snap","floor":7.0},{"not_picked":["Stack","Static Discharge"],"picked":"Loop","floor":13.0},{"not_picked":["Storm","Streamline","Ball Lightning"],"picked":"SKIP","floor":14.0},{"not_picked":["Multi-Cast","Rainbow"],"picked":"Creative AI","floor":16.0},{"not_picked":["Steam+1","ReplayGash"],"picked":"Turbo","floor":18.0},{"not_picked":["Panic Button+1","Hologram"],"picked":"White Noise","floor":20.0},{"not_picked":["Compile Driver","Go for the Eyes"],"picked":"Undo","floor":22.0},{"not_picked":["Barrage+1","Rip and Tear+1"],"picked":"ReplayTheSpireMod:Omega Cannon+1","floor":24.0},{"not_picked":["Leap","Lockon+1","Cold Snap+1"],"picked":"Singing Bowl","floor":27.0},{"not_picked":["Conserve Battery","Stack"],"picked":"Undo","floor":29.0},{"not_picked":["Go for the Eyes+1","ReplayGash+1","Scrape+1"],"picked":"Singing Bowl","floor":30.0},{"not_picked":["Turbo","Hyperbeam+1"],"picked":"Hello World","floor":31.0}],"player_experience":916070,"relics_obtained":[{"floor":5.0,"key":"PreservedInsect"},{"floor":6.0,"key":"Blue Doll"},{"floor":13.0,"key":"Replay:Baseball"},{"floor":24.0,"key":"Molten Egg 2"},{"floor":25.0,"key":"Ring of Hypnosis"},{"floor":26.0,"key":"Bottled Flame"},{"floor":27.0,"key":"Singing Bowl"},{"floor":31.0,"key":"Replay:PocketPolymizer"}],"event_choices":[{"damage_healed":0.0,"max_hp_gain":0.0,"max_hp_loss":0.0,"gold_gain":0.0,"event_name":"Shining Light","player_choice":"Entered Light","floor":3.0,"gold_loss":0.0,"damage_taken":21.0,"cards_upgraded":["Ball Lightning","Strike_B"]},{"damage_healed":0.0,"max_hp_gain":0.0,"max_hp_loss":0.0,"gold_gain":0.0,"event_name":"Living Wall","player_choice":"Grow","floor":4.0,"gold_loss":0.0,"damage_taken":0.0,"cards_upgraded":["Conserve Battery"]},{"damage_healed":0.0,"max_hp_gain":0.0,"max_hp_loss":0.0,"gold_gain":0.0,"event_name":"Golden Idol","player_choice":"Take Damage","floor":12.0,"gold_loss":0.0,"damage_taken":24.0,"relics_obtained":["Golden Idol"]},{"damage_healed":0.0,"max_hp_gain":0.0,"max_hp_loss":0.0,"gold_gain":0.0,"event_name":"Masked Bandits","player_choice":"Paid Fearfully","floor":21.0,"gold_loss":70.0,"damage_taken":0.0}],"is_beta":false,"boss_relics":[{"not_picked":["ReplayTheSpireMod:DimensionalGlitch","Runic Dome"],"picked":"ChewingGum"}],"items_purged_floors":[19],"is_endless":false,"potions_floor_spawned":[2,7,14,16,20,24,27,30],"killed_by":"Pondfish","ascension_level":20}}