{"host":"pno9h1fupbyz205f","time":1611008335,"event":{"mods":["Aspiration","BaseMod","Better Altar","Better Match","Better Note","Better Sensory Stone","Better Skull","Better Third Choice","Colored Map","Colored Powertips","Hermit","Highlight Path","Hubris","Infinite Spire","Jedi Mod","Mad Scientist","Marisa????????","Minty Spire (QoL Compilation)","Permanent Neow","Potionbrewer","Prisma Mod","Replay The Spire","Robot Space Explorer","Shop Mod","Spicy Shops","StSLib","Td1madao Mod","The Blackbeard","The Gatherer","The Hierophant","The Marked","The Poker Player","The Runesmith","The Servant 0.9.4","The Spell Scribe","The Vixen","thorton","vexMod"],"gold_per_floor":[118,118,118,136,146,176,195,195,195,230,251,268,268,281,281,383,383,403,403,421,439,462,501,518,518,518,518],"floor_reached":26,"language":"ENG","playtime":899,"items_purged":[],"score":269,"play_id":"4944a10a-f218-4774-b78b-4a4d1c762584","local_time":"20210118141855","is_ascension_mode":false,"campfire_choices":[{"data":"White Noise","floor":8,"key":"SMITH"},{"data":"Hologram","floor":13,"key":"SMITH"},{"data":"Hologram","floor":15,"key":"SMITH"},{"floor":25,"key":"REST"}],"circlet_count":0,"master_deck":["Strike_B","Strike_B","Strike_B","Strike_B","Defend_B","Defend_B","Defend_B","Defend_B","Zap+1","Dualcast","jedi:locknload","Self Repair","ReplayTheSpireMod:Calculation Training","White Noise+1","Time Bomb","Ball Lightning","Hologram+1","Hologram+1","Reboot","BasicCrystalCard+1","aspiration:Polymerization+1","Double Energy","Ball Lightning+1","Redo","BootSequence"],"relics":["Cracked Core","Oddly Smooth Stone","infinitespire:Midas Blood","Strawberry","Prayer Wheel","infinitespire:Cupcake","jedi:archwizardhat","Girya"],"acts_visited":["Exordium","TheCity"],"potions_floor_usage":[10,10,14,18,20,21,24],"damage_taken":[{"damage":1,"enemies":"Jaw Worm","floor":1,"turns":3},{"damage":5,"enemies":"2 Louse","floor":4,"turns":2},{"damage":5,"enemies":"Small Slimes","floor":5,"turns":3},{"damage":8,"enemies":"Lagavulin","floor":6,"turns":6},{"damage":10,"enemies":"Looter","floor":7,"turns":3},{"damage":0,"enemies":"Gremlin Nob","floor":10,"turns":2},{"damage":11,"enemies":"Lots of Slimes","floor":11,"turns":3},{"damage":18,"enemies":"Exordium Thugs","floor":12,"turns":3},{"damage":5,"enemies":"Gremlin Gang","floor":14,"turns":2},{"damage":41,"enemies":"The Guardian","floor":16,"turns":5},{"damage":4,"enemies":"Spheric Guardian","floor":18,"turns":3},{"damage":0,"enemies":"Chosen","floor":20,"turns":4},{"damage":22,"enemies":"3 Cultists","floor":21,"turns":4},{"damage":24,"enemies":"Snecko","floor":22,"turns":4},{"damage":31,"enemies":"Nightmare","floor":23,"turns":6},{"damage":8,"enemies":"Cultist and Chosen","floor":24,"turns":5}],"seed_played":"218634332189804721","potions_obtained":[{"floor":1,"key":"PowerPotion"},{"floor":7,"key":"potionbrewer:NoxiousPotion"},{"floor":10,"key":"Energy Potion"},{"floor":16,"key":"FearPotion"},{"floor":18,"key":"EssenceOfSteel"},{"floor":19,"key":"DistilledChaos"},{"floor":19,"key":"potionbrewer:HastePotion"},{"floor":19,"key":"Death Potion"},{"floor":23,"key":"Block Potion"},{"floor":24,"key":"potionbrewer:ToxicPotion"}],"is_trial":false,"path_per_floor":["M","?","?","M","M","E","M","R","T","E","M","M","R","M","R","B",null,"M","?","M","M","M","NM","M","R","T"],"character_chosen":"DEFECT","items_purchased":[],"campfire_rested":1,"item_purchase_floors":[],"current_hp_per_floor":[74,74,79,80,80,79,76,76,76,83,79,68,68,70,70,36,87,87,87,87,72,48,24,23,49,49,49],"gold":518,"neow_bonus":"THREE_CARDS","is_daily":false,"chose_seed":false,"campfire_upgraded":3,"win_rate":0.0,"timestamp":1611008335,"path_taken":["M","?","?","M","M","E","M","R","T","E","M","M","R","M","R","BOSS","M","?","M","M","M","NM","M","R","T"],"items_purchased_type":[],"build_version":"2020-12-22","purchased_purges":0,"victory":false,"max_hp_per_floor":[75,75,80,80,80,80,80,80,80,87,87,87,87,87,87,87,87,87,87,87,87,87,87,87,87,87,87],"card_choices":[{"not_picked":["Force Field","Coolheaded"],"picked":"jedi:locknload","floor":0},{"not_picked":["Capacitor","Go for the Eyes"],"picked":"Self Repair","floor":1},{"not_picked":["Compile Driver","Reprogram"],"picked":"ReplayTheSpireMod:Calculation Training","floor":4},{"not_picked":["Rebound","Coolheaded"],"picked":"White Noise","floor":5},{"not_picked":["Turbo","jedi:darknesscall"],"picked":"Time Bomb","floor":6},{"not_picked":["Redo","jedi:BurstFrost"],"picked":"Ball Lightning","floor":7},{"not_picked":["jedi:BurstLightning","Leap","Go for the Eyes"],"picked":"SKIP","floor":10},{"not_picked":["Lockon","BasicCrystalCard"],"picked":"Hologram","floor":11},{"not_picked":["Hello World","Barrage"],"picked":"Hologram","floor":12},{"not_picked":["jedi:BurstFrost","Conserve Battery"],"picked":"ReplayTheSpireMod:Fabricate Wheel","floor":14},{"not_picked":["Amplify","Rainbow"],"picked":"Reboot","floor":16},{"not_picked":["Rebound","Melter"],"picked":"BasicCrystalCard+1","floor":18},{"not_picked":["Fusion","Streamline+1"],"picked":"aspiration:Polymerization+1","floor":18},{"not_picked":["Turbo+1","Cold Snap+1"],"picked":"Double Energy","floor":20},{"not_picked":["Gash+1","jedi:locknload","Reprogram+1"],"picked":"SKIP","floor":20},{"not_picked":["White Noise","jedi:BurstFrost"],"picked":"Ball Lightning+1","floor":21},{"not_picked":["Steam","hubris:Prefetch","Ball Lightning"],"picked":"SKIP","floor":21},{"not_picked":["Doom and Gloom","Panic Button","Time Bomb"],"picked":"SKIP","floor":22},{"not_picked":["Hologram","Rebound","FTL"],"picked":"SKIP","floor":22},{"not_picked":["Reprogram","Sweeping Beam"],"picked":"Redo","floor":23},{"not_picked":["Blizzard","Redo"],"picked":"BootSequence","floor":24},{"not_picked":["Ball Lightning+1","Storm","Go for the Eyes"],"picked":"SKIP","floor":24}],"player_experience":203814,"relics_obtained":[{"floor":6,"key":"Oddly Smooth Stone"},{"floor":9,"key":"infinitespire:Midas Blood"},{"floor":10,"key":"Strawberry"},{"floor":23,"key":"jedi:archwizardhat"},{"floor":26,"key":"Girya"}],"event_choices":[{"damage_healed":0,"gold_gain":0,"player_choice":"Donut","damage_taken":0,"max_hp_gain":5,"max_hp_loss":0,"event_name":"Big Fish","floor":3,"gold_loss":0},{"damage_healed":0,"gold_gain":0,"player_choice":"Got Potions","damage_taken":0,"max_hp_gain":0,"max_hp_loss":0,"event_name":"Lab","floor":19,"gold_loss":0}],"is_beta":false,"boss_relics":[{"not_picked":["hubris:RunicObelisk","Replay:Wanted Poster"],"picked":"infinitespire:Cupcake"}],"items_purged_floors":[],"is_endless":true,"potions_floor_spawned":[1,7,10,16,18,23,24],"ascension_level":0}}