{"host":"nlowmoq7gy18n72d","time":1611000601,"event":{"mods":["BaseMod","Colored Powertips","Downfall","Highlight Path","Minty Spire (QoL Compilation)","StSLib"],"gold_per_floor":[0,16,16,191,191,210,210,360,380,413,413,34,34,45,55,157,157,157,176,188,204,89,89,89,103,103,103,103],"floor_reached":27,"language":"ENG","playtime":1033,"items_purged":["Doubt","downfall:Icky"],"score":238,"play_id":"20699f3d-4b99-4054-82ed-effc48f8213f","local_time":"20210118231001","is_ascension_mode":false,"campfire_choices":[{"data":"bronze:Replicate","floor":1,"key":"SMITH"},{"data":"bronze:DelayedSlice","floor":13,"key":"SMITH"},{"data":"bronze:Terminator","floor":18,"key":"SMITH"},{"data":"bronze:FineTuning","floor":23,"key":"SMITH"}],"circlet_count":0,"master_deck":["bronze:Defend","bronze:Defend","bronze:Defend","bronze:Defend","bronze:Replicate+1","bronze:Goto","bronze:Safeguard","bronze:Philosophize","bronze:DelayedSlice+1","bronze:Separator","bronze:Terminator+1","bronze:MaxOutput","bronze:Overload","bronze:Optimize","bronze:FineTuning","bronze:Turbo","bronze:CleanCode","bronze:FineTuning+1","bronze:Repair","bronze:Flail","bronze:Optimize","bronze:Repulsor"],"relics":["bronze:BronzeCore","Mango","Incense Burner","bronze:MakeshiftBattery","Question Card","downfall:RedIOU"],"acts_visited":["Exordium","TheCity"],"potions_floor_usage":[10,14,14,16,19,25],"damage_taken":[{"damage":0,"enemies":"Small Slimes","floor":2,"turns":3},{"damage":0,"enemies":"2 Louse","floor":6,"turns":3},{"damage":1,"enemies":"Cultist","floor":9,"turns":4},{"damage":5,"enemies":"Gremlin Nob","floor":10,"turns":4},{"damage":10,"enemies":"downfall:FleeingMerchant","floor":12,"turns":4},{"damage":5,"enemies":"Exordium Thugs","floor":14,"turns":2},{"damage":0,"enemies":"Large Slime","floor":15,"turns":4},{"damage":31,"enemies":"DF_ARCHETYPE_STREAMLINE","floor":16,"turns":7},{"damage":6,"enemies":"Chosen","floor":19,"turns":5},{"damage":5,"enemies":"Spheric Guardian","floor":20,"turns":4},{"damage":60,"enemies":"Snake Plant","floor":21,"turns":9},{"damage":0,"enemies":"downfall:FleeingMerchant","floor":22,"turns":4},{"damage":36,"enemies":"Centurion and Healer","floor":25,"turns":10},{"damage":10,"enemies":"Cultist and Chosen","floor":27,"turns":3}],"seed_played":"-9073549750962236000","potions_obtained":[{"floor":2,"key":"Ancient Potion"},{"floor":9,"key":"hexamod:SoulburnPotion"},{"floor":15,"key":"DuplicationPotion"},{"floor":16,"key":"Block Potion"},{"floor":20,"key":"SpeedPotion"},{"floor":25,"key":"Ancient Potion"}],"is_trial":false,"path_per_floor":["R","M","?","?","?","M","T","?","M","E","?","$","R","M","M","B",null,"R","M","M","M","$","R","T","M","?","M"],"character_chosen":"THE_AUTOMATON","items_purchased":["bronze:Overload","bronze:Optimize","Fruit Juice","Explosive Potion"],"campfire_rested":0,"item_purchase_floors":[12,12,12,12],"current_hp_per_floor":[70,70,70,70,70,70,84,84,83,78,71,61,61,61,61,30,89,89,83,78,27,36,36,36,10,10,0,0],"gold":103,"neow_bonus":"REMOVE_TWO","is_daily":false,"chose_seed":false,"campfire_upgraded":4,"win_rate":0.0,"timestamp":1611000601,"path_taken":["R","M","?","?","?","M","T","?","M","E","?","?","R","M","M","BOSS","R","M","M","M","$","R","T","M","?","M"],"items_purchased_type":["Card","Card","Potion","Potion"],"build_version":"2020-12-22","purchased_purges":2,"victory":false,"max_hp_per_floor":[70,70,70,70,70,70,84,84,84,84,84,84,84,89,89,89,89,89,89,89,89,89,89,89,89,89,89,89],"card_choices":[{"not_picked":["bronze:Philosophize","bronze:BuggyMess"],"picked":"bronze:Safeguard","floor":2},{"not_picked":["bronze:BitShift","bronze:Constructor"],"picked":"bronze:DelayedSlice","floor":6},{"not_picked":["bronze:Constructor","bronze:NullPointer"],"picked":"bronze:Separator","floor":9},{"not_picked":["bronze:Constructor","bronze:Return"],"picked":"bronze:Terminator","floor":10},{"not_picked":["bronze:BugBarrage","bronze:DelayedGuard"],"picked":"bronze:MaxOutput","floor":12},{"not_picked":["bronze:DarkDash","bronze:Frontload"],"picked":"bronze:FineTuning","floor":14},{"not_picked":["bronze:BugBarrage","bronze:Refactor"],"picked":"bronze:Turbo","floor":15},{"not_picked":["bronze:AlphaBuild","bronze:Break"],"picked":"bronze:CleanCode","floor":16},{"not_picked":["bronze:DarkDash+1","bronze:Boost"],"picked":"bronze:FineTuning","floor":19},{"not_picked":["bronze:Turbo","bronze:Branch"],"picked":"bronze:Repair","floor":20},{"not_picked":["bronze:ClassDefault","bronze:Branch"],"picked":"bronze:Flail","floor":21},{"not_picked":["bronze:WildBeam+1","bronze:Invalidate"],"picked":"bronze:Optimize","floor":22},{"not_picked":["bronze:DelayedGuard","bronze:Invalidate","bronze:ItsAFeature"],"picked":"bronze:Repulsor","floor":25}],"player_experience":686235,"relics_obtained":[{"floor":7,"key":"Mango"},{"floor":10,"key":"Dream Catcher"},{"floor":24,"key":"Question Card"}],"event_choices":[{"cards_removed":["bronze:Strike"],"damage_healed":0,"gold_gain":0,"player_choice":"Card Removal","damage_taken":0,"max_hp_gain":0,"max_hp_loss":0,"event_name":"The Cleric","floor":3,"gold_loss":0},{"damage_healed":0,"gold_gain":0,"player_choice":"Success","damage_taken":7,"relics_obtained":["Incense Burner"],"max_hp_gain":0,"max_hp_loss":0,"event_name":"Scrap Ooze","floor":11,"gold_loss":0}],"is_beta":false,"boss_relics":[{"not_picked":["Fusion Hammer","Pandora\u0027s Box"],"picked":"bronze:MakeshiftBattery"}],"items_purged_floors":[12,22],"is_endless":false,"potions_floor_spawned":[2,9,15,16,20,25],"killed_by":"Cultist and Chosen","ascension_level":0}}