{"host":"8d3fefv2347kqkpz","time":1611006144,"event":{"mods":["100% Spire Juice","AchievementEnabler","Act Like it!","Aspiration","BaseMod","Better Vampires","Colored Map","Colored Powertips","Conspire","GifTheSpireLib","Highlight Path","Mimic Mod","Minty Spire (QoL Compilation)","Quick Restart","Reimu£®≤©¿ˆ¡È√Œ£©","Relic Stats","Remilia£®¿Ÿ√◊¿Ú—«£©","Replay The Spire","Spicy Shops","StSLib","The Gatherer","The Jungle","The Senshi","The Servant 0.9.4","Waifu the Spire","vexMod"],"gold_per_floor":[115,115,115,125,144,144,144],"floor_reached":6,"language":"ZHS","playtime":173,"items_purged":[],"score":36,"play_id":"dcfc0359-923f-43f7-8a03-0b9cd5489f74","local_time":"20210119054224","is_ascension_mode":false,"campfire_choices":[],"circlet_count":0,"master_deck":["Strike_B","Strike_B","Strike_B","Strike_B","Defend_B","Defend_B","Defend_B","Defend_B","Zap","Dualcast","Redo+1","Injury","aspiration:Polymerization+1","White Noise+1"],"relics":["Cracked Core","Toxic Egg 2"],"acts_visited":["Exordium"],"potions_floor_usage":[6],"damage_taken":[{"damage":0.0,"enemies":"2 Louse","floor":1.0,"turns":2.0},{"damage":0.0,"enemies":"Cultist","floor":4.0,"turns":3.0},{"damage":1,"enemies":"Jaw Worm","floor":5,"turns":3},{"damage":99,"enemies":"Gremlin Nob","floor":6,"turns":5}],"seed_played":"8490424634229269317","potions_obtained":[{"floor":1.0,"key":"Regen Potion"},{"floor":4,"key":"Explosive Potion"}],"is_trial":false,"path_per_floor":["M","?","?","M","M","E"],"character_chosen":"DEFECT","items_purchased":[],"campfire_rested":0,"item_purchase_floors":[],"current_hp_per_floor":[82,82,82,82,81,0,0],"gold":144,"neow_bonus":"TEN_PERCENT_HP_BONUS","is_daily":false,"chose_seed":false,"campfire_upgraded":0,"win_rate":0.0,"timestamp":1611006144,"path_taken":["M","?","?","?","M","E"],"items_purchased_type":[],"build_version":"2020-12-22","purchased_purges":0,"victory":false,"max_hp_per_floor":[82,82,82,82,82,82,82],"relic_stats":{"counters":[4,13],"obtain_stats":[{"Toxic Egg 2":2,"Cracked Core":0},{"Toxic Egg 2":1,"Cracked Core":0},{"Toxic Egg 2":2,"Cracked Core":0}]},"card_choices":[{"not_picked":["ReplayTheSpireMod:System Scan","Ball Lightning"],"picked":"Redo","floor":1.0},{"not_picked":["ReplayTheSpireMod:Calculation Training+1","Go for the Eyes"],"picked":"aspiration:Polymerization+1","floor":4},{"not_picked":["Streamline","BasicCrystalCard+1"],"picked":"White Noise+1","floor":5}],"player_experience":106978,"relics_obtained":[],"event_choices":[{"damage_healed":0.0,"max_hp_gain":0.0,"max_hp_loss":0.0,"gold_gain":0.0,"event_name":"Accursed Blacksmith","player_choice":"Forge","floor":3.0,"gold_loss":0.0,"damage_taken":0.0,"cards_upgraded":["Redo"]}],"is_beta":false,"boss_relics":[],"items_purged_floors":[],"is_endless":false,"potions_floor_spawned":[1,4],"killed_by":"Gremlin Nob","ascension_level":0}}