{"host":"q9718omregw4er46","time":1611006134,"event":{"mods":["BaseMod","Bestiary","Colored Powertips","Minty Spire (QoL Compilation)","Quick Restart","Relic Stats"],"gold_per_floor":[117,131,149,149,149,180,197,230,230,241,275,275,300,310,310,384,384,394,123,123,139,151,179,193,218,218,218,218,218],"floor_reached":28,"language":"ENG","playtime":928,"items_purged":["Rupture"],"score":755,"play_id":"826be14a-f11d-4abb-8c20-79acfe8c2375","local_time":"20210119024214","is_ascension_mode":true,"campfire_choices":[{"data":"Fiend Fire","floor":12.0,"key":"SMITH"},{"data":"Strike_R","floor":15.0,"key":"PURGE"},{"data":"Feel No Pain","floor":27,"key":"SMITH"}],"circlet_count":0,"master_deck":["AscendersBane","Bash","Uppercut","Pommel Strike","Fiend Fire+1","Shockwave","Carnage","Entrench","Inflame","Reaper","Metallicize","Feed","Sword Boomerang","Thunderclap","Clothesline","Corruption","Armaments","Juggernaut","Disarm","Shrug It Off","Clothesline+1","Inflame","Feel No Pain+1","Inflame","Shrug It Off"],"relics":["Snecko Eye","Paper Frog","Bronze Scales","Singing Bowl","Smiling Mask","White Beast Statue","Peace Pipe","Pandora\u0027s Box","HornCleat","Ancient Tea Set","Toxic Egg 2"],"acts_visited":["Exordium","TheCity"],"potions_floor_usage":[],"damage_taken":[{"damage":7.0,"enemies":"Jaw Worm","floor":1.0,"turns":3.0},{"damage":0.0,"enemies":"2 Louse","floor":2.0,"turns":2.0},{"damage":0.0,"enemies":"Cultist","floor":3.0,"turns":3.0},{"damage":5.0,"enemies":"3 Sentries","floor":6.0,"turns":6.0},{"damage":0.0,"enemies":"2 Fungi Beasts","floor":7.0,"turns":2.0},{"damage":0.0,"enemies":"Gremlin Nob","floor":8.0,"turns":2.0},{"damage":0.0,"enemies":"Large Slime","floor":10.0,"turns":3.0},{"damage":0.0,"enemies":"Lagavulin","floor":11.0,"turns":5.0},{"damage":0.0,"enemies":"Gremlin Nob","floor":13.0,"turns":2.0},{"damage":5.0,"enemies":"Exordium Thugs","floor":14.0,"turns":3.0},{"damage":40.0,"enemies":"Hexaghost","floor":16.0,"turns":7.0},{"damage":0.0,"enemies":"Chosen","floor":18.0,"turns":2.0},{"damage":0.0,"enemies":"Spheric Guardian","floor":21.0,"turns":3.0},{"damage":32.0,"enemies":"Chosen and Byrds","floor":22.0,"turns":5.0},{"damage":32,"enemies":"Gremlin Leader","floor":23,"turns":4},{"damage":21,"enemies":"Centurion and Healer","floor":24,"turns":6},{"damage":34,"enemies":"Slavers","floor":25,"turns":5},{"damage":0,"enemies":"Gremlin Leader","floor":28,"turns":1}],"seed_played":"-2558036421614967843","potions_obtained":[{"floor":1.0,"key":"Strength Potion"},{"floor":7.0,"key":"BloodPotion"},{"floor":8.0,"key":"SkillPotion"},{"floor":13.0,"key":"BloodPotion"},{"floor":16.0,"key":"BloodPotion"},{"floor":18.0,"key":"BlessingOfTheForge"},{"floor":22.0,"key":"Fruit Juice"},{"floor":23,"key":"Dexterity Potion"}],"is_trial":true,"path_per_floor":["M","M","M","?","?","E","M","E","T","M","E","R","E","M","R","B",null,"M","$","?","M","M","E","M","E","T","R","E"],"character_chosen":"IRONCLAD","items_purchased":["Juggernaut","Disarm","Shrug It Off"],"campfire_rested":0,"item_purchase_floors":[19,19,19],"current_hp_per_floor":[61,61,61,61,61,56,56,56,56,58,58,58,75,72,72,48,73,82,82,58,58,44,48,44,43,43,43,43,43],"gold":218,"neow_bonus":"","is_daily":false,"chose_seed":false,"campfire_upgraded":2,"win_rate":0.0,"timestamp":1611006134,"path_taken":["M","M","M","?","?","E","?","E","T","M","E","R","E","M","R","BOSS","M","$","?","M","M","E","M","E","T","R","E"],"items_purchased_type":["Card","Card","Card"],"build_version":"2020-12-22","purchased_purges":1,"victory":false,"max_hp_per_floor":[75,75,75,75,75,75,75,75,75,77,77,77,79,81,81,81,81,83,83,88,88,96,96,99,102,102,102,102,102],"relic_stats":{"Peace Pipe":1,"Singing Bowl":8,"counters":[18,64],"Bronze Scales":[127],"Snecko Eye":[102,103,113,99],"Pandora\u0027s Box":["Metallicize","Feed","Sword Boomerang","Rupture","Thunderclap","Clothesline","Corruption","Armaments"],"Smiling Mask":25,"obtain_stats":[{"Peace Pipe":13,"HornCleat":23,"Singing Bowl":8,"Bronze Scales":6,"Snecko Eye":0,"Pandora\u0027s Box":17,"Toxic Egg 2":26,"Smiling Mask":9,"Ancient Tea Set":25,"White Beast Statue":11,"Paper Frog":5},{"Peace Pipe":9,"HornCleat":15,"Singing Bowl":6,"Bronze Scales":4,"Snecko Eye":0,"Pandora\u0027s Box":11,"Toxic Egg 2":17,"Smiling Mask":6,"Ancient Tea Set":17,"White Beast Statue":8,"Paper Frog":3},{"Peace Pipe":28,"HornCleat":52,"Singing Bowl":18,"Bronze Scales":14,"Snecko Eye":0,"Pandora\u0027s Box":38,"Toxic Egg 2":63,"Smiling Mask":18,"Ancient Tea Set":63,"White Beast Statue":26,"Paper Frog":8}]},"card_choices":[{"not_picked":["Reckless Charge","Heavy Blade"],"picked":"Uppercut","floor":1.0},{"not_picked":["Armaments","Sword Boomerang"],"picked":"Pommel Strike","floor":2.0},{"not_picked":["Warcry","True Grit"],"picked":"Fiend Fire","floor":3.0},{"not_picked":["Uppercut","Second Wind"],"picked":"Shockwave","floor":6.0},{"not_picked":["Clash","Sword Boomerang"],"picked":"Carnage","floor":7.0},{"not_picked":["Inflame","Sentinel"],"picked":"Entrench","floor":8.0},{"not_picked":["Heavy Blade","Warcry","Wild Strike"],"picked":"Singing Bowl","floor":10.0},{"not_picked":["Thunderclap","Warcry"],"picked":"Inflame","floor":11.0},{"not_picked":["Thunderclap","Sever Soul","True Grit"],"picked":"Singing Bowl","floor":13.0},{"not_picked":["Iron Wave","Flex","Cleave"],"picked":"Singing Bowl","floor":14.0},{"not_picked":["Corruption","Juggernaut"],"picked":"Reaper","floor":16.0},{"not_picked":["Reckless Charge","Thunderclap","Heavy Blade"],"picked":"Singing Bowl","floor":18.0},{"not_picked":["Wild Strike","Battle Trance+1"],"picked":"Clothesline+1","floor":21.0},{"not_picked":["Heavy Blade","Wild Strike+1"],"picked":"Inflame","floor":22.0},{"not_picked":["Hemokinesis","Perfected Strike"],"picked":"Feel No Pain","floor":23},{"not_picked":["Entrench","Cleave+1"],"picked":"Inflame","floor":24},{"not_picked":["Flex","Clash"],"picked":"Shrug It Off","floor":25}],"player_experience":1232696,"relics_obtained":[{"floor":6.0,"key":"Bronze Scales"},{"floor":8.0,"key":"Singing Bowl"},{"floor":9.0,"key":"Smiling Mask"},{"floor":11.0,"key":"White Beast Statue"},{"floor":13.0,"key":"Peace Pipe"},{"floor":23,"key":"HornCleat"},{"floor":25,"key":"Ancient Tea Set"},{"floor":26,"key":"Toxic Egg 2"}],"event_choices":[{"damage_healed":0.0,"max_hp_gain":0.0,"max_hp_loss":0.0,"gold_gain":0.0,"event_name":"Liars Game","player_choice":"Ignored","floor":4.0,"gold_loss":0.0,"damage_taken":0.0},{"damage_healed":0.0,"max_hp_gain":0.0,"max_hp_loss":0.0,"gold_gain":0.0,"event_name":"WeMeetAgain","player_choice":"Gave Potion","floor":5.0,"gold_loss":0.0,"damage_taken":0.0,"relics_obtained":["Paper Frog"]},{"damage_healed":0.0,"max_hp_gain":5.0,"max_hp_loss":0.0,"gold_gain":0.0,"event_name":"Forgotten Altar","player_choice":"Shed Blood","floor":20.0,"gold_loss":0.0,"damage_taken":29.0}],"is_beta":false,"boss_relics":[{"not_picked":["SlaversCollar","Runic Pyramid"],"picked":"Pandora\u0027s Box"}],"items_purged_floors":[19],"is_endless":false,"potions_floor_spawned":[1,7,8,13,14,16,18,21,22,23,24,25],"killed_by":"Gremlin Leader","ascension_level":20}}