{"host":"xc18ixkpjvqrt8st","time":1611002616,"event":{"mods":["Act Like it!","BaseMod","Better Match","Better Third Choice","Conspire","Hallownest","Hermit","Hubris","Infinite Spire","Minty Spire (QoL Compilation)","Replay The Spire","Robot Space Explorer","Shop Mod","Spicy Shops","StSLib","The Animator","The Jungle","The Marked"],"gold_per_floor":[112,185,185,150,150,150,150],"floor_reached":6,"language":"ENG","playtime":167,"items_purged":[],"score":32,"play_id":"bb6f18ca-fc3b-46a6-839e-4808f66bb038","local_time":"20210118144336","is_ascension_mode":false,"campfire_choices":[],"circlet_count":0,"master_deck":["animator:Strike_Konosuba","animator:Defend_Konosuba","animator:Strike","animator:Strike","animator:Strike","animator:Defend","animator:Defend","animator:Defend","animator:Kazuma","animator:Aqua","animator:Millim","animator:Tyuule","animator:Megumin","Burn"],"relics":["animator:LivingPicture","animator:TheMissingPiece","conspire:DeflatedDodgeball","hubris:Icosahedron"],"acts_visited":["Exordium"],"potions_floor_usage":[],"damage_taken":[{"damage":5,"enemies":"Small Slimes","floor":1,"turns":5},{"damage":66,"enemies":"Gremlin Nob","floor":6,"turns":5}],"seed_played":"-8438270270402292297","potions_obtained":[],"is_trial":false,"path_per_floor":["M","?","?","?","?","E"],"character_chosen":"THE_ANIMATOR","items_purchased":[],"campfire_rested":0,"item_purchase_floors":[],"current_hp_per_floor":[69,41,41,59,59,0,0],"gold":150,"neow_bonus":"TEN_PERCENT_HP_BONUS","is_daily":false,"chose_seed":false,"campfire_upgraded":0,"win_rate":0.0,"timestamp":1611002616,"path_taken":["M","?","?","?","?","E"],"items_purchased_type":[],"build_version":"2020-12-22","purchased_purges":0,"victory":false,"max_hp_per_floor":[72,72,72,72,72,72,72],"card_choices":[{"not_picked":["animator:Shigure","animator:Aqua"],"picked":"animator:Millim","floor":1},{"not_picked":["animator:GazelDwargon","animator:Kaijin"],"picked":"animator:Tyuule","floor":2},{"not_picked":["animator:Verdia","animator:MaesHughes"],"picked":"animator:Megumin","floor":2}],"player_experience":544740,"relics_obtained":[{"floor":2,"key":"conspire:DeflatedDodgeball"}],"event_choices":[{"damage_healed":18,"gold_gain":0,"player_choice":"Healed","damage_taken":0,"max_hp_gain":0,"max_hp_loss":0,"event_name":"The Cleric","floor":4,"gold_loss":35},{"damage_healed":59,"gold_gain":0,"player_choice":"Embrace Burn","damage_taken":0,"max_hp_gain":0,"max_hp_loss":72,"event_name":"betterThird:BetterShining","floor":5,"gold_loss":0}],"is_beta":false,"boss_relics":[],"items_purged_floors":[],"is_endless":false,"potions_floor_spawned":[],"killed_by":"Gremlin Nob","ascension_level":0}}