{"host":"lhth1efayex2023z","time":1611011994,"event":{"mods":["BaseMod","Colored Map","Googly Eyes","Minty Spire (QoL Compilation)","StSLib"],"gold_per_floor":[111,130,80,127,146,173,183,213,238,268,278,203,203,214,214,214,214],"floor_reached":16,"language":"ENG","playtime":595,"items_purged":["Strike_B"],"score":128,"play_id":"014ca7db-9346-4dda-bbbc-ee99c1711eb4","local_time":"20210118161954","is_ascension_mode":true,"campfire_choices":[{"data":"Zap","floor":13,"key":"SMITH"},{"floor":15,"key":"REST"}],"circlet_count":0,"master_deck":["Strike_B","Strike_B","Defend_B","Defend_B","Defend_B","Defend_B","Zap+1","Dualcast","Auto Shields","Capacitor","Defragment","Loop","Glacier","Reboot"],"relics":["Cracked Core","Bag of Preparation","DataDisk","Unceasing Top","Lantern","Shuriken"],"acts_visited":["Exordium"],"potions_floor_usage":[14,16,16],"damage_taken":[{"damage":6,"enemies":"Jaw Worm","floor":1,"turns":3},{"damage":5,"enemies":"Cultist","floor":2,"turns":4},{"damage":0,"enemies":"2 Louse","floor":5,"turns":3},{"damage":17,"enemies":"3 Sentries","floor":6,"turns":8},{"damage":5,"enemies":"Looter","floor":7,"turns":3},{"damage":15,"enemies":"Lagavulin","floor":8,"turns":8},{"damage":26,"enemies":"3 Sentries","floor":10,"turns":7},{"damage":2,"enemies":"2 Fungi Beasts","floor":11,"turns":3},{"damage":0,"enemies":"Lots of Slimes","floor":14,"turns":6},{"damage":34,"enemies":"Hexaghost","floor":16,"turns":14}],"seed_played":"-1401173979735250520","potions_obtained":[{"floor":1,"key":"EssenceOfSteel"},{"floor":7,"key":"SkillPotion"},{"floor":11,"key":"ColorlessPotion"},{"floor":14,"key":"Swift Potion"}],"is_trial":false,"path_per_floor":["M","M","?","T","M","E","M","E","T","E","M","$","R","M","R","B"],"character_chosen":"DEFECT","items_purchased":[],"campfire_rested":1,"item_purchase_floors":[],"current_hp_per_floor":[76,71,71,71,71,54,49,34,34,8,6,6,6,6,30,0,0],"gold":214,"neow_bonus":"TEN_PERCENT_HP_BONUS","is_daily":false,"chose_seed":false,"campfire_upgraded":1,"win_rate":0.0,"timestamp":1611011994,"path_taken":["M","M","?","?","M","E","M","E","T","E","?","?","R","M","R","BOSS"],"items_purchased_type":[],"build_version":"2020-12-22","purchased_purges":1,"victory":false,"max_hp_per_floor":[82,82,82,82,82,82,82,82,82,82,82,82,82,82,82,82,82],"card_choices":[{"not_picked":["Rip and Tear","Barrage","Chaos"],"picked":"SKIP","floor":1},{"not_picked":["Undo","Hologram","Barrage"],"picked":"SKIP","floor":2},{"not_picked":["Steam","Rebound"],"picked":"Auto Shields","floor":5},{"not_picked":["Aggregate","Compile Driver"],"picked":"Capacitor","floor":6},{"not_picked":["Beam Cell","Streamline"],"picked":"Defragment","floor":7},{"not_picked":["Streamline","Steam"],"picked":"Loop","floor":8},{"not_picked":["Sweeping Beam","Streamline","Turbo"],"picked":"SKIP","floor":10},{"not_picked":["Barrage","Beam Cell"],"picked":"Glacier","floor":11},{"not_picked":["Ball Lightning","Redo"],"picked":"Reboot","floor":14}],"player_experience":458148,"relics_obtained":[{"floor":4,"key":"Bag of Preparation"},{"floor":6,"key":"DataDisk"},{"floor":8,"key":"Unceasing Top"},{"floor":9,"key":"Lantern"},{"floor":10,"key":"Shuriken"}],"event_choices":[{"cards_removed":["Strike_B"],"damage_healed":0,"gold_gain":0,"player_choice":"Card Removal","damage_taken":0,"max_hp_gain":0,"max_hp_loss":0,"event_name":"The Cleric","floor":3,"gold_loss":50}],"is_beta":false,"boss_relics":[],"items_purged_floors":[12],"is_endless":false,"potions_floor_spawned":[1,7,11,14],"killed_by":"Hexaghost","ascension_level":1}}