{"host":"8d3fefv2347kqkpz","time":1611009251,"event":{"mods":["100% Spire Juice","AchievementEnabler","Act Like it!","Aspiration","BaseMod","Better Vampires","Colored Map","Colored Powertips","Conspire","GifTheSpireLib","Highlight Path","Mimic Mod","Minty Spire (QoL Compilation)","Quick Restart","Reimu£®≤©¿ˆ¡È√Œ£©","Relic Stats","Remilia£®¿Ÿ√◊¿Ú—«£©","Replay The Spire","Spicy Shops","StSLib","The Gatherer","The Jungle","The Senshi","The Servant 0.9.4","Waifu the Spire","vexMod"],"gold_per_floor":[117,128,128,146,146,146,146,146],"floor_reached":7,"language":"ZHS","playtime":148,"items_purged":[],"score":41,"play_id":"5f89bb14-1115-494b-8c72-08b37429bd3b","local_time":"20210119063411","is_ascension_mode":false,"campfire_choices":[{"data":"Dualcast","floor":6,"key":"SMITH"}],"circlet_count":0,"master_deck":["Strike_B","Defend_B","Defend_B","Defend_B","Defend_B","Zap","Dualcast+1","Looming Evil"],"relics":["Cracked Core","Ring of Shattering","Ring of Fury"],"acts_visited":[],"potions_floor_usage":[],"damage_taken":[{"damage":1,"enemies":"Jaw Worm","floor":1,"turns":4},{"damage":1,"enemies":"Cultist","floor":2,"turns":3},{"damage":0,"enemies":"2 Louse","floor":4,"turns":3},{"damage":4,"enemies":"Gremlin Nob","floor":7,"turns":3}],"seed_played":"-8526154013919961176","potions_obtained":[],"is_trial":false,"path_per_floor":["M","M","?","M","?","R","E"],"character_chosen":"DEFECT","items_purchased":[],"campfire_rested":0,"item_purchase_floors":[],"current_hp_per_floor":[67,66,66,66,66,66,62,62],"gold":146,"neow_bonus":"REMOVE_TWO","is_daily":false,"chose_seed":false,"campfire_upgraded":1,"win_rate":0.0,"timestamp":1611009251,"path_taken":["M","M","?","?","?","R","E"],"items_purchased_type":[],"build_version":"2020-12-22","purchased_purges":0,"victory":false,"max_hp_per_floor":[68,68,68,68,68,68,68,68],"relic_stats":{"counters":[4,13],"obtain_stats":[{"Ring of Fury":5,"Ring of Shattering":5,"Cracked Core":0},{"Ring of Fury":3,"Ring of Shattering":3,"Cracked Core":0},{"Ring of Fury":10,"Ring of Shattering":10,"Cracked Core":0}]},"card_choices":[{"not_picked":["Streamline","Sweeping Beam","ReplaySolidLightProjector"],"picked":"SKIP","floor":1},{"not_picked":["Compile Driver","Scrape","Turbo"],"picked":"SKIP","floor":2},{"not_picked":["Beam Cell","Panic Button","Stack"],"picked":"SKIP","floor":4}],"player_experience":110057,"relics_obtained":[{"floor":5,"key":"Ring of Shattering"},{"floor":5,"key":"Ring of Fury"}],"event_choices":[{"cards_removed":["Strike_B"],"damage_healed":0,"gold_gain":0,"player_choice":"Offered Basic","damage_taken":0,"max_hp_gain":0,"max_hp_loss":0,"event_name":"Bonfire Elementals","floor":3,"gold_loss":0}],"is_beta":false,"boss_relics":[],"items_purged_floors":[],"is_endless":false,"potions_floor_spawned":[],"killed_by":"Gremlin Nob","ascension_level":0}}