{"host":"8d3fefv2347kqkpz","time":1611000915,"event":{"mods":["100% Spire Juice","AchievementEnabler","Act Like it!","Aspiration","BaseMod","Better Vampires","Colored Map","Colored Powertips","Conspire","GifTheSpireLib","Highlight Path","Mimic Mod","Minty Spire (QoL Compilation)","Quick Restart","Reimu£®≤©¿ˆ¡È√Œ£©","Relic Stats","Remilia£®¿Ÿ√◊¿Ú—«£©","Replay The Spire","Spicy Shops","StSLib","The Gatherer","The Jungle","The Senshi","The Servant 0.9.4","Waifu the Spire","vexMod"],"gold_per_floor":[114,114,183,233,134,134,168,168,168,293,312,362,13,33,33,133,133,152,19,36,86,98,124,124,143,182,232,301,311,461,481,481,582,582,595,645,695,39,57,57,67,86,111,161,196,106,106,134,134,134],"floor_reached":51,"language":"ZHS","playtime":2219,"items_purged":["Strike_R","Strike_R","Strike_R","Strike_R","ReplayReversal"],"score":1050,"play_id":"bb0be570-86c0-4591-bae2-288ccead973e","local_time":"20210119041515","is_ascension_mode":false,"campfire_choices":[{"data":"Bash","floor":6,"key":"SMITH"},{"data":"Barricade","floor":8,"key":"SMITH"},{"floor":15,"key":"REST"},{"data":"Body Slam","floor":24,"key":"SMITH"},{"data":"Entrench","floor":32,"key":"SMITH"},{"data":"Entrench","floor":40,"key":"SMITH"},{"data":"ReplayUltimateDefense","floor":49,"key":"SMITH"}],"circlet_count":0,"master_deck":["Defend_R","Defend_R","Defend_R","Bash+1","Cleave","Warcry","Barricade+1","Body Slam+1","Armaments+1","Impervious","Armaments+1","ReplayReversal","Entrench+1","Flame Barrier","Shrug It Off","Impervious","ReplayUltimateDefense+1","Entrench+1"],"relics":["Burning Blood","SsserpentHead","ClockworkSouvenir","Boot","CaptainsWheel","Thread and Needle","Velvet Choker","The Courier","conspire:DeflatedDodgeball","Replay:Fungal Core","Lee\u0027s Waffle","vexMod:PlasmaPancake","Nunchaku","Sundial"],"acts_visited":["Exordium","TheCity","TheBeyond"],"potions_floor_usage":[14],"damage_taken":[{"damage":7,"enemies":"2 Louse","floor":1,"turns":2},{"damage":10,"enemies":"Cultist","floor":3,"turns":4},{"damage":35,"enemies":"3 Sentries","floor":7,"turns":7},{"damage":13,"enemies":"Jaw Worm","floor":11,"turns":3},{"damage":3,"enemies":"Blue Slaver","floor":14,"turns":3},{"damage":4,"enemies":"Fading Forest","floor":16,"turns":11},{"damage":0,"enemies":"Chosen","floor":18,"turns":3},{"damage":0,"enemies":"conspire:FuzzyDice","floor":20,"turns":5},{"damage":0,"enemies":"conspire:HollyBat","floor":22,"turns":6},{"damage":0,"enemies":"Gremlin Leader","floor":23,"turns":5},{"damage":12,"enemies":"Snake Plant","floor":25,"turns":2},{"damage":0,"enemies":"Chosen and Byrds","floor":26,"turns":5},{"damage":0,"enemies":"Chosen and Byrds","floor":28,"turns":5},{"damage":0,"enemies":"Centurion and Healer","floor":29,"turns":7},{"damage":0,"enemies":"Cultist and Chosen","floor":31,"turns":6},{"damage":0,"enemies":"conspire:MysteriousRune","floor":33,"turns":5},{"damage":1,"enemies":"3 Darklings","floor":35,"turns":11},{"damage":0,"enemies":"3 Shapes","floor":39,"turns":7},{"damage":0,"enemies":"Sphere and 2 Shapes","floor":41,"turns":7},{"damage":0,"enemies":"Maw","floor":42,"turns":6},{"damage":0,"enemies":"R_Hoarder","floor":45,"turns":9},{"damage":9,"enemies":"Nemesis","floor":48,"turns":5},{"damage":0,"enemies":"conspire:OrnateMirror","floor":50,"turns":9}],"seed_played":"6086353048767416401","potions_obtained":[{"floor":3,"key":"LifebloodPotion"},{"floor":7,"key":"LiquidBronze"},{"floor":11,"key":"Cursed Concoction"},{"floor":18,"key":"Ancient Potion"},{"floor":25,"key":"DuplicationPotion"},{"floor":31,"key":"HeartOfIron"}],"is_trial":false,"path_per_floor":["M","?","M","?","$","R","E","R","T","?","M","?","$","M","R","B",null,"M","$","M","T","M","E","R","M","MIM","?","M","M","?","M","R","B",null,"M","?","?","$","M","R","M","M","T","?","E","$","$","E","R","B",null],"character_chosen":"IRONCLAD","items_purchased":["ClockworkSouvenir","Armaments+1","Thread and Needle","ReplayReversal","Entrench","Lee\u0027s Waffle","vexMod:PlasmaPancake"],"campfire_rested":1,"item_purchase_floors":[5,13,13,19,38,38,38],"current_hp_per_floor":[87,87,83,83,83,83,54,54,54,43,36,36,36,39,65,88,88,88,88,88,94,94,94,94,88,94,94,94,94,94,94,94,94,94,94,94,94,107,107,107,107,107,107,107,107,107,107,104,104,107],"gold":134,"neow_bonus":"TEN_PERCENT_HP_BONUS","is_daily":false,"chose_seed":false,"campfire_upgraded":6,"win_rate":0.0,"timestamp":1611000915,"path_taken":["M","?","?","?","?","R","E","R","T","?","M","?","$","M","R","BOSS","M","$","M","?","M","E","R","M","MIM","?","?","M","?","M","R","BOSS","M","?","?","$","M","R","M","M","T","?","E","?","$","E","R","BOSS"],"items_purchased_type":["Relic","Card","Relic","Card","Card","Relic","Relic"],"build_version":"2020-12-22","purchased_purges":5,"victory":true,"max_hp_per_floor":[88,88,88,88,88,88,88,88,88,88,88,88,88,88,88,88,88,88,88,88,94,94,94,94,94,94,94,94,94,94,94,94,94,94,94,94,94,107,107,107,107,107,107,107,107,107,107,107,107,107],"relic_stats":{"SsserpentHead":650,"Lee\u0027s Waffle":7,"Nunchaku":[1],"counters":[23,133],"Sundial":[2],"Boot":[6],"obtain_stats":[{"vexMod:PlasmaPancake":38,"Lee\u0027s Waffle":38,"Replay:Fungal Core":34,"Velvet Choker":17,"Thread and Needle":13,"vexMod:BerryBomb":21,"The Courier":23,"Boot":7,"Burning Blood":0,"ClockworkSouvenir":5,"SsserpentHead":2,"CaptainsWheel":9,"Nunchaku":43,"Sundial":48,"conspire:DeflatedDodgeball":26},{"vexMod:PlasmaPancake":17,"Lee\u0027s Waffle":17,"Replay:Fungal Core":16,"Velvet Choker":6,"Thread and Needle":4,"vexMod:BerryBomb":8,"The Courier":10,"Boot":3,"Burning Blood":0,"ClockworkSouvenir":2,"SsserpentHead":1,"CaptainsWheel":3,"Nunchaku":20,"Sundial":22,"conspire:DeflatedDodgeball":12},{"vexMod:PlasmaPancake":90,"Lee\u0027s Waffle":90,"Replay:Fungal Core":79,"Velvet Choker":30,"Thread and Needle":16,"vexMod:BerryBomb":38,"The Courier":49,"Boot":13,"Burning Blood":0,"ClockworkSouvenir":6,"SsserpentHead":2,"CaptainsWheel":13,"Nunchaku":110,"Sundial":124,"conspire:DeflatedDodgeball":56}],"Burning Blood":56},"card_choices":[{"not_picked":["Wild Strike","Run Through"],"picked":"Cleave","floor":1},{"not_picked":["Shrug It Off","Wild Strike"],"picked":"Warcry","floor":3},{"not_picked":["Warcry","Power Through"],"picked":"Barricade","floor":7},{"not_picked":["Seeing Red","Pommel Strike"],"picked":"Body Slam","floor":11},{"not_picked":["ReplayTheSpireMod:Strike From Hell","Body Slam","Thunderclap"],"picked":"SKIP","floor":14},{"not_picked":["Eclipse","Fiend Fire"],"picked":"Impervious","floor":16},{"not_picked":["Searing Blow","Thunderclap"],"picked":"Armaments+1","floor":18},{"not_picked":["Havoc","Clash"],"picked":"Entrench","floor":20},{"not_picked":["ReplayTheSpireMod:Strike From Hell+1","Blood for Blood","Abandon"],"picked":"SKIP","floor":22},{"not_picked":["Wild Strike","Clothesline","Whirlwind"],"picked":"SKIP","floor":23},{"not_picked":["conspire:ExplosiveBarrier","Double Tap"],"picked":"Flame Barrier","floor":25},{"not_picked":["Perfected Strike","Carnage+1"],"picked":"ReplayReversal","floor":26},{"not_picked":["True Grit","ReplayTheSpireMod:Strike From Hell"],"picked":"Shrug It Off","floor":28},{"not_picked":["Anger","Defy Death","Armaments"],"picked":"SKIP","floor":29},{"not_picked":["conspire:ExplosiveBarrier","Bloodletting","Shockwave"],"picked":"SKIP","floor":31},{"not_picked":["conspire:Purge","Reaper"],"picked":"Impervious","floor":33},{"not_picked":["Cleave+1","Dark Embrace","Pommel Strike"],"picked":"SKIP","floor":35},{"not_picked":["Panache","ReplayTheSpireMod:Uncanny Aura"],"picked":"ReplayUltimateDefense","floor":37},{"not_picked":["Iron Wave","Replay:Undeath\u0027s Touch","Pummel+1"],"picked":"SKIP","floor":39},{"not_picked":["True Grit","Hemokinesis+1","Perfected Strike+1"],"picked":"SKIP","floor":41},{"not_picked":["Warcry","Rampage","Twin Strike+1"],"picked":"SKIP","floor":42},{"not_picked":["Blood for Blood","Perfected Strike","Pommel Strike+1"],"picked":"SKIP","floor":45},{"not_picked":["Clothesline+1","Double Tap","Perfected Strike"],"picked":"SKIP","floor":48}],"player_experience":99525,"relics_obtained":[{"floor":7,"key":"Boot"},{"floor":9,"key":"CaptainsWheel"},{"floor":21,"key":"vexMod:BerryBomb"},{"floor":23,"key":"The Courier"},{"floor":26,"key":"conspire:DeflatedDodgeball"},{"floor":43,"key":"Nunchaku"},{"floor":48,"key":"Sundial"}],"event_choices":[{"damage_healed":0,"gold_gain":0,"player_choice":"Trade","damage_taken":0,"relics_obtained":["SsserpentHead"],"max_hp_gain":0,"max_hp_loss":0,"event_name":"FaceTrader","floor":2,"gold_loss":0},{"damage_healed":0,"gold_gain":75,"player_choice":"Gather Gold","damage_taken":11,"max_hp_gain":0,"max_hp_loss":0,"event_name":"World of Goop","floor":10,"gold_loss":0},{"cards_removed":["Strike_R"],"damage_healed":0,"gold_gain":0,"player_choice":"Purged","damage_taken":0,"max_hp_gain":0,"max_hp_loss":0,"event_name":"Purifier","floor":12,"gold_loss":0},{"damage_healed":0,"gold_gain":0,"player_choice":"Bought 0 Potions","damage_taken":0,"max_hp_gain":0,"max_hp_loss":0,"event_name":"The Woman in Blue","floor":27,"gold_loss":0},{"damage_healed":0,"gold_gain":100,"player_choice":"Pray","damage_taken":0,"max_hp_gain":0,"max_hp_loss":0,"event_name":"Golden Shrine","floor":30,"gold_loss":0},{"damage_healed":0,"gold_gain":0,"player_choice":"Leave","damage_taken":0,"max_hp_gain":0,"max_hp_loss":0,"event_name":"conspire:Investor","floor":36,"gold_loss":0},{"damage_healed":0,"gold_gain":0,"player_choice":"Memory 1","damage_taken":0,"max_hp_gain":0,"max_hp_loss":0,"event_name":"SensoryStone","floor":37,"gold_loss":0}],"is_beta":false,"boss_relics":[{"not_picked":["Mark of Pain","Sozu"],"picked":"Velvet Choker"},{"not_picked":["ReplayTheSpireMod:DimensionalGlitch","Pandora\u0027s Box"],"picked":"Replay:Fungal Core"}],"items_purged_floors":[5,19,38,38,46],"is_endless":false,"potions_floor_spawned":[3,7,11,18,25,28,31,33,35],"ascension_level":0}}