{"host":"j1lpsl3dsviy43h8","time":1611008349,"event":{"mods":["AchievementEnabler","BaseMod","BetterRewards","Card Forge","Duelist Mod","GifTheSpireLib","Minty Spire (QoL Compilation)","Shop Mod","StSLib","The Wild Card"],"gold_per_floor":[242,417,226,326,426,426,441,473,473,506,516,535,562,576,576,671,671,684,695,695,715,733,768,768,796,796,796,816,570,586,586,586,685,685,705,705,718,269,283,311,311,322,322,622,654,704,28,28,28,28],"floor_reached":51,"language":"ENG","playtime":1882,"items_purged":[],"score":1065,"play_id":"ecf95c19-d1ac-4e81-8987-b97bb1561876","local_time":"20210118171909","is_ascension_mode":false,"campfire_choices":[{"floor":6,"key":"REST"},{"floor":15,"key":"REST"},{"floor":24,"key":"REST"},{"floor":27,"key":"REST"},{"floor":32,"key":"REST"},{"floor":41,"key":"REST"},{"floor":49,"key":"REST"}],"circlet_count":0,"master_deck":["theDuelist:BabyDragon+1","theDuelist:CastleWalls+1","theDuelist:CastleWalls+1","theDuelist:CaveDragon+1","theDuelist:CaveDragon+1","theDuelist:LesserDragon+1","theDuelist:LesserDragon+1","theDuelist:YamataDragon+1","theDuelist:BurstBreath+1","theDuelist:FiendSkull+1","theDuelist:MirageDragon+1","theDuelist:WingedDragonRa+1","theDuelist:SilverDragon+1","theDuelist:Dracocension+1","theDuelist:Dracocension+1","theDuelist:SnowDragon+1","theDuelist:BlasterDragonInfernos+1","theDuelist:TotemDragon+1","theDuelist:EvilMind","theDuelist:RedRisingDragon+1","theDuelist:CyberDragonSieger+1","theDuelist:CyberDragonCore+1","theDuelist:TailSwipe+1","theDuelist:SpiralSpearStrike+3","theDuelist:AmuletDragon+1","theDuelist:Lancephorhynchus+1","theDuelist:MoltenDestruction+1","theDuelist:SafeZone+3","theDuelist:DragonCaptureJar+6","theDuelist:ArmageddonDragonEmp+1","theDuelist:AncientGearGadjiltron+1","theDuelist:Mountain+1","theDuelist:MetalDragon+1","theDuelist:EyeTimaeus+1","theDuelist:TailSwipe+1","theDuelist:StardustDragon+1","theDuelist:WingedDragonRa+1","theDuelist:TyrantWing+1","theDuelist:ArmageddonDragonEmp+1","theDuelist:ThunderDragon+1","theDuelist:MaskedDragon+1"],"relics":["theDuelist:MillenniumPuzzle","theDuelist:CardPoolRelic","theDuelist:CardPoolBasicRelic","theDuelist:BoosterPackPoolRelic","theDuelist:CardPoolAddRelic","theDuelist:CardPoolMinusRelic","theDuelist:CardPoolSaveRelic","theDuelist:CardPoolOptionsRelic","Hammer of Thor","Seething Fire","Anvil of the Gods","Boot","theDuelist:MillenniumCoin","Darkstone Periapt","theDuelist:BoosterBetterBoostersRelic","Nunchaku","theDuelist:BlessingAnubis","Cursed Key","Bag of Marbles","Red Skull","Dream Catcher","theDuelist:CardRewardRelicF","Matryoshka","Busted Crown","HandDrill","Ornamental Fan","Oddly Smooth Stone","Juzu Bracelet","theDuelist:GoldenScale","Akabeko","Thread and Needle","Bottled Flame","Brimstone","theDuelist:DuelistUrn"],"acts_visited":["Exordium","TheCity","TheBeyond"],"potions_floor_usage":[14,16,25,25,39,40,50,50],"damage_taken":[{"damage":0,"enemies":"Jaw Worm","floor":1,"turns":1},{"damage":0,"enemies":"2 Louse","floor":7,"turns":1},{"damage":0,"enemies":"Gremlin Nob","floor":8,"turns":3},{"damage":6,"enemies":"3 Sentries","floor":10,"turns":6},{"damage":0,"enemies":"Small Slimes","floor":11,"turns":2},{"damage":0,"enemies":"2 Fungi Beasts","floor":12,"turns":2},{"damage":0,"enemies":"Gremlin Nob","floor":13,"turns":2},{"damage":2,"enemies":"Gremlin Gang","floor":14,"turns":4},{"damage":22,"enemies":"Slime Boss","floor":16,"turns":5},{"damage":0,"enemies":"3 Byrds","floor":18,"turns":3},{"damage":0,"enemies":"Spheric Guardian","floor":19,"turns":3},{"damage":23,"enemies":"Centurion and Healer","floor":21,"turns":5},{"damage":24,"enemies":"Shelled Parasite and Fungi","floor":22,"turns":4},{"damage":0,"enemies":"theDuelist:KaibaA2","floor":23,"turns":2},{"damage":6,"enemies":"Book of Stabbing","floor":25,"turns":6},{"damage":13,"enemies":"Snake Plant","floor":28,"turns":3},{"damage":0,"enemies":"3 Cultists","floor":30,"turns":1},{"damage":13,"enemies":"Champ","floor":33,"turns":6},{"damage":15,"enemies":"3 Shapes","floor":35,"turns":4},{"damage":8,"enemies":"3 Darklings","floor":37,"turns":4},{"damage":0,"enemies":"Spire Growth","floor":39,"turns":3},{"damage":14,"enemies":"Nemesis","floor":40,"turns":4},{"damage":0,"enemies":"Maw","floor":42,"turns":4},{"damage":0,"enemies":"Giant Head","floor":45,"turns":7},{"damage":33,"enemies":"Mind Bloom Boss Battle","floor":46,"turns":3},{"damage":0,"enemies":"Donu and Deca","floor":50,"turns":5}],"seed_played":"4208410290939421859","potions_obtained":[{"floor":7,"key":"BlessingOfTheForge"},{"floor":8,"key":"theDuelist:OrbBottle"},{"floor":11,"key":"theDuelist:MegaupgradePotion"},{"floor":14,"key":"theDuelist:SealedPackB"},{"floor":16,"key":"SpeedPotion"},{"floor":25,"key":"Explosive Potion"},{"floor":30,"key":"theDuelist:VoidBottle"},{"floor":35,"key":"theDuelist:CoolBottle"},{"floor":40,"key":"Fruit Juice"},{"floor":46,"key":"theDuelist:SteelBrew"},{"floor":48,"key":"theDuelist:DragonSoulPotion"},{"floor":48,"key":"CultistPotion"}],"is_trial":false,"path_per_floor":["M","?","$","?","?","R","M","E","T","E","M","M","E","M","R","B",null,"M","M","?","M","M","E","R","E","T","R","M","$","M","?","R","B",null,"M","?","M","$","M","E","R","M","T","?","E","?","$","?","R","B",null],"character_chosen":"THE_DUELIST","items_purchased":["theDuelist:MirageDragon","Boot","theDuelist:CardRewardRelicF","HandDrill","Ornamental Fan","theDuelist:TyrantWing","Bottled Flame","Brimstone","theDuelist:DuelistUrn"],"campfire_rested":7,"item_purchase_floors":[3,3,29,38,38,38,47,47,47],"current_hp_per_floor":[80,80,80,80,80,80,80,80,80,74,74,74,74,72,80,58,80,80,80,80,57,33,33,57,51,57,82,69,69,69,69,86,73,86,71,71,63,63,63,54,81,81,87,87,87,54,54,54,83,89],"gold":28,"neow_bonus":"HUNDRED_GOLD","is_daily":false,"chose_seed":false,"campfire_upgraded":0,"win_rate":0.0,"timestamp":1611008349,"path_taken":["M","?","$","?","?","R","M","E","T","E","?","M","E","M","R","BOSS","M","M","?","M","M","E","R","E","T","R","M","$","?","?","R","BOSS","M","?","M","$","M","E","R","M","T","?","E","?","$","?","R","BOSS"],"items_purchased_type":["Card","Relic","Relic","Relic","Relic","Card","Relic","Relic","Relic"],"build_version":"2020-12-22","purchased_purges":0,"victory":true,"max_hp_per_floor":[80,80,80,80,80,80,80,80,80,80,80,80,80,80,80,80,80,80,80,80,80,80,80,80,80,86,86,86,86,86,86,86,86,86,86,86,86,86,86,91,91,91,97,97,97,97,97,97,97,97],"card_choices":[{"not_picked":["theDuelist:BlackPtera","theDuelist:ArtifactIgnition","theDuelist:WaterDragonCluster","theDuelist:DragonMirror"],"picked":"theDuelist:BurstBreath","floor":1},{"not_picked":["theDuelist:Anthrosaurus","theDuelist:StarlightRoad"],"picked":"theDuelist:FiendSkull","floor":1},{"not_picked":["theDuelist:BlackBrachios","theDuelist:RedHeadedOni","theDuelist:EyeTimaeus","theDuelist:BSkullDragon"],"picked":"theDuelist:WingedDragonRa","floor":7},{"not_picked":["theDuelist:BlackBrutdrago","theDuelist:Freezadon"],"picked":"theDuelist:SilverDragon","floor":7},{"not_picked":["theDuelist:StampingDestruction","theDuelist:Earthquake","theDuelist:DragonShield","theDuelist:SilverWing"],"picked":"theDuelist:Dracocension","floor":8},{"not_picked":["theDuelist:BlackBrachios","theDuelist:ArtifactIgnition"],"picked":"theDuelist:Dracocension","floor":8},{"not_picked":["theDuelist:ViceDragon","theDuelist:BusterBlader","theDuelist:MegafleetDragon","theDuelist:BusterDrake"],"picked":"theDuelist:SnowDragon","floor":10},{"not_picked":["theDuelist:DragonZombie","theDuelist:LesserDragon"],"picked":"theDuelist:BlasterDragonInfernos","floor":10},{"not_picked":["theDuelist:CurseDragon","theDuelist:DefenseZone","theDuelist:MirageDragon","theDuelist:CloudianGhost"],"picked":"theDuelist:TotemDragon","floor":11},{"not_picked":["theDuelist:TornadoDragon","theDuelist:CloudianGhost","theDuelist:AmuletDragon"],"picked":"SKIP","floor":11},{"not_picked":["theDuelist:VeilDarkness","theDuelist:BlackBrutdrago","theDuelist:TrihornedDragon","theDuelist:DarkHorus"],"picked":"theDuelist:EvilMind","floor":12},{"not_picked":["theDuelist:HorusServant","theDuelist:BusterBlader","theDuelist:AtomicScrapDragon"],"picked":"SKIP","floor":12},{"not_picked":["theDuelist:CurseDragon","theDuelist:AtomicScrapDragon","theDuelist:SnowDragon","theDuelist:Babycerasaurus"],"picked":"theDuelist:RedRisingDragon","floor":13},{"not_picked":["theDuelist:YamataDragon","theDuelist:MirageDragon"],"picked":"theDuelist:CyberDragonSieger","floor":13},{"not_picked":["theDuelist:CyberDinosaur","theDuelist:BlackStego","theDuelist:MoltenDestruction","theDuelist:Freezadon"],"picked":"theDuelist:CyberDragonCore","floor":14},{"not_picked":["theDuelist:WhiteHornDragon","theDuelist:CloudianGhost","theDuelist:ViceDragon"],"picked":"SKIP","floor":14},{"not_picked":["theDuelist:WaterDragon","theDuelist:Lancephorhynchus","theDuelist:DefensiveTactics","theDuelist:ChimeratechOverdragon"],"picked":"theDuelist:TailSwipe","floor":16},{"not_picked":["theDuelist:BlackBrutdrago+1","theDuelist:DefenseZone","theDuelist:BabyDragon","theDuelist:MegafleetDragon"],"picked":"theDuelist:SpiralSpearStrike","floor":18},{"not_picked":["theDuelist:SilverWing+1","theDuelist:BlizzardDragon"],"picked":"theDuelist:SpiralSpearStrike+1","floor":18},{"not_picked":["theDuelist:YamataDragon","theDuelist:BlasterDragonInfernos"],"picked":"theDuelist:AmuletDragon+1","floor":19},{"not_picked":["theDuelist:Hydrogeddon","theDuelist:BlackBrutdrago","theDuelist:FrostflameDragon","theDuelist:CyberDragonVier+1","theDuelist:CyberneticRevolution"],"picked":"SKIP","floor":19},{"not_picked":["theDuelist:BlacklandFireDragon","theDuelist:SauropodBrachion","theDuelist:QueenDragunDjinn+1","theDuelist:OceanDragonLord"],"picked":"theDuelist:Lancephorhynchus","floor":21},{"not_picked":["theDuelist:DarkHorus","theDuelist:BlueEyesUltimate"],"picked":"theDuelist:MoltenDestruction+1","floor":21},{"not_picked":["theDuelist:SpiralSpearStrike","theDuelist:CyberLaserDragon"],"picked":"theDuelist:SafeZone+1","floor":22},{"not_picked":["theDuelist:CyberDinosaur","theDuelist:BlackPtera","theDuelist:Freezadon","theDuelist:BabyDragon","theDuelist:RedEyesZombie+1"],"picked":"SKIP","floor":22},{"not_picked":["theDuelist:VeilDarkness+1","theDuelist:TyrantWing","theDuelist:DefenseDraw+1","theDuelist:SpiralSpearStrike+1"],"picked":"theDuelist:DragonCaptureJar+1","floor":23},{"not_picked":["theDuelist:Freezadon","theDuelist:DragonZombie"],"picked":"theDuelist:ArmageddonDragonEmp","floor":23},{"not_picked":["theDuelist:BlasterDragonInfernos","theDuelist:GaiaDragonChamp","theDuelist:SurvivalFittest","theDuelist:DefensiveTactics"],"picked":"theDuelist:AncientGearGadjiltron","floor":25},{"not_picked":["theDuelist:ArmedDragon5+1","theDuelist:SnowDragon+1","theDuelist:BabyDragon"],"picked":"SKIP","floor":25},{"not_picked":["theDuelist:TwinBarrelDragon","theDuelist:CyberLaserDragon+1"],"picked":"theDuelist:Mountain","floor":27},{"not_picked":["theDuelist:BlackPtera","theDuelist:TwinHeadedBehemoth","theDuelist:GenesisDragon+1","theDuelist:ChimeratechOverdragon"],"picked":"theDuelist:MetalDragon","floor":28},{"not_picked":["theDuelist:CyberValley","theDuelist:BusterBlader","theDuelist:RedEyesZombie"],"picked":"SKIP","floor":28},{"not_picked":["theDuelist:Kabazauls","theDuelist:Frostosaurus","theDuelist:Destroyersaurus","theDuelist:BlackVeloci","theDuelist:Beatraptor"],"picked":"SKIP","floor":30},{"not_picked":["theDuelist:DefenseDraw","theDuelist:Freezadon","theDuelist:VoidOgreDragon"],"picked":"SKIP","floor":30},{"not_picked":["theDuelist:WingedDragonRa","theDuelist:LostWorld","theDuelist:DoomkaiserDragon","theDuelist:BlueDuston+1"],"picked":"theDuelist:TailSwipe","floor":33},{"not_picked":["theDuelist:LostWorld","theDuelist:BusterBladerDDS"],"picked":"theDuelist:StardustDragon","floor":33},{"not_picked":[],"picked":"theDuelist:WingedDragonRa","floor":35},{"not_picked":["theDuelist:CyberDinosaur+1","theDuelist:TwinHeadedBehemoth","theDuelist:MadFlameKaiju"],"picked":"SKIP","floor":35},{"not_picked":["theDuelist:BabyDragon+1","theDuelist:SilverDragon+1","theDuelist:CyberDragonSieger+1"],"picked":"SKIP","floor":37},{"not_picked":["theDuelist:ArmedDragon3"],"picked":"SKIP","floor":37},{"not_picked":["theDuelist:FiveHeaded","theDuelist:BSkullDragon"],"picked":"theDuelist:ArmageddonDragonEmp","floor":39},{"not_picked":[],"picked":"theDuelist:ThunderDragon+1","floor":39},{"not_picked":["theDuelist:Earthquake","theDuelist:MoltenDestruction+1","theDuelist:SoulCharge+1"],"picked":"SKIP","floor":40},{"not_picked":["theDuelist:BlueEyesUltimate"],"picked":"SKIP","floor":40},{"not_picked":["theDuelist:SnowdustDragon","theDuelist:GenesisDragon","theDuelist:CyberDragonInfinity"],"picked":"SKIP","floor":42},{"not_picked":["theDuelist:HorusServant"],"picked":"SKIP","floor":42},{"not_picked":["theDuelist:MadSwordBeast+1","theDuelist:Beatraptor+1"],"picked":"theDuelist:MaskedDragon","floor":45},{"not_picked":["theDuelist:BabyDragon"],"picked":"SKIP","floor":45}],"player_experience":340611,"relics_obtained":[{"floor":8,"key":"Darkstone Periapt"},{"floor":9,"key":"theDuelist:BoosterBetterBoostersRelic"},{"floor":10,"key":"Nunchaku"},{"floor":13,"key":"theDuelist:BlessingAnubis"},{"floor":23,"key":"Bag of Marbles"},{"floor":25,"key":"Red Skull"},{"floor":26,"key":"Dream Catcher"},{"floor":40,"key":"Oddly Smooth Stone"},{"floor":43,"key":"Juzu Bracelet"},{"floor":43,"key":"theDuelist:GoldenScale"},{"floor":45,"key":"Akabeko"},{"floor":46,"key":"Thread and Needle"}],"event_choices":[{"damage_healed":0,"gold_gain":175,"player_choice":"AGREE","damage_taken":0,"max_hp_gain":0,"max_hp_loss":0,"event_name":"Liars Game","floor":2,"gold_loss":0,"cards_obtained":["Doubt"]},{"damage_healed":0,"gold_gain":0,"player_choice":"Took item - Received: Millennium Coin","duelist":true,"damage_taken":0,"max_hp_gain":0,"max_hp_loss":0,"event_name":"Millennium Items","floor":4,"gold_loss":0},{"damage_healed":0,"gold_gain":100,"player_choice":"Gold","damage_taken":0,"max_hp_gain":0,"max_hp_loss":0,"event_name":"Wheel of Change","floor":5,"gold_loss":0},{"damage_healed":0,"gold_gain":0,"player_choice":"Ignored","damage_taken":0,"max_hp_gain":0,"max_hp_loss":0,"event_name":"Purifier","floor":20,"gold_loss":0},{"damage_healed":0,"gold_gain":0,"player_choice":"Opened","damage_taken":0,"relics_obtained":["Matryoshka"],"max_hp_gain":0,"max_hp_loss":0,"event_name":"The Mausoleum","floor":31,"gold_loss":0},{"damage_healed":0,"gold_gain":0,"player_choice":"Ignored","damage_taken":0,"max_hp_gain":0,"max_hp_loss":0,"event_name":"Tomb of Lord Red Mask","floor":36,"gold_loss":0},{"damage_healed":0,"gold_gain":300,"player_choice":"Gold","damage_taken":0,"max_hp_gain":0,"max_hp_loss":0,"event_name":"Wheel of Change","floor":44,"gold_loss":0},{"damage_healed":0,"gold_gain":0,"player_choice":"Fight","damage_taken":0,"max_hp_gain":0,"max_hp_loss":0,"event_name":"MindBloom","floor":46,"gold_loss":0},{"damage_healed":0,"gold_gain":0,"player_choice":"Got Potions","damage_taken":0,"max_hp_gain":0,"max_hp_loss":0,"event_name":"Lab","floor":48,"gold_loss":0}],"is_beta":false,"boss_relics":[{"not_picked":["Velvet Choker","SacredBark"],"picked":"Cursed Key"},{"not_picked":["Pandora\u0027s Box","Runic Cube"],"picked":"Busted Crown"}],"items_purged_floors":[],"is_endless":false,"potions_floor_spawned":[7,8,11,14,16,19,25,30,35,40,46],"ascension_level":0}}