{"host":"th1rgt4ohg3ajuw6","time":1611004883,"event":{"mods":["Act Like it!","BaseMod","Downfall","GifTheSpireLib","Hunter ??","Minty Spire (QoL Compilation)","Pale of the Ancients","Shop Mod","StSLib","Stuff the Spire","The Bladedancer","??????REMEMod"],"gold_per_floor":[113,123,142,153,153,203,26,86,139,139,139,151,168,186,186,291,291,311,10,22,22,41,72,72,72,126,126,126,144,144,156,156,257,307,321,31,31,42,42,42,58,105,105,105,0,10,23,37,37,37,37],"floor_reached":50,"language":"ENG","playtime":3112,"items_purged":[],"score":608,"play_id":"27814526-7780-424b-af31-376f96cfd5c4","local_time":"20210118132123","is_ascension_mode":false,"campfire_choices":[{"floor":10,"key":"REST"},{"data":"StuffTheSpire:Innocence","floor":15,"key":"SMITH"},{"floor":24,"key":"REST"},{"data":"blademaster:Sharpen","floor":27,"key":"SMITH"},{"data":"blademaster:Stability","floor":30,"key":"SMITH"},{"floor":32,"key":"REST"},{"floor":40,"key":"REST"},{"floor":44,"key":"REST"},{"floor":49,"key":"REST"}],"circlet_count":0,"master_deck":["blademaster:RagingBlow","blademaster:HighVoltage","blademaster:AwakeningStrike","blademaster:LeechingStrike","blademaster:Safeguard","Impervious","blademaster:Quickstep","blademaster:AirSlash","blademaster:HighVoltage","blademaster:Stability+1","blademaster:DragonStrike","blademaster:Gust","StuffTheSpire:Innocence+1","blademaster:ThunderSlash","blademaster:Frontflip","blademaster:TraverseCut","blademaster:UnrelentingWind","blademaster:CullingStrike","blademaster:Safeguard","blademaster:Momentum+1","blademaster:DancingEdge","blademaster:AwakeningDefend","blademaster:Cut","blademaster:Havoc","blademaster:Sharpen+1","blademaster:SlyStabs","blademaster:BloodyBlow","blademaster:DragonStrike","blademaster:FuriousStrike","StuffTheSpire:Deluminance","StuffTheSpire:Deluminance+1","StuffTheSpire:Deluminance","StuffTheSpire:Deluminance","StuffTheSpire:Deluminance","blademaster:EyeOfTheTornado+1","blademaster:Cut","blademaster:Safeguard","blademaster:ThunderingOpener+1","blademaster:ThreePointStrike","blademaster:Safeguard+1","blademaster:Meditate+1","blademaster:BrainBloom","blademaster:Hailwind","blademaster:AspectOfLightning","blademaster:BladeMastery","Madness","Madness","blademaster:ParryingStrike","blademaster:Meditate+1","blademaster:Discharge","blademaster:Stability+1","blademaster:CombatPrep+1","blademaster:DaggerAndCloak+1"],"relics":["blademaster:DancersAmulet","REME_ComplimentaryCards","Frozen Egg 2","StuffTheSpire:GrapeVine","Pandora\u0027s Box","Strange Spoon","StuffTheSpire:BlackoutCurse","Bronze Scales","Happy Flower","MerchantsRug","Pen Nib","StuffTheSpire:CocoNut"],"acts_visited":["Exordium","TheCity","TheBeyond"],"potions_floor_usage":[4,6,8,16,16,20,29,29,46,50,50],"damage_taken":[{"damage":5,"enemies":"Small Slimes","floor":1,"turns":4},{"damage":2,"enemies":"2 Louse","floor":2,"turns":2},{"damage":5,"enemies":"Jaw Worm","floor":3,"turns":4},{"damage":6,"enemies":"Large Slime","floor":4,"turns":8},{"damage":7,"enemies":"Blue Slaver","floor":6,"turns":3},{"damage":21,"enemies":"Lagavulin Event","floor":8,"turns":5},{"damage":3,"enemies":"Looter","floor":12,"turns":4},{"damage":0,"enemies":"Exordium Thugs","floor":13,"turns":6},{"damage":1,"enemies":"3 Louse","floor":14,"turns":5},{"damage":31,"enemies":"Slime Boss","floor":16,"turns":9},{"damage":2,"enemies":"Chosen","floor":18,"turns":5},{"damage":19,"enemies":"3 Byrds","floor":20,"turns":4},{"damage":14,"enemies":"Centurion and Healer","floor":22,"turns":5},{"damage":27,"enemies":"Slavers","floor":23,"turns":6},{"damage":6,"enemies":"Snake Plant","floor":29,"turns":4},{"damage":20,"enemies":"Shelled Parasite and Fungi","floor":31,"turns":4},{"damage":66,"enemies":"Automaton","floor":33,"turns":10},{"damage":25,"enemies":"3 Shapes","floor":35,"turns":6},{"damage":11,"enemies":"Orb Walker","floor":38,"turns":4},{"damage":92,"enemies":"4 Shapes","floor":41,"turns":8},{"damage":9,"enemies":"3 Darklings","floor":46,"turns":4},{"damage":18,"enemies":"Transient","floor":47,"turns":5},{"damage":5,"enemies":"Maw","floor":48,"turns":7},{"damage":94,"enemies":"Donu and Deca","floor":50,"turns":6}],"seed_played":"220674435932503738","potions_obtained":[{"floor":1,"key":"Regen Potion"},{"floor":2,"key":"AttackPotion"},{"floor":4,"key":"REME_GoldPotion"},{"floor":8,"key":"BlessingOfTheForge"},{"floor":13,"key":"Fire Potion"},{"floor":14,"key":"ColorlessPotion"},{"floor":18,"key":"BlessingOfTheForge"},{"floor":23,"key":"Weak Potion"},{"floor":28,"key":"Dexterity Potion"},{"floor":28,"key":"Block Potion"},{"floor":33,"key":"SpeedPotion"},{"floor":34,"key":"PowerPotion"},{"floor":47,"key":"Explosive Potion"}],"is_trial":false,"path_per_floor":["M","M","M","M","?","M","$","?","T","R","?","M","M","M","R","B",null,"M","$","M","?","M","E","R","?","T","R","?","M","R","M","R","B",null,"M","$","?","M","?","R","M","T","T","R","$","M","M","M","R","B"],"character_chosen":"THE_BLADEMASTER","items_purchased":["blademaster:HighVoltage","blademaster:Stability","blademaster:DragonStrike","blademaster:SlyStabs","blademaster:BloodyBlow","blademaster:DragonStrike","Strange Spoon","MerchantsRug","blademaster:BrainBloom","blademaster:Hailwind","blademaster:AspectOfLightning","blademaster:Meditate+1","blademaster:Discharge"],"campfire_rested":6,"item_purchase_floors":[7,7,7,19,19,19,19,36,36,36,36,45,45],"current_hp_per_floor":[77,75,70,82,82,75,75,57,57,81,74,80,82,82,82,57,82,82,82,72,72,67,46,70,70,70,70,70,70,70,56,80,23,87,68,68,68,63,52,78,7,7,14,42,42,39,36,49,77,0,0],"gold":37,"neow_bonus":"TEN_PERCENT_HP_BONUS","is_daily":false,"chose_seed":false,"campfire_upgraded":3,"win_rate":0.0,"timestamp":1611004883,"path_taken":["M","M","M","M","?","M","$","?","T","R","?","M","M","M","R","BOSS","M","$","M","?","M","E","R","?","T","R","?","M","R","M","R","BOSS","M","$","?","M","?","R","M","?","T","R","$","M","M","M","R","BOSS"],"items_purchased_type":["Card","Card","Card","Card","Card","Card","Relic","Relic","Card","Card","Card","Card","Card"],"build_version":"2020-12-22","purchased_purges":0,"victory":false,"max_hp_per_floor":[82,82,82,82,82,82,82,82,82,82,82,82,82,82,82,82,82,82,82,82,82,82,82,82,82,82,82,82,82,82,82,82,82,87,87,87,87,87,87,87,87,87,94,94,94,94,94,94,94,94,94],"card_choices":[{"not_picked":["blademaster:Blockade","blademaster:AncestralHealing"],"picked":"blademaster:AwakeningStrike","floor":1},{"not_picked":["blademaster:Sunder","blademaster:Discharge"],"picked":"blademaster:LeechingStrike","floor":2},{"not_picked":["blademaster:Thrust","blademaster:Sunder"],"picked":"blademaster:Safeguard","floor":3},{"not_picked":["blademaster:KiBarrier","blademaster:Momentum"],"picked":"blademaster:Quickstep","floor":4},{"not_picked":["blademaster:AspectOfLightning","blademaster:FuryOfTheElements"],"picked":"blademaster:AirSlash","floor":6},{"not_picked":["blademaster:Sunder","blademaster:Quickness+1"],"picked":"blademaster:Gust","floor":8},{"not_picked":["blademaster:AwakeningStrike","blademaster:DragonStrike"],"picked":"blademaster:ThunderSlash","floor":12},{"not_picked":["blademaster:AwakeningStrike","blademaster:Sunder"],"picked":"blademaster:Frontflip","floor":13},{"not_picked":["blademaster:ThunderSlash","blademaster:AspectOfWind"],"picked":"blademaster:TraverseCut","floor":14},{"not_picked":["blademaster:Empower","blademaster:RagingBlow"],"picked":"blademaster:UnrelentingWind","floor":16},{"not_picked":["blademaster:ChargingUp","blademaster:LightningCrash"],"picked":"blademaster:Sharpen","floor":18},{"not_picked":["blademaster:Momentum+1","blademaster:ThunderingOpener"],"picked":"blademaster:FuriousStrike","floor":20},{"not_picked":["blademaster:Sunder+1","blademaster:AirSlash"],"picked":"blademaster:EyeOfTheTornado+1","floor":22},{"not_picked":["blademaster:LeechingStrike","blademaster:AwakeningDefend"],"picked":"blademaster:Cut","floor":23},{"not_picked":["blademaster:ThunderSlash","blademaster:LightningCrash"],"picked":"blademaster:Safeguard","floor":29},{"not_picked":["blademaster:LeechingStrike","blademaster:ParryingStrike+1"],"picked":"blademaster:ThunderingOpener+1","floor":31},{"not_picked":["blademaster:Empower","blademaster:BladeDance+1"],"picked":"blademaster:ThreePointStrike","floor":33},{"not_picked":["blademaster:Stormstrike","blademaster:AspectOfWind"],"picked":"blademaster:Safeguard+1","floor":34},{"not_picked":["blademaster:FuriousStrike","blademaster:AwakeningStrike+1"],"picked":"blademaster:Meditate+1","floor":35},{"not_picked":["blademaster:Hailwind","blademaster:Quickness+1"],"picked":"blademaster:BladeMastery","floor":38},{"not_picked":["blademaster:LightningCrash+1","blademaster:Blockade+1"],"picked":"blademaster:ParryingStrike","floor":41},{"not_picked":["blademaster:Quickstep+1","blademaster:SlyStabs"],"picked":"blademaster:Stability+1","floor":46},{"not_picked":["blademaster:DaggerAndCloak","blademaster:AwakeningDefend+1"],"picked":"blademaster:CombatPrep+1","floor":47},{"not_picked":["blademaster:ThunderSlash+1","blademaster:Slice"],"picked":"blademaster:DaggerAndCloak+1","floor":48}],"player_experience":244715,"relics_obtained":[{"floor":8,"key":"Frozen Egg 2"},{"floor":8,"key":"blademaster:StanceHealPerk"},{"floor":9,"key":"StuffTheSpire:GrapeVine"},{"floor":23,"key":"Bronze Scales"},{"floor":23,"key":"blademaster:BleedingLaceratePerk"},{"floor":26,"key":"Happy Flower"},{"floor":42,"key":"Pen Nib"},{"floor":43,"key":"StuffTheSpire:CocoNut"}],"event_choices":[{"damage_healed":0,"gold_gain":0,"player_choice":"Leave","damage_taken":0,"max_hp_gain":0,"max_hp_loss":0,"event_name":"The Cleric","floor":5,"gold_loss":0},{"damage_healed":0,"gold_gain":30,"player_choice":"Searched \u00272\u0027 times","damage_taken":0,"max_hp_gain":0,"max_hp_loss":0,"event_name":"Dead Adventurer","floor":8,"gold_loss":0},{"damage_healed":0,"gold_gain":0,"player_choice":"Got Potions","damage_taken":0,"max_hp_gain":0,"max_hp_loss":0,"event_name":"Lab","floor":28,"gold_loss":0},{"cards_removed":["blademaster:AspectOfLightning"],"damage_healed":0,"gold_gain":0,"player_choice":"Removed Skill","damage_taken":0,"max_hp_gain":0,"max_hp_loss":0,"event_name":"Falling","floor":37,"gold_loss":0},{"damage_healed":0,"gold_gain":0,"player_choice":"Embrace Madness","damage_taken":11,"max_hp_gain":0,"max_hp_loss":0,"event_name":"Winding Halls","floor":39,"gold_loss":0,"cards_obtained":["Madness","Madness"]}],"is_beta":false,"boss_relics":[{"not_picked":["Snecko Eye","Runic Dome"],"picked":"Pandora\u0027s Box"},{"not_picked":["Astrolabe","Velvet Choker"],"picked":"Tiny House"}],"items_purged_floors":[],"is_endless":false,"potions_floor_spawned":[1,2,4,8,13,14,18,23,33,35,41,47],"killed_by":"Donu and Deca","ascension_level":0}}