{"host":"1z4hbl9vfqrhg136","time":1611011743,"event":{"mods":["BaseMod","Minty Spire (QoL Compilation)"],"gold_per_floor":[117,39,39,39,58,92,92,50,121,121,136,155,190,203,203,293,293,308,308,323,233,15,346,346,384,384,384,384,408,408,426,426,525,525,544,544,575,850,870,870,870],"floor_reached":40,"language":"ENG","playtime":4275,"items_purged":[],"score":939,"play_id":"09a4611b-d05c-43be-977e-924ce8656b42","local_time":"20210118231543","is_ascension_mode":true,"campfire_choices":[{"data":"Hemokinesis","floor":7.0,"key":"SMITH"},{"data":"Armaments","floor":15.0,"key":"SMITH"},{"data":"True Grit","floor":24.0,"key":"SMITH"},{"data":"True Grit","floor":27.0,"key":"SMITH"},{"data":"Spot Weakness","floor":30.0,"key":"SMITH"},{"data":"Feel No Pain","floor":32.0,"key":"SMITH"}],"circlet_count":0,"master_deck":["AscendersBane","Bash","Hemokinesis+1","Inflame","Clothesline","Reaper","Flame Barrier","Power Through","Armaments+1","Body Slam","Uppercut","Headbutt","Immolate","True Grit+1","Rage","Disarm","Spot Weakness+1","Bludgeon","Sentinel","Offering","Cleave","Disarm","Feel No Pain+1","True Grit+1","Seeing Red","Limit Break","Bandage Up","Evolve","Regret","Pummel+1"],"relics":["Burning Blood","NeowsBlessing","Golden Idol","Toy Ornithopter","Meat on the Bone","Centennial Puzzle","Pandora\u0027s Box","ClockworkSouvenir","Old Coin","PreservedInsect","Akabeko","Runic Cube","Peace Pipe"],"acts_visited":["Exordium","TheCity","TheBeyond"],"potions_floor_usage":[33,35,40],"damage_taken":[{"damage":0.0,"enemies":"Small Slimes","floor":1.0,"turns":1.0},{"damage":0.0,"enemies":"Jaw Worm","floor":5.0,"turns":1.0},{"damage":0.0,"enemies":"Gremlin Nob","floor":6.0,"turns":1.0},{"damage":2.0,"enemies":"Cultist","floor":11.0,"turns":3.0},{"damage":15.0,"enemies":"Exordium Thugs","floor":12.0,"turns":5.0},{"damage":19.0,"enemies":"Lagavulin","floor":13.0,"turns":7.0},{"damage":2.0,"enemies":"Blue Slaver","floor":14.0,"turns":3.0},{"damage":77.0,"enemies":"Hexaghost","floor":16.0,"turns":13.0},{"damage":8.0,"enemies":"Chosen","floor":18.0,"turns":3.0},{"damage":1.0,"enemies":"3 Byrds","floor":20.0,"turns":2.0},{"damage":7.0,"enemies":"Gremlin Leader","floor":23.0,"turns":6.0},{"damage":55.0,"enemies":"Book of Stabbing","floor":25.0,"turns":9.0},{"damage":6.0,"enemies":"Centurion and Healer","floor":29.0,"turns":7.0},{"damage":12.0,"enemies":"Snake Plant","floor":31.0,"turns":6.0},{"damage":77,"enemies":"Champ","floor":33,"turns":16},{"damage":31,"enemies":"3 Darklings","floor":35,"turns":7},{"damage":5,"enemies":"Mind Bloom Boss Battle","floor":37,"turns":11},{"damage":69,"enemies":"3 Shapes","floor":39,"turns":14},{"damage":84,"enemies":"Giant Head","floor":40,"turns":7}],"seed_played":"9139585309274407139","potions_obtained":[{"floor":11.0,"key":"Fruit Juice"},{"floor":12.0,"key":"ColorlessPotion"},{"floor":14.0,"key":"DuplicationPotion"},{"floor":23.0,"key":"DistilledChaos"},{"floor":33,"key":"HeartOfIron"},{"floor":37,"key":"Weak Potion"}],"is_trial":false,"path_per_floor":["M","$","?","?","M","E","R","$","T","?","M","M","E","M","R","B",null,"M","?","M","$","$","E","R","E","T","R","?","M","R","M","R","B",null,"M","?","?","?","M","E"],"character_chosen":"IRONCLAD","items_purchased":["Inflame","Flame Barrier","Feel No Pain","True Grit","ClockworkSouvenir"],"campfire_rested":0,"item_purchase_floors":[2,8,21,22,22],"current_hp_per_floor":[74,74,79,51,57,63,63,63,63,63,73,71,65,79,79,25,70,74,74,79,79,79,78,78,41,41,41,41,52,52,53,53,21,69,69,69,85,85,45,0,0],"gold":870,"neow_bonus":"THREE_ENEMY_KILL","is_daily":false,"chose_seed":false,"campfire_upgraded":6,"win_rate":0.0,"timestamp":1611011743,"path_taken":["M","$","?","?","M","E","R","$","T","?","?","M","E","M","R","BOSS","M","?","M","?","$","E","R","E","T","R","?","M","R","M","R","BOSS","M","?","?","?","?","E"],"items_purchased_type":["Card","Card","Card","Card","Relic"],"build_version":"2020-12-22","purchased_purges":0,"victory":false,"max_hp_per_floor":[75,75,80,80,80,80,80,80,80,80,80,80,80,85,85,85,85,85,85,85,85,85,85,85,85,85,85,85,85,85,85,85,85,85,85,85,85,85,85,85,85],"card_choices":[{"not_picked":["Armaments","Reckless Charge"],"picked":"Hemokinesis","floor":1.0},{"not_picked":["Havoc","Iron Wave"],"picked":"Clothesline","floor":5.0},{"not_picked":["Dropkick","Twin Strike"],"picked":"Reaper","floor":6.0},{"not_picked":["Twin Strike","Clothesline"],"picked":"Armaments","floor":11.0},{"not_picked":["Shockwave","Dark Embrace"],"picked":"Body Slam","floor":12.0},{"not_picked":["Warcry","Clash"],"picked":"Uppercut","floor":13.0},{"not_picked":["Wild Strike","Clash"],"picked":"Headbutt","floor":14.0},{"not_picked":["Double Tap","Brutality"],"picked":"Immolate","floor":16.0},{"not_picked":["Pommel Strike","Flex","Cleave"],"picked":"SKIP","floor":18.0},{"not_picked":["Flex","Infernal Blade","Anger"],"picked":"SKIP","floor":20.0},{"not_picked":["Uppercut","Anger+1","Cleave"],"picked":"SKIP","floor":23.0},{"not_picked":["Power Through","Perfected Strike","Sword Boomerang"],"picked":"SKIP","floor":25.0},{"not_picked":["Clothesline","Searing Blow","Sentinel"],"picked":"SKIP","floor":29.0},{"not_picked":["Pommel Strike","Sword Boomerang"],"picked":"Seeing Red","floor":31.0},{"not_picked":["Double Tap","Berserk"],"picked":"Limit Break","floor":33},{"not_picked":["Perfected Strike+1","Heavy Blade","Headbutt"],"picked":"SKIP","floor":35},{"not_picked":["Purity","Good Instincts"],"picked":"Bandage Up","floor":36},{"not_picked":["Thunderclap","Bloodletting+1"],"picked":"Evolve","floor":37},{"not_picked":["Dropkick","Pummel+1","Thunderclap"],"picked":"SKIP","floor":39},{"not_picked":["Dropkick","Thunderclap"],"picked":"Pummel+1","floor":39}],"player_experience":1896339,"relics_obtained":[{"floor":6.0,"key":"Toy Ornithopter"},{"floor":9.0,"key":"Meat on the Bone"},{"floor":13.0,"key":"Centennial Puzzle"},{"floor":23.0,"key":"Old Coin"},{"floor":25.0,"key":"PreservedInsect"},{"floor":26.0,"key":"Akabeko"},{"floor":37,"key":"Peace Pipe"}],"event_choices":[{"damage_healed":0.0,"max_hp_gain":5.0,"max_hp_loss":0.0,"gold_gain":0.0,"event_name":"Big Fish","player_choice":"Donut","floor":3.0,"gold_loss":0.0,"damage_taken":0.0},{"damage_healed":0.0,"max_hp_gain":0.0,"max_hp_loss":0.0,"gold_gain":0.0,"event_name":"Golden Idol","player_choice":"Take Damage","floor":4.0,"gold_loss":0.0,"damage_taken":28.0,"relics_obtained":["Golden Idol"]},{"damage_healed":0.0,"max_hp_gain":0.0,"max_hp_loss":0.0,"gold_gain":0.0,"cards_transformed":["Strike_R"],"event_name":"Living Wall","player_choice":"Change","floor":10.0,"gold_loss":0.0,"damage_taken":0.0,"cards_obtained":["Power Through"]},{"damage_healed":0.0,"max_hp_gain":0.0,"max_hp_loss":0.0,"gold_gain":0.0,"event_name":"Duplicator","player_choice":"Copied","floor":19.0,"gold_loss":0.0,"damage_taken":0.0,"cards_obtained":["Disarm"]},{"damage_healed":0.0,"max_hp_gain":0.0,"max_hp_loss":0.0,"gold_gain":0.0,"event_name":"Ghosts","player_choice":"Ignored","floor":28.0,"gold_loss":0.0,"damage_taken":0.0},{"damage_healed":0,"gold_gain":0,"player_choice":"Memory 1","damage_taken":0,"max_hp_gain":0,"max_hp_loss":0,"event_name":"SensoryStone","floor":36,"gold_loss":0},{"damage_healed":0,"gold_gain":0,"player_choice":"Fight","damage_taken":0,"max_hp_gain":0,"max_hp_loss":0,"event_name":"MindBloom","floor":37,"gold_loss":0},{"damage_healed":0,"gold_gain":275,"player_choice":"Desecrate","damage_taken":0,"max_hp_gain":0,"max_hp_loss":0,"event_name":"Golden Shrine","floor":38,"gold_loss":0,"cards_obtained":["Regret"]}],"is_beta":false,"boss_relics":[{"not_picked":["Runic Dome","Astrolabe"],"picked":"Pandora\u0027s Box"},{"not_picked":["SacredBark","Runic Pyramid"],"picked":"Runic Cube"}],"items_purged_floors":[],"is_endless":false,"potions_floor_spawned":[11,12,14,23,25,33,37],"killed_by":"Giant Head","ascension_level":20}}