{"host":"w97dq1whmpm6b2tc","time":1611012531,"event":{"mods":["BaseMod","Downfall","Minty Spire (QoL Compilation)","StSLib"],"gold_per_floor":[99,112,130,130,130,148,201,211,11,28,28,45,64,395,410,410,410],"floor_reached":16,"language":"ENG","playtime":841,"items_purged":[],"score":106,"play_id":"5140319b-02ca-49bb-8e1d-0aec72ec1ce2","local_time":"20210119012851","is_ascension_mode":false,"campfire_choices":[{"floor":1,"key":"RECALL"},{"data":"Panache","floor":11,"key":"SMITH"}],"circlet_count":0,"master_deck":["bronze:Strike","bronze:Strike","bronze:Strike","bronze:Strike","bronze:Defend","bronze:Defend+1","bronze:Defend+1","bronze:Defend","bronze:Replicate","bronze:Goto","bronze:Optimize","Panache+1","bronze:DelayedSlice"],"relics":["Black Star","downfall:ShatteredFragment","Old Coin","War Paint"],"acts_visited":["Exordium"],"potions_floor_usage":[14,14,14,16],"damage_taken":[{"damage":1,"enemies":"Cultist","floor":2,"turns":3},{"damage":3,"enemies":"Jaw Worm","floor":3,"turns":4},{"damage":0,"enemies":"Small Slimes","floor":6,"turns":3},{"damage":9,"enemies":"Blue Slaver","floor":8,"turns":4},{"damage":0,"enemies":"downfall:FleeingMerchant","floor":9,"turns":4},{"damage":5,"enemies":"3 Louse","floor":10,"turns":2},{"damage":0,"enemies":"2 Fungi Beasts","floor":12,"turns":2},{"damage":9,"enemies":"Blue Slaver","floor":13,"turns":3},{"damage":6,"enemies":"Gremlin Nob","floor":14,"turns":3},{"damage":3,"enemies":"Exordium Thugs","floor":15,"turns":3},{"damage":15,"enemies":"SI_SHIV_ARCHETYPE","floor":16,"turns":2}],"seed_played":"1963895445946196455","potions_obtained":[{"floor":8,"key":"ColorlessPotion"},{"floor":10,"key":"GamblersBrew"},{"floor":12,"key":"SteroidPotion"},{"floor":14,"key":"AttackPotion"}],"is_trial":false,"path_per_floor":["R","M","M","?","?","M","T","M","$","M","R","M","M","E","M","B"],"character_chosen":"THE_AUTOMATON","items_purchased":["Panache"],"campfire_rested":0,"item_purchase_floors":[9],"current_hp_per_floor":[70,69,66,66,45,45,45,36,36,31,31,31,22,16,13,0,0],"gold":410,"neow_bonus":"BOSS_RELIC","is_daily":false,"chose_seed":false,"campfire_upgraded":1,"win_rate":0.0,"timestamp":1611012531,"path_taken":["R","M","?","?","?","M","T","M","$","?","R","M","M","E","M","BOSS"],"items_purchased_type":["Card"],"build_version":"2020-12-22","purchased_purges":0,"victory":false,"max_hp_per_floor":[70,70,70,70,70,70,70,70,70,70,70,70,70,70,70,70,70],"card_choices":[{"not_picked":["bronze:Turbo","bronze:WildBeam"],"picked":"bronze:Optimize","floor":2},{"not_picked":["bronze:DarkDash","bronze:Overheat","bronze:BitShift"],"picked":"SKIP","floor":3},{"not_picked":["bronze:BronzeOrb","bronze:Frontload","bronze:Overheat"],"picked":"SKIP","floor":6},{"not_picked":["bronze:Separator","bronze:ChildClass","bronze:Overload"],"picked":"SKIP","floor":8},{"not_picked":["bronze:Boost","bronze:HyperBeam","bronze:Safeguard"],"picked":"SKIP","floor":9},{"not_picked":["bronze:CloningBeam","bronze:Philosophize"],"picked":"bronze:DelayedSlice","floor":10},{"not_picked":["bronze:Shield","bronze:FollowUp","bronze:WildBeam"],"picked":"SKIP","floor":12},{"not_picked":["bronze:BuggyMess","bronze:Fortify","bronze:BugBarrage"],"picked":"SKIP","floor":13},{"not_picked":["bronze:Safeguard","bronze:HyperBeam","bronze:Frontload"],"picked":"SKIP","floor":14},{"not_picked":["bronze:Optimize","bronze:WildBeam","bronze:Separator"],"picked":"SKIP","floor":15}],"player_experience":3708731,"relics_obtained":[{"floor":14,"key":"Old Coin"},{"floor":14,"key":"War Paint"}],"event_choices":[],"is_beta":false,"boss_relics":[],"items_purged_floors":[],"is_endless":false,"potions_floor_spawned":[8,10,12,14],"killed_by":"SI_SHIV_ARCHETYPE","ascension_level":0}}