{"host":"8hs89fht2m8d49km","time":1611004579,"event":{"mods":["2.2 Compatiblity","Act Like it!","BaseMod","BetterRewards","Chen","Friendly Minions","Gensokyo","KinomotoSakuraMod(????)","Kiyohime????","Koishi","LagranYue(???·?)","Marisa????????","Minty Spire (QoL Compilation)","Prisma Mod","Reimu??????","Replay The Spire","StSLib","The Administrix","The Animator","The Cursed","The Exalted","The Mystic","The Senshi","The Servant 0.9.4","The Vixen","The Wild Card","Yuyuko"],"gold_per_floor":[121,136,167,27,27,27,27],"floor_reached":6,"language":"ENG","playtime":837,"items_purged":[],"score":36,"play_id":"3d23be6b-0d45-46a2-a444-606cfcce7026","local_time":"20210118211619","is_ascension_mode":false,"campfire_choices":[],"circlet_count":0,"master_deck":["animator:Strike_MadokaMagica","animator:Defend_MadokaMagica","animator:Strike","animator:Strike","animator:Strike","animator:Defend","animator:Defend","animator:Defend","animator:IrohaTamaki","animator:YuiTsuruno","animator:ZankiKiguchi","animator:AcuraTooru","animator:OrikoMikuni","Clumsy"],"relics":["animator:LivingPicture","animator:TheMissingPiece","LagranYue:RandomDrawCardRelic","NeowsBlessing","Champion Belt","Gensokyo:NagashiBinaDoll"],"acts_visited":["Exordium"],"potions_floor_usage":[6],"damage_taken":[{"damage":0,"enemies":"Gensokyo:2_Kodama","floor":1,"turns":1},{"damage":0,"enemies":"Gensokyo:Python","floor":2,"turns":1},{"damage":0,"enemies":"Gensokyo:Gryphon","floor":3,"turns":1},{"damage":74,"enemies":"Gensokyo:Mamizou","floor":6,"turns":14}],"seed_played":"-4486612188937865034","potions_obtained":[{"floor":1,"key":"Venom Potion"},{"floor":2,"key":"Fire Potion"}],"is_trial":false,"path_per_floor":["M","M","M","?","?","E"],"character_chosen":"THE_ANIMATOR","items_purchased":[],"campfire_rested":0,"item_purchase_floors":[],"current_hp_per_floor":[66,66,66,66,66,0,0],"gold":27,"neow_bonus":"THREE_ENEMY_KILL","is_daily":false,"chose_seed":false,"campfire_upgraded":0,"win_rate":0.0,"timestamp":1611004579,"path_taken":["M","?","M","?","?","E"],"items_purchased_type":[],"build_version":"2020-12-22","purchased_purges":0,"victory":false,"max_hp_per_floor":[66,66,66,66,66,66,66],"card_choices":[{"not_picked":["animator:Lancer","animator:Konayuki"],"picked":"animator:ZankiKiguchi","floor":1},{"not_picked":["animator:Caster","animator:ShinjiMatou"],"picked":"animator:AcuraTooru","floor":2},{"not_picked":["animator:Viivi","animator:Berserker"],"picked":"animator:OrikoMikuni","floor":3}],"player_experience":162083,"relics_obtained":[],"event_choices":[],"is_beta":false,"boss_relics":[],"items_purged_floors":[],"is_endless":false,"potions_floor_spawned":[1,2],"killed_by":"Gensokyo:Mamizou","ascension_level":0}}