{"host":"rl5ku05escnl5kxo","time":1611011137,"event":{"mods":["Act Like it!","BaseMod","Minty Spire (QoL Compilation)","StSLib","The Bug Knight"],"gold_per_floor":[114,114,131,144,144,173,173,190,266,277,288,218,218,234,234,330,330,344,0,16,16,16,27,126,56,105,105,105,105,105,122,122,122,122],"floor_reached":33,"language":"ENG","playtime":2757,"items_purged":[],"score":247,"play_id":"87b86d52-e97b-46c4-abe2-95d7898c374a","local_time":"20210118150537","is_ascension_mode":false,"campfire_choices":[{"data":"Crippling Poison","floor":7,"key":"SMITH"},{"floor":13,"key":"REST"},{"data":"Terror","floor":15,"key":"SMITH"},{"data":"Blade Dance","floor":28,"key":"SMITH"},{"floor":30,"key":"REST"},{"floor":32,"key":"REST"}],"circlet_count":0,"master_deck":["Strike_G+1","Strike_G+1","Strike_G+1","Strike_G+1","Strike_G+1","Defend_G+1","Defend_G+1","Defend_G+1","Defend_G+1","Defend_G+1","Survivor","Neutralize","Crippling Poison+1","Dash","Slice","Quick Slash","Blade Dance+1","Setup","Concentrate","All Out Attack","Terror+1","Grand Finale","Poisoned Stab","Dodge and Roll","Quick Slash","Caltrops","Sucker Punch+1","Underhanded Strike","Backstab+1"],"relics":["Ring of the Snake","NeowsBlessing","Gambling Chip","Kunai","WristBlade","Dream Catcher"],"acts_visited":["Exordium","TheCity"],"potions_floor_usage":[],"damage_taken":[{"damage":0,"enemies":"2 Louse","floor":1,"turns":1},{"damage":0,"enemies":"Cultist","floor":3,"turns":1},{"damage":0,"enemies":"Jaw Worm","floor":4,"turns":1},{"damage":36,"enemies":"Lagavulin","floor":6,"turns":10},{"damage":4,"enemies":"Looter","floor":8,"turns":4},{"damage":3,"enemies":"3 Louse","floor":10,"turns":5},{"damage":1,"enemies":"2 Fungi Beasts","floor":11,"turns":3},{"damage":8,"enemies":"Large Slime","floor":14,"turns":6},{"damage":17,"enemies":"Hexaghost","floor":16,"turns":11},{"damage":16,"enemies":"Shell Parasite","floor":18,"turns":5},{"damage":0,"enemies":"Spheric Guardian","floor":20,"turns":4},{"damage":25,"enemies":"3 Cultists","floor":23,"turns":5},{"damage":9,"enemies":"Snecko","floor":31,"turns":4},{"damage":79,"enemies":"Champ","floor":33,"turns":11}],"seed_played":"-6537156780044909277","potions_obtained":[{"floor":3,"key":"ColorlessPotion"},{"floor":8,"key":"AttackPotion"},{"floor":10,"key":"Explosive Potion"},{"floor":20,"key":"Block Potion"}],"is_trial":false,"path_per_floor":["M","?","M","M","?","E","R","M","T","M","M","$","R","M","R","B",null,"M","?","M","?","$","M","?","$","T","?","R","$","R","M","R","B"],"character_chosen":"THE_SILENT","items_purchased":["All Out Attack","Caltrops"],"campfire_rested":3,"item_purchase_floors":[12,25],"current_hp_per_floor":[70,70,70,70,70,34,34,30,30,27,26,26,47,39,39,22,70,54,54,54,54,54,29,29,29,29,29,29,29,50,41,62,0,0],"gold":122,"neow_bonus":"THREE_ENEMY_KILL","is_daily":false,"chose_seed":false,"campfire_upgraded":3,"win_rate":0.0,"timestamp":1611011137,"path_taken":["M","?","M","?","?","E","R","M","T","M","M","$","R","M","R","BOSS","M","?","M","?","$","M","?","$","T","?","R","?","R","M","R","BOSS"],"items_purchased_type":["Card","Card"],"build_version":"2020-12-22","purchased_purges":0,"victory":false,"max_hp_per_floor":[70,70,70,70,70,70,70,70,70,70,70,70,70,70,70,70,70,70,70,70,70,70,70,70,70,70,70,70,70,70,70,70,70,70],"card_choices":[{"not_picked":["Bane","Outmaneuver"],"picked":"Crippling Poison","floor":1},{"not_picked":["Blade Dance","Prepared"],"picked":"Dash","floor":3},{"not_picked":["Well Laid Plans","Cloak And Dagger"],"picked":"Slice","floor":4},{"not_picked":["Backflip","PiercingWail"],"picked":"Quick Slash","floor":6},{"not_picked":["Acrobatics","Dagger Throw"],"picked":"Blade Dance","floor":8},{"not_picked":["Sucker Punch","All Out Attack"],"picked":"Setup","floor":10},{"not_picked":["Deflect","Bouncing Flask"],"picked":"Concentrate","floor":11},{"not_picked":["Tools of the Trade","Blur"],"picked":"Terror","floor":14},{"not_picked":["Burst","Tools of the Trade"],"picked":"Grand Finale","floor":16},{"not_picked":["Backflip","Quick Slash+1"],"picked":"Poisoned Stab","floor":18},{"not_picked":["Terror+1","Riddle With Holes"],"picked":"Dodge and Roll","floor":20},{"not_picked":["Masterful Stab","Prepared"],"picked":"Quick Slash","floor":23},{"not_picked":["All Out Attack","Dodge and Roll"],"picked":"Sucker Punch+1","floor":30},{"not_picked":["Outmaneuver","Quick Slash"],"picked":"Underhanded Strike","floor":31},{"not_picked":["Acrobatics","Dash+1"],"picked":"Backstab+1","floor":32}],"player_experience":478851,"relics_obtained":[{"floor":6,"key":"Gambling Chip"},{"floor":9,"key":"Kunai"},{"floor":26,"key":"Dream Catcher"}],"event_choices":[{"damage_healed":0,"gold_gain":0,"player_choice":"Ignored","damage_taken":0,"max_hp_gain":0,"max_hp_loss":0,"event_name":"Transmorgrifier","floor":2,"gold_loss":0},{"damage_healed":0,"gold_gain":0,"player_choice":"Ignored","damage_taken":0,"max_hp_gain":0,"max_hp_loss":0,"event_name":"Golden Idol","floor":5,"gold_loss":0},{"damage_healed":0,"gold_gain":0,"player_choice":"Paid Fearfully","damage_taken":0,"max_hp_gain":0,"max_hp_loss":0,"event_name":"Masked Bandits","floor":19,"gold_loss":344},{"damage_healed":0,"gold_gain":0,"player_choice":"Simplicity","damage_taken":0,"max_hp_gain":0,"max_hp_loss":0,"event_name":"Back to Basics","floor":21,"gold_loss":0,"cards_upgraded":["Strike_G","Strike_G","Strike_G","Strike_G","Strike_G","Defend_G","Defend_G","Defend_G","Defend_G","Defend_G"]},{"damage_healed":0,"gold_gain":99,"player_choice":"Stole From Cult","damage_taken":0,"max_hp_gain":0,"max_hp_loss":0,"event_name":"Nest","floor":24,"gold_loss":0},{"damage_healed":0,"gold_gain":0,"player_choice":"Ignored","damage_taken":0,"max_hp_gain":0,"max_hp_loss":0,"event_name":"The Mausoleum","floor":27,"gold_loss":0}],"is_beta":false,"boss_relics":[{"not_picked":["Black Star","Pandora\u0027s Box"],"picked":"WristBlade"}],"items_purged_floors":[],"is_endless":false,"potions_floor_spawned":[3,8,10,16,20],"killed_by":"Champ","ascension_level":0}}