{"host":"xm0tf1maiknh0fp9","time":1611011792,"event":{"mods":["BaseMod","Colored Map","Colored Powertips","Googly Eyes","Minty Spire (QoL Compilation)","Replay The Spire","StSLib"],"gold_per_floor":[116,291,308,308,11,11,22,51,75,75,75,75,12,27,27,125,125,137,61,71,17,17,17,46,46,73,73,99,113,113,132,132,228,228,241,261,1,38,52,52,77,87,87,87,87,98,98,114,114,114],"floor_reached":51,"language":"ENG","playtime":1349,"items_purged":["Strike_G"],"score":835,"play_id":"d1f1c214-03f7-469a-82cd-76724663cc8a","local_time":"20210118181632","is_ascension_mode":true,"campfire_choices":[{"floor":6.0,"key":"REST"},{"data":"Acrobatics","floor":10.0,"key":"SMITH"},{"data":"Acrobatics","floor":12.0,"key":"SMITH"},{"data":"Calculated Gamble","floor":23.0,"key":"SMITH"},{"data":"Eviscerate","floor":27.0,"key":"SMITH"},{"data":"Venomology","floor":30.0,"key":"SMITH"},{"data":"ReplayTheSpireMod:Scrap Shanks","floor":32.0,"key":"SMITH"},{"data":"Adrenaline","floor":40,"key":"SMITH"},{"floor":45,"key":"REST"},{"floor":49,"key":"REST"}],"circlet_count":0,"master_deck":["Strike_G+1","Defend_G","Defend_G","Defend_G","Defend_G","Defend_G","Survivor","Neutralize","Underhanded Strike+1","Venomology+1","Eviscerate+1","Acrobatics+1","Master of Strategy","Acrobatics+1","Grand Finale","Calculated Gamble+1","Concentrate+1","Eviscerate+1","ReplayTheSpireMod:Scrap Shanks+1","Adrenaline+1","Accuracy+1","Madness+1","Madness+1"],"relics":["Ring of the Snake","ReplayFunnel","Whetstone","Replay:Bottled Eggs","WristBlade","Replay:WaspNest","Replay:Mystery Machine","Regal Pillow","SacredBark","Snack Pack","StoneCalendar","Oddly Smooth Stone","Toxic Egg 2"],"acts_visited":["Exordium","TheCity","TheBeyond"],"potions_floor_usage":[39,39,46,50],"damage_taken":[{"damage":3.0,"enemies":"Jaw Worm","floor":1.0,"turns":5.0},{"damage":0.0,"enemies":"2 Louse","floor":3.0,"turns":1.0},{"damage":0.0,"enemies":"Small Slimes","floor":7.0,"turns":2.0},{"damage":10.0,"enemies":"3 Sentries","floor":8.0,"turns":7.0},{"damage":5.0,"enemies":"3 Louse","floor":14.0,"turns":2.0},{"damage":22.0,"enemies":"Slime Boss","floor":16.0,"turns":5.0},{"damage":0.0,"enemies":"Shell Parasite","floor":18.0,"turns":2.0},{"damage":0.0,"enemies":"3 Byrds","floor":20.0,"turns":2.0},{"damage":0.0,"enemies":"Replay:Snechameleon","floor":24.0,"turns":2.0},{"damage":11.0,"enemies":"Shelled Parasite and Fungi","floor":29.0,"turns":2.0},{"damage":0.0,"enemies":"Snake Plant","floor":31.0,"turns":2.0},{"damage":0.0,"enemies":"Automaton","floor":33.0,"turns":1.0},{"damage":0,"enemies":"3 Shapes","floor":35,"turns":1},{"damage":0,"enemies":"Orb Walker","floor":36,"turns":1},{"damage":0,"enemies":"Maw","floor":39,"turns":2},{"damage":0,"enemies":"3 Darklings","floor":42,"turns":1},{"damage":0,"enemies":"4 Shapes","floor":46,"turns":1},{"damage":18,"enemies":"Maw","floor":48,"turns":4},{"damage":2,"enemies":"Replay:Hell Engine","floor":50,"turns":5}],"seed_played":"-600552078942547485","potions_obtained":[{"floor":1.0,"key":"Explosive Potion"},{"floor":14.0,"key":"SpeedPotion"},{"floor":18.0,"key":"Milkshake"},{"floor":31.0,"key":"Ancient Potion"},{"floor":33.0,"key":"FairyPotion"},{"floor":39,"key":"Weak Potion"},{"floor":46,"key":"BlessingOfTheForge"}],"is_trial":false,"path_per_floor":["M","?","M","?","$","R","M","E","T","R","?","R","?","M","R_BF","B",null,"M","$","M","$","?","R","E","$","T","R","T","M","R","M","R","B",null,"M","M","$","?","M","R","T","M","T","?","R","M","?","M","R_BF","B",null],"character_chosen":"THE_SILENT","items_purchased":["Acrobatics","Master of Strategy","Calculated Gamble","Concentrate+1","Snack Pack"],"campfire_rested":3,"item_purchase_floors":[5,5,19,21,37],"current_hp_per_floor":[42,42,42,35,35,56,56,46,46,46,46,46,46,41,41,19,57,57,57,57,57,57,57,57,57,57,57,57,46,46,46,46,46,64,64,64,64,36,44,44,44,44,44,44,70,70,61,53,70,70],"gold":114,"neow_bonus":"TRANSFORM_TWO_CARDS","is_daily":false,"chose_seed":false,"campfire_upgraded":7,"win_rate":0.0,"timestamp":1611011792,"path_taken":["M","?","M","?","$","R","M","E","T","R","?","R","?","?","R_BF","BOSS","M","$","M","$","?","R","E","?","T","R","?","?","R","?","R","BOSS","M","M","$","?","M","R","?","M","T","?","R","?","?","M","R_BF","BOSS"],"items_purchased_type":["Card","Card","Card","Card","Relic"],"build_version":"2020-12-22","purchased_purges":1,"victory":true,"max_hp_per_floor":[70,70,70,70,70,70,70,70,70,70,70,70,70,70,70,70,70,70,70,70,70,70,70,70,70,70,70,70,70,70,70,70,70,70,70,70,70,70,70,70,70,70,70,70,70,70,70,70,70,70],"card_choices":[{"not_picked":["ReplayTheSpireMod:The Works","Accuracy"],"picked":"Eviscerate","floor":1.0},{"not_picked":["Endless Agony","Dash","Deadly Poison"],"picked":"SKIP","floor":3.0},{"not_picked":["Backflip","Draining Mist"],"picked":"Acrobatics","floor":7.0},{"not_picked":["Caltrops","Dodge and Roll","Cloak And Dagger"],"picked":"SKIP","floor":8.0},{"not_picked":["Backflip","Poisoned Stab","Dodge and Roll"],"picked":"SKIP","floor":14.0},{"not_picked":["Fluid Movement","Terror","Quick Slash"],"picked":"SKIP","floor":18.0},{"not_picked":["Dodge and Roll+1","Riddle With Holes","ReplayTheSpireMod:Exploit Weakness"],"picked":"SKIP","floor":20.0},{"not_picked":["A Thousand Cuts","Dagger Spray"],"picked":"Eviscerate","floor":24.0},{"not_picked":["ReplayTheSpireMod:The Works","Replay:Poison Smokescreen","Hidden Blade"],"picked":"SKIP","floor":29.0},{"not_picked":["Slice","Underhanded Strike+1"],"picked":"ReplayTheSpireMod:Scrap Shanks","floor":31.0},{"not_picked":["Poison Darts","Envenom"],"picked":"Adrenaline","floor":33.0},{"not_picked":["Caltrops","Dash+1","Deflect+1"],"picked":"SKIP","floor":35},{"not_picked":["Quick Slash+1","Tactician","Acrobatics"],"picked":"SKIP","floor":36},{"not_picked":["Outmaneuver","ReplayTheSpireMod:Tripwire","Underhanded Strike"],"picked":"SKIP","floor":39},{"not_picked":["Blade Dance+1","Slice","Cloak And Dagger"],"picked":"SKIP","floor":42},{"not_picked":["Backflip+1","Night Terror+1"],"picked":"Accuracy+1","floor":46},{"not_picked":["Dagger Throw+1","PiercingWail+1","Dagger Spray+1"],"picked":"SKIP","floor":48}],"player_experience":139959,"relics_obtained":[{"floor":8.0,"key":"ReplayFunnel"},{"floor":9.0,"key":"Whetstone"},{"floor":24.0,"key":"Replay:WaspNest"},{"floor":26.0,"key":"Replay:Mystery Machine"},{"floor":28.0,"key":"Regal Pillow"},{"floor":38,"key":"StoneCalendar"},{"floor":41,"key":"Oddly Smooth Stone"},{"floor":43,"key":"Toxic Egg 2"}],"event_choices":[{"damage_healed":0.0,"max_hp_gain":0.0,"max_hp_loss":0.0,"gold_gain":175.0,"event_name":"Liars Game","player_choice":"AGREE","floor":2.0,"gold_loss":0.0,"damage_taken":0.0,"cards_obtained":["Doubt"]},{"cards_removed":["Doubt"],"damage_healed":0.0,"max_hp_gain":0.0,"max_hp_loss":0.0,"gold_gain":0.0,"event_name":"Golden Wing","player_choice":"Card Removal","floor":4.0,"gold_loss":0.0,"damage_taken":7.0},{"damage_healed":0.0,"max_hp_gain":0.0,"max_hp_loss":0.0,"gold_gain":0.0,"event_name":"Scrap Ooze","player_choice":"Fled","floor":11.0,"gold_loss":0.0,"damage_taken":0.0},{"damage_healed":0.0,"max_hp_gain":0.0,"max_hp_loss":0.0,"gold_gain":0.0,"event_name":"WeMeetAgain","player_choice":"Paid Gold","floor":13.0,"gold_loss":63.0,"damage_taken":0.0,"relics_obtained":["Replay:Bottled Eggs"]},{"damage_healed":0.0,"max_hp_gain":0.0,"max_hp_loss":0.0,"gold_gain":0.0,"event_name":"Match and Keep!","player_choice":"0 cards matched","floor":22.0,"gold_loss":0.0,"damage_taken":0.0,"cards_obtained":[]},{"damage_healed":0,"gold_gain":0,"player_choice":"Ignored","damage_taken":0,"max_hp_gain":0,"max_hp_loss":0,"event_name":"SecretPortal","floor":44,"gold_loss":0},{"damage_healed":0,"gold_gain":0,"player_choice":"Embrace Madness","damage_taken":9,"max_hp_gain":0,"max_hp_loss":0,"event_name":"Winding Halls","floor":47,"gold_loss":0,"cards_obtained":["Madness","Madness"]}],"is_beta":false,"boss_relics":[{"not_picked":["Ectoplasm","ChewingGum"],"picked":"WristBlade"},{"not_picked":["Replay:Wanted Poster","Sozu"],"picked":"SacredBark"}],"items_purged_floors":[5],"is_endless":false,"potions_floor_spawned":[1,14,18,31,33,36,39,42,46],"ascension_level":7}}