{"host":"soyfmymeou4emntr","time":1611008729,"event":{"mods":["BaseMod","Minty Spire (QoL Compilation)","Relic Sorter","Relic Stats","StSLib"],"gold_per_floor":[118,131,131,56,15,46,58,102,141,153,165,16,34,53,53,126,126,142,153,103,113,125,157,173,204,204,229,229,229],"floor_reached":28,"language":"ENG","playtime":1590,"items_purged":["Strike_P"],"score":676,"play_id":"7adb4aa9-ac97-40d1-9156-494a9b106fdd","local_time":"20210118152529","is_ascension_mode":true,"campfire_choices":[{"data":"Tantrum","floor":7,"key":"SMITH"},{"data":"Eruption","floor":10,"key":"SMITH"},{"data":"Ragnarok","floor":15,"key":"SMITH"}],"circlet_count":0,"master_deck":["AscendersBane","Eruption+1","Vigilance","EmptyFist+1","SandsOfTime+1","Tantrum+1","EmptyBody","ClearTheMind","Alpha","Ragnarok+1","Vengeance","Scrawl","Crescendo","MasterReality","SandsOfTime","FearNoEvil","FlurryOfBlows","Wireheading+1","EmptyMind","Wallop","ThirdEye","Halt","Halt"],"relics":["PureWater","NeowsBlessing","MawBank","Du-Vu Doll","Whetstone","Pandora\u0027s Box","Pen Nib","Ancient Tea Set","Pear","Dead Branch"],"acts_visited":["Exordium","TheCity"],"potions_floor_usage":[16,23,27,28],"damage_taken":[{"damage":0,"enemies":"Jaw Worm","floor":1,"turns":1},{"damage":0,"enemies":"2 Louse","floor":2,"turns":1},{"damage":0,"enemies":"Lagavulin","floor":6,"turns":1},{"damage":8,"enemies":"3 Sentries","floor":8,"turns":7},{"damage":0,"enemies":"Cultist","floor":13,"turns":1},{"damage":0,"enemies":"Blue Slaver","floor":14,"turns":2},{"damage":20,"enemies":"The Guardian","floor":16,"turns":7},{"damage":0,"enemies":"Shell Parasite","floor":18,"turns":1},{"damage":0,"enemies":"Chosen","floor":19,"turns":1},{"damage":17,"enemies":"Snake Plant","floor":21,"turns":2},{"damage":0,"enemies":"Snecko","floor":22,"turns":2},{"damage":3,"enemies":"Book of Stabbing","floor":23,"turns":3},{"damage":9,"enemies":"Centurion and Healer","floor":24,"turns":3},{"damage":11,"enemies":"Gremlin Leader","floor":25,"turns":4},{"damage":18,"enemies":"Book of Stabbing","floor":27,"turns":4},{"damage":11,"enemies":"Shelled Parasite and Fungi","floor":28,"turns":1}],"seed_played":"-1488165219318780076","potions_obtained":[{"floor":6,"key":"SneckoOil"},{"floor":14,"key":"SteroidPotion"},{"floor":16,"key":"SmokeBomb"},{"floor":22,"key":"FearPotion"},{"floor":23,"key":"DuplicationPotion"}],"is_trial":false,"path_per_floor":["M","M","?","?","$","E","R","E","T","R","?","$","M","M","R","B",null,"M","M","?","M","M","E","M","E","T","E","M"],"character_chosen":"WATCHER","items_purchased":["Tantrum","Ragnarok"],"campfire_rested":0,"item_purchase_floors":[5,12],"current_hp_per_floor":[61,61,54,54,54,54,54,46,46,46,46,46,46,46,46,26,58,58,58,58,41,41,38,29,18,28,10,0,0],"gold":229,"neow_bonus":"THREE_ENEMY_KILL","is_daily":false,"chose_seed":false,"campfire_upgraded":3,"win_rate":0.0,"timestamp":1611008729,"path_taken":["M","M","?","?","$","E","R","E","T","R","?","$","?","M","R","BOSS","M","M","?","M","?","E","M","E","T","E","M"],"items_purchased_type":["Card","Card"],"build_version":"2020-12-22","purchased_purges":1,"victory":false,"max_hp_per_floor":[68,68,68,68,68,68,68,68,68,68,68,68,68,68,68,68,68,68,68,68,68,68,68,68,68,78,78,78,78],"relic_stats":{"counters":[16,41],"Dead Branch":[6],"Pandora\u0027s Box":["Crescendo","MasterReality","SandsOfTime","FearNoEvil","FlurryOfBlows"],"Pen Nib":[2],"Whetstone":["SandsOfTime","EmptyFist"],"MawBank":72,"obtain_stats":[{"Du-Vu Doll":8,"Pear":26,"NeowsBlessing":0,"Dead Branch":27,"Pandora\u0027s Box":17,"Pen Nib":23,"Whetstone":9,"PureWater":0,"MawBank":6,"Ancient Tea Set":25},{"Du-Vu Doll":4,"Pear":14,"NeowsBlessing":0,"Dead Branch":15,"Pandora\u0027s Box":7,"Pen Nib":12,"Whetstone":4,"PureWater":0,"MawBank":3,"Ancient Tea Set":14},{"Du-Vu Doll":10,"Pear":36,"NeowsBlessing":0,"Dead Branch":40,"Pandora\u0027s Box":20,"Pen Nib":29,"Whetstone":10,"PureWater":0,"MawBank":3,"Ancient Tea Set":36}]},"card_choices":[{"not_picked":["Evaluate","WindmillStrike"],"picked":"EmptyFist","floor":1},{"not_picked":["FlyingSleeves","PathToVictory"],"picked":"SandsOfTime","floor":2},{"not_picked":["EmptyFist","LikeWater"],"picked":"EmptyBody","floor":6},{"not_picked":["JustLucky","FlyingSleeves"],"picked":"ClearTheMind","floor":8},{"not_picked":["SashWhip","PathToVictory"],"picked":"Vengeance","floor":13},{"not_picked":["JustLucky","PathToVictory","Evaluate"],"picked":"SKIP","floor":14},{"not_picked":["ConjureBlade","Omniscience"],"picked":"Scrawl","floor":16},{"not_picked":["Crescendo","WindmillStrike"],"picked":"Wireheading+1","floor":18},{"not_picked":["Pray","Crescendo"],"picked":"EmptyMind","floor":19},{"not_picked":["CarveReality","EmptyFist"],"picked":"Wallop","floor":21},{"not_picked":["PathToVictory","InnerPeace"],"picked":"ThirdEye","floor":22},{"not_picked":["Pray","EmptyBody","BowlingBash"],"picked":"SKIP","floor":23},{"not_picked":["FearNoEvil","Evaluate","Fasting2"],"picked":"SKIP","floor":24},{"not_picked":["CutThroughFate","Study"],"picked":"Halt","floor":25},{"not_picked":["Pray","EmptyFist"],"picked":"Halt","floor":27}],"player_experience":2835483,"relics_obtained":[{"floor":6,"key":"MawBank"},{"floor":8,"key":"Du-Vu Doll"},{"floor":9,"key":"Whetstone"},{"floor":23,"key":"Pen Nib"},{"floor":25,"key":"Ancient Tea Set"},{"floor":26,"key":"Pear"},{"floor":27,"key":"Dead Branch"}],"event_choices":[{"cards_removed":["Strike_P"],"damage_healed":0,"gold_gain":0,"player_choice":"Card Removal","damage_taken":7,"max_hp_gain":0,"max_hp_loss":0,"event_name":"Golden Wing","floor":3,"gold_loss":0},{"cards_removed":["Strike_P"],"damage_healed":0,"gold_gain":0,"player_choice":"Card Removal","damage_taken":0,"max_hp_gain":0,"max_hp_loss":0,"event_name":"The Cleric","floor":4,"gold_loss":75},{"damage_healed":0,"gold_gain":0,"player_choice":"1 cards matched","damage_taken":0,"max_hp_gain":0,"max_hp_loss":0,"event_name":"Match and Keep!","floor":11,"gold_loss":0,"cards_obtained":["Alpha"]},{"damage_healed":0,"gold_gain":0,"player_choice":"Bet on Murderer","damage_taken":0,"max_hp_gain":0,"max_hp_loss":0,"event_name":"The Joust","floor":20,"gold_loss":50}],"is_beta":false,"boss_relics":[{"not_picked":["Calling Bell","Runic Pyramid"],"picked":"Pandora\u0027s Box"}],"items_purged_floors":[12],"is_endless":false,"potions_floor_spawned":[6,14,16,22,23,24],"killed_by":"Shelled Parasite and Fungi","ascension_level":20}}