{"host":"545ma68kbj6ggddn","time":1611000305,"event":{"mods":["BaseMod","Downfall","Minty Spire (QoL Compilation)","SIMod","StSLib"],"gold_per_floor":[99,118,129,129,142,42,42,53,73,101,101,111,124,124,124,124],"floor_reached":14,"language":"ENG","playtime":1095,"items_purged":[],"score":94,"play_id":"9d653369-3ce4-43fc-ac1e-13dbbca52aa5","local_time":"20210118140505","is_ascension_mode":false,"campfire_choices":[{"floor":1,"key":"RECALL"},{"data":"Guardian:DecasProtection","floor":6,"key":"SMITH"}],"circlet_count":0,"master_deck":["Guardian:Strike_Guardian","Guardian:Strike_Guardian","Guardian:Strike_Guardian","Guardian:Strike_Guardian","Guardian:Defend_Guardian","Guardian:Defend_Guardian","Guardian:Defend_Guardian","Guardian:CurlUp+1","Guardian:TwinSlam","Guardian:DecasProtection+1","Guardian:PiercingHide+1","Guardian:Gem_Lightblue","Guardian:Gem_Purple","Guardian:RevengeProtocol","Guardian:Gem_Cyan","Guardian:Gem_Fragmented","Guardian:Gem_Synthetic","Guardian:TimeBomb","Guardian:RollAttack"],"relics":["Guardian:ModeShifter","downfall:HeartBlessingRed","War Paint","Gambling Chip","Guardian:PickAxe"],"acts_visited":["Exordium"],"potions_floor_usage":[14],"damage_taken":[{"damage":2,"enemies":"2 Louse","floor":2,"turns":3},{"damage":5,"enemies":"Cultist","floor":3,"turns":5},{"damage":15,"enemies":"Jaw Worm","floor":5,"turns":5},{"damage":13,"enemies":"Blue Slaver","floor":8,"turns":5},{"damage":8,"enemies":"3 Louse","floor":9,"turns":3},{"damage":25,"enemies":"3 Sentries","floor":10,"turns":12},{"damage":11,"enemies":"3 Sentries","floor":11,"turns":6},{"damage":2,"enemies":"Large Slime","floor":12,"turns":7},{"damage":5,"enemies":"Lots of Slimes","floor":13,"turns":5},{"damage":18,"enemies":"Lagavulin","floor":14,"turns":4}],"seed_played":"-5397192558381177402","potions_obtained":[{"floor":2,"key":"Ancient Potion"},{"floor":9,"key":"DuplicationPotion"},{"floor":10,"key":"Fire Potion"},{"floor":12,"key":"LiquidBronze"}],"is_trial":false,"path_per_floor":["R","M","M","?","M","R","T","M","M","E","?","M","M","E"],"character_chosen":"GUARDIAN","items_purchased":[],"campfire_rested":0,"item_purchase_floors":[],"current_hp_per_floor":[88,86,81,81,66,66,66,53,45,20,9,7,2,0,0,0],"gold":124,"neow_bonus":"TEN_PERCENT_HP_BONUS","is_daily":false,"chose_seed":false,"campfire_upgraded":1,"win_rate":0.0,"timestamp":1611000305,"path_taken":["R","M","M","?","M","R","T","?","M","E","?","M","M","E"],"items_purchased_type":[],"build_version":"2020-12-22","purchased_purges":0,"victory":false,"max_hp_per_floor":[88,88,88,88,88,88,88,88,88,88,88,88,88,88,88,88],"card_choices":[{"not_picked":["Guardian:Gem_Green","Guardian:Gem_Red"],"picked":"Guardian:DecasProtection","floor":2},{"not_picked":["Guardian:TemporalStrike","Guardian:ShieldCharger"],"picked":"Guardian:Gem_White","floor":3},{"not_picked":["Guardian:ShieldCharger","Guardian:VentSteam"],"picked":"Guardian:PiercingHide","floor":5},{"not_picked":["Guardian:ArmoredProtocol","Guardian:VentSteam"],"picked":"Guardian:Gem_Lightblue","floor":8},{"not_picked":["Guardian:Gem_Green","Guardian:PrimingBeam"],"picked":"Guardian:Gem_Purple","floor":9},{"not_picked":["Guardian:ArmoredProtocol","Guardian:PrimingBeam"],"picked":"Guardian:RevengeProtocol","floor":10},{"not_picked":["Guardian:Preprogram","Guardian:Gem_Red"],"picked":"Guardian:TimeBomb","floor":12},{"not_picked":["Guardian:Suspension","Guardian:Gem_Lightblue"],"picked":"Guardian:RollAttack","floor":13}],"player_experience":201447,"relics_obtained":[{"floor":7,"key":"War Paint"},{"floor":10,"key":"Gambling Chip"}],"event_choices":[{"cards_removed":["Guardian:Defend_Guardian"],"damage_healed":0,"gold_gain":0,"player_choice":"Offered Basic","damage_taken":0,"max_hp_gain":0,"max_hp_loss":0,"event_name":"Bonfire Elementals","floor":4,"gold_loss":0}],"is_beta":false,"boss_relics":[],"items_purged_floors":[],"is_endless":false,"potions_floor_spawned":[2,9,10,11,12],"killed_by":"Lagavulin","ascension_level":0}}