{"host":"jpzdg3po3tjxdjri","time":1611011497,"event":{"mods":["BaseMod","Better Third Choice","Colored Map","Colored Powertips","Minty Spire (QoL Compilation)","StSLib"],"gold_per_floor":[116,35,53,70,85,85,160,175,198,226,75,75,90,117,117,216,216,227,244,96,96,111,138,138,168,191,213,224,224,324,348,348,459,459,478,528,488,509,529,561,561,561,561,561,580,610,48,76,85,85,85,85,6,6,6],"floor_reached":54,"language":"ENG","playtime":1941,"items_purged":[],"score":839,"play_id":"74972bb6-4000-4f73-b268-7fcabee581cf","local_time":"20210118231137","is_ascension_mode":true,"campfire_choices":[{"data":"Inflame","floor":6,"key":"SMITH"},{"floor":12,"key":"RECALL"},{"data":"Perfected Strike","floor":15,"key":"SMITH"},{"floor":24,"key":"REST"},{"floor":29,"key":"REST"},{"data":"True Grit","floor":32,"key":"SMITH"},{"data":"Barricade","floor":42,"key":"SMITH"},{"floor":44,"key":"REST"},{"floor":49,"key":"REST"},{"data":"Iron Wave","floor":52,"key":"SMITH"}],"circlet_count":0,"master_deck":["Strike_R","Strike_R+1","Strike_R","Strike_R","Strike_R","Defend_R+1","Defend_R","Defend_R","Defend_R","Bash","Sword Boomerang","Inflame+1","Heavy Blade","Perfected Strike+1","Headbutt","Sentinel","Cleave","Pommel Strike","Pommel Strike","Barricade+1","Blood for Blood+1","Twin Strike","Perfected Strike","Demon Form","True Grit+1","Seeing Red","Immolate","Clothesline+1","Cleave+1","Wild Strike+1","Fire Breathing+1","Iron Wave+1","Twin Strike","Wild Strike+1","Iron Wave+1","Intimidate+1","Shrug It Off","Evolve+1"],"relics":["Burning Blood","PreservedInsect","Happy Flower","Orichalcum","Blood Vial","Nunchaku","Busted Crown","Boot","Matryoshka","Magic Flower","CeramicFish","Charon\u0027s Ashes","Frozen Egg 2","Mark of Pain","Gambling Chip","Smiling Mask","Dream Catcher","Pantograph","Paper Frog","Mummified Hand","Orrery"],"acts_visited":["Exordium","TheCity","TheBeyond","TheEnding"],"potions_floor_usage":[10,25,25,30,33,33,41,46,50,50,54,54],"damage_taken":[{"damage":7,"enemies":"Cultist","floor":1,"turns":5},{"damage":9,"enemies":"Jaw Worm","floor":3,"turns":4},{"damage":10,"enemies":"Small Slimes","floor":4,"turns":2},{"damage":10,"enemies":"Looter","floor":5,"turns":4},{"damage":6,"enemies":"2 Fungi Beasts","floor":8,"turns":3},{"damage":18,"enemies":"Lagavulin","floor":10,"turns":4},{"damage":9,"enemies":"Blue Slaver","floor":13,"turns":3},{"damage":0,"enemies":"Gremlin Nob","floor":14,"turns":3},{"damage":10,"enemies":"Slime Boss","floor":16,"turns":5},{"damage":20,"enemies":"Shell Parasite","floor":18,"turns":3},{"damage":18,"enemies":"3 Byrds","floor":19,"turns":5},{"damage":6,"enemies":"Centurion and Healer","floor":22,"turns":4},{"damage":43,"enemies":"Gremlin Leader","floor":23,"turns":5},{"damage":12,"enemies":"Book of Stabbing","floor":25,"turns":3},{"damage":21,"enemies":"Snake Plant","floor":27,"turns":3},{"damage":5,"enemies":"3 Cultists","floor":28,"turns":4},{"damage":30,"enemies":"Colosseum Slavers","floor":30,"turns":4},{"damage":0,"enemies":"Colosseum Nobs","floor":30,"turns":3},{"damage":7,"enemies":"Centurion and Healer","floor":31,"turns":4},{"damage":53,"enemies":"Champ","floor":33,"turns":8},{"damage":3,"enemies":"3 Shapes","floor":35,"turns":3},{"damage":0,"enemies":"Mind Bloom Boss Battle","floor":36,"turns":5},{"damage":21,"enemies":"3 Darklings","floor":38,"turns":5},{"damage":35,"enemies":"Sphere and 2 Shapes","floor":39,"turns":5},{"damage":12,"enemies":"Giant Head","floor":40,"turns":5},{"damage":17,"enemies":"Writhing Mass","floor":41,"turns":4},{"damage":35,"enemies":"Maw","floor":45,"turns":6},{"damage":24,"enemies":"Nemesis","floor":46,"turns":5},{"damage":21,"enemies":"Jaw Worm Horde","floor":48,"turns":3},{"damage":80,"enemies":"Time Eater","floor":50,"turns":8},{"damage":85,"enemies":"Shield and Spear","floor":54,"turns":5}],"seed_played":"-3631153921463442570","potions_obtained":[{"floor":1,"key":"BlessingOfTheForge"},{"floor":5,"key":"Block Potion"},{"floor":8,"key":"DuplicationPotion"},{"floor":10,"key":"SkillPotion"},{"floor":18,"key":"CultistPotion"},{"floor":30,"key":"SkillPotion"},{"floor":31,"key":"PowerPotion"},{"floor":36,"key":"SmokeBomb"},{"floor":40,"key":"SteroidPotion"},{"floor":45,"key":"Swift Potion"}],"is_trial":false,"path_per_floor":["M","$","M","M","M","R","?","M","T","E","$","R","M","E","R","B",null,"M","M","$","?","M","E","R","E","T","M","M","R","?","M","R","B",null,"M","?","?","M","M","E","M","R","T","R","M","E","$","M","R","B",null,"R","$","E"],"character_chosen":"IRONCLAD","items_purchased":["Inflame","Blood Vial","Boot","Mummified Hand","Fire Breathing+1","Orrery","LiquidMemories","SkillPotion","Iron Wave","Evolve+1","AttackPotion"],"campfire_rested":4,"item_purchase_floors":[2,11,20,47,47,47,47,47,47,53,53],"current_hp_per_floor":[79,79,76,72,68,68,57,57,57,45,45,45,44,52,52,50,80,66,56,56,41,43,8,33,29,29,20,27,52,46,51,51,10,85,85,85,85,73,50,50,45,45,45,70,47,35,35,26,51,14,85,85,85,0,0],"gold":6,"neow_bonus":"RANDOM_COMMON_RELIC","is_daily":false,"chose_seed":false,"campfire_upgraded":5,"win_rate":0.0,"timestamp":1611011497,"path_taken":["M","$","M","M","?","R","?","M","T","E","$","R","M","E","R","BOSS","M","M","$","?","M","E","R","E","T","M","M","R","?","M","R","BOSS","M","?","?","M","?","E","M","R","T","R","?","E","$","M","R","BOSS","R","$","E"],"items_purchased_type":["Card","Relic","Relic","Relic","Card","Relic","Potion","Potion","Card","Card","Potion"],"build_version":"2020-12-22","purchased_purges":0,"victory":false,"max_hp_per_floor":[80,80,80,80,80,80,80,80,80,80,80,80,80,80,80,80,80,80,80,80,85,85,85,85,85,85,85,85,85,85,85,85,85,85,85,85,85,85,85,85,85,85,85,85,85,85,85,85,85,85,85,85,85,85,85],"card_choices":[{"not_picked":["Sever Soul","Warcry"],"picked":"Sword Boomerang","floor":1},{"not_picked":["Armaments","Whirlwind"],"picked":"Heavy Blade","floor":3},{"not_picked":["Wild Strike","Combust"],"picked":"Perfected Strike","floor":4},{"not_picked":["Anger","Clothesline"],"picked":"Headbutt","floor":5},{"not_picked":["Exhume","Reckless Charge"],"picked":"Sentinel","floor":8},{"not_picked":["Second Wind","Flex"],"picked":"Cleave","floor":10},{"not_picked":["Armaments","Intimidate"],"picked":"Pommel Strike","floor":13},{"not_picked":["Hemokinesis","Ghostly Armor"],"picked":"Pommel Strike","floor":14},{"not_picked":["Bludgeon","Fiend Fire"],"picked":"Barricade","floor":16},{"not_picked":[],"picked":"Blood for Blood+1","floor":18},{"not_picked":[],"picked":"Twin Strike","floor":19},{"not_picked":[],"picked":"Perfected Strike","floor":22},{"not_picked":["Power Through"],"picked":"SKIP","floor":23},{"not_picked":[],"picked":"Demon Form","floor":25},{"not_picked":[],"picked":"True Grit","floor":27},{"not_picked":["Bloodletting"],"picked":"SKIP","floor":28},{"not_picked":[],"picked":"Seeing Red","floor":31},{"not_picked":[],"picked":"Immolate","floor":33},{"not_picked":["Anger+1"],"picked":"SKIP","floor":35},{"not_picked":[],"picked":"Clothesline+1","floor":38},{"not_picked":[],"picked":"Cleave+1","floor":39},{"not_picked":["Demon Form+1"],"picked":"SKIP","floor":40},{"not_picked":[],"picked":"Wild Strike+1","floor":45},{"not_picked":["Clash"],"picked":"SKIP","floor":46},{"not_picked":[],"picked":"Iron Wave+1","floor":47},{"not_picked":[],"picked":"Twin Strike","floor":47},{"not_picked":[],"picked":"Wild Strike+1","floor":47},{"not_picked":[],"picked":"Intimidate+1","floor":48},{"not_picked":[],"picked":"Shrug It Off","floor":49}],"player_experience":842037,"relics_obtained":[{"floor":9,"key":"Happy Flower"},{"floor":10,"key":"Orichalcum"},{"floor":14,"key":"Nunchaku"},{"floor":23,"key":"Matryoshka"},{"floor":25,"key":"Magic Flower"},{"floor":26,"key":"CeramicFish"},{"floor":30,"key":"Charon\u0027s Ashes"},{"floor":30,"key":"Frozen Egg 2"},{"floor":36,"key":"Gambling Chip"},{"floor":40,"key":"Smiling Mask"},{"floor":43,"key":"Dream Catcher"},{"floor":43,"key":"Pantograph"},{"floor":46,"key":"Paper Frog"}],"event_choices":[{"damage_healed":0,"gold_gain":75,"player_choice":"Gold","damage_taken":11,"max_hp_gain":0,"max_hp_loss":0,"event_name":"betterThird:BetterGoop","floor":7,"gold_loss":0},{"damage_healed":0,"gold_gain":0,"player_choice":"Shed Blood","damage_taken":20,"max_hp_gain":5,"max_hp_loss":0,"event_name":"Forgotten Altar","floor":21,"gold_loss":0},{"damage_healed":0,"gold_gain":0,"player_choice":"Fight","damage_taken":0,"max_hp_gain":0,"max_hp_loss":0,"event_name":"Colosseum","floor":30,"gold_loss":0},{"damage_healed":0,"gold_gain":0,"player_choice":"Fought Nobs","damage_taken":0,"max_hp_gain":0,"max_hp_loss":0,"event_name":"Colosseum","floor":30,"gold_loss":0},{"damage_healed":0,"gold_gain":0,"player_choice":"Fight","damage_taken":0,"max_hp_gain":0,"max_hp_loss":0,"event_name":"MindBloom","floor":36,"gold_loss":0},{"damage_healed":0,"gold_gain":0,"player_choice":"Upgraded Two","damage_taken":0,"max_hp_gain":0,"max_hp_loss":0,"event_name":"Designer","floor":37,"gold_loss":40,"cards_upgraded":["Defend_R","Strike_R"]}],"is_beta":false,"boss_relics":[{"not_picked":["Runic Pyramid","Empty Cage"],"picked":"Busted Crown"},{"not_picked":["SlaversCollar","Black Star"],"picked":"Mark of Pain"}],"items_purged_floors":[],"is_endless":false,"potions_floor_spawned":[1,5,8,10,16,18,19,23,30,31,36,40,41,45],"killed_by":"Shield and Spear","ascension_level":1}}