{"host":"dw8ij7emqco3quom","time":1611009196,"event":{"mods":["BaseMod","Minty Spire (QoL Compilation)"],"gold_per_floor":[118,118,185,196,176,176,195,223,223,79,79,104,104,137,137,242,242,273,296,233,245,105,105,124,124,124],"floor_reached":25,"language":"FRA","playtime":1263,"items_purged":[],"score":294,"play_id":"d5b2a7ad-6c97-483f-b726-149055f74e5d","local_time":"20210118233316","is_ascension_mode":true,"campfire_choices":[{"data":"Rupture","floor":6,"key":"SMITH"},{"data":"Hemokinesis","floor":11,"key":"SMITH"},{"floor":13,"key":"REST"},{"floor":15,"key":"REST"},{"data":"Armaments","floor":23,"key":"SMITH"}],"circlet_count":0,"master_deck":["Strike_R+1","Strike_R+1","Strike_R+1","Strike_R+1","Defend_R+1","Defend_R+1","Defend_R+1","Defend_R+1","Bash","Sever Soul","Rupture+1","Heavy Blade","Inflame","Hemokinesis+1","Power Through","Body Slam","Pommel Strike","Dual Wield","Spot Weakness","Armaments+1","Bludgeon","CurseOfTheBell","Rupture","Seeing Red"],"relics":["Burning Blood","NeowsBlessing","Torii","Matryoshka","Orrery","Odd Mushroom","StrikeDummy","Calling Bell","MawBank","Gremlin Horn","Mango","Lee\u0027s Waffle"],"acts_visited":["Exordium","TheCity"],"potions_floor_usage":[8,18,19,25],"damage_taken":[{"damage":0,"enemies":"Jaw Worm","floor":1,"turns":1},{"damage":0,"enemies":"Small Slimes","floor":4,"turns":1},{"damage":0,"enemies":"2 Louse","floor":7,"turns":1},{"damage":40,"enemies":"Lagavulin","floor":8,"turns":5},{"damage":26,"enemies":"The Mushroom Lair","floor":12,"turns":4},{"damage":34,"enemies":"Gremlin Nob","floor":14,"turns":4},{"damage":36,"enemies":"Hexaghost","floor":16,"turns":9},{"damage":35,"enemies":"2 Thieves","floor":18,"turns":3},{"damage":43,"enemies":"Shell Parasite","floor":19,"turns":5},{"damage":40,"enemies":"Centurion and Healer","floor":24,"turns":4},{"damage":76,"enemies":"Book of Stabbing","floor":25,"turns":5}],"seed_played":"1441286028432379255","potions_obtained":[{"floor":1,"key":"Swift Potion"},{"floor":4,"key":"AttackPotion"},{"floor":5,"key":"Ancient Potion"},{"floor":14,"key":"SneckoOil"}],"is_trial":false,"path_per_floor":["M","?","?","M","?","R","M","E","T","$","R","?","R","E","R","B",null,"M","M","?","?","$","R","M","E"],"character_chosen":"IRONCLAD","items_purchased":["Orrery","Lee\u0027s Waffle"],"campfire_rested":2,"item_purchase_floors":[10,22],"current_hp_per_floor":[78,83,83,85,85,85,85,51,51,51,51,31,56,28,53,23,84,55,18,18,18,106,106,72,0,0],"gold":124,"neow_bonus":"THREE_ENEMY_KILL","is_daily":false,"chose_seed":false,"campfire_upgraded":3,"win_rate":0.0,"timestamp":1611009196,"path_taken":["M","?","?","M","?","R","?","E","T","$","R","?","R","E","R","BOSS","M","M","?","?","$","R","M","E"],"items_purchased_type":["Relic","Relic"],"build_version":"2020-12-22","purchased_purges":0,"victory":false,"max_hp_per_floor":[80,85,85,85,85,85,85,85,85,85,85,85,85,85,85,85,99,99,99,99,99,106,106,106,106,106],"card_choices":[{"not_picked":["Dual Wield","True Grit"],"picked":"Sever Soul","floor":1},{"not_picked":["Shrug It Off","Iron Wave"],"picked":"Rupture","floor":4},{"not_picked":["Searing Blow","Headbutt"],"picked":"Heavy Blade","floor":7},{"not_picked":["Headbutt","Flame Barrier"],"picked":"Inflame","floor":8},{"not_picked":["Headbutt","Disarm"],"picked":"Hemokinesis","floor":10},{"not_picked":["True Grit","Dual Wield"],"picked":"Power Through","floor":10},{"not_picked":["Warcry","Battle Trance"],"picked":"Body Slam","floor":10},{"not_picked":["Twin Strike","Clash"],"picked":"Pommel Strike","floor":10},{"not_picked":["Pommel Strike","Wild Strike"],"picked":"Dual Wield","floor":10},{"not_picked":["Battle Trance","Uppercut"],"picked":"Spot Weakness","floor":12},{"not_picked":["Twin Strike","Power Through"],"picked":"Armaments","floor":14},{"not_picked":["Juggernaut","Corruption"],"picked":"Bludgeon","floor":16},{"not_picked":["Armaments","Wild Strike"],"picked":"Rupture","floor":18},{"not_picked":["Body Slam","Headbutt"],"picked":"Seeing Red","floor":19},{"not_picked":["Sentinel","Wild Strike","Clothesline"],"picked":"SKIP","floor":24}],"player_experience":664439,"relics_obtained":[{"floor":8,"key":"Torii"},{"floor":9,"key":"Matryoshka"},{"floor":12,"key":"Odd Mushroom"},{"floor":14,"key":"StrikeDummy"},{"floor":17,"key":"MawBank"},{"floor":17,"key":"Gremlin Horn"},{"floor":17,"key":"Mango"}],"event_choices":[{"damage_healed":0,"gold_gain":0,"player_choice":"Donut","damage_taken":0,"max_hp_gain":5,"max_hp_loss":0,"event_name":"Big Fish","floor":2,"gold_loss":0},{"damage_healed":0,"gold_gain":67,"player_choice":"Gained Gold","damage_taken":0,"max_hp_gain":0,"max_hp_loss":0,"event_name":"Golden Wing","floor":3,"gold_loss":0},{"damage_healed":0,"gold_gain":0,"player_choice":"Bought 1 Potion","damage_taken":0,"max_hp_gain":0,"max_hp_loss":0,"event_name":"The Woman in Blue","floor":5,"gold_loss":0},{"damage_healed":0,"gold_gain":0,"player_choice":"Fought Mushrooms","damage_taken":0,"max_hp_gain":0,"max_hp_loss":0,"event_name":"Mushrooms","floor":12,"gold_loss":0},{"cards_removed":["Strike_R"],"damage_healed":0,"gold_gain":0,"player_choice":"Gave Gold","damage_taken":0,"max_hp_gain":0,"max_hp_loss":0,"event_name":"Beggar","floor":20,"gold_loss":75},{"damage_healed":0,"gold_gain":0,"player_choice":"Simplicity","damage_taken":0,"max_hp_gain":0,"max_hp_loss":0,"event_name":"Back to Basics","floor":21,"gold_loss":0,"cards_upgraded":["Strike_R","Strike_R","Strike_R","Strike_R","Defend_R","Defend_R","Defend_R","Defend_R"]}],"is_beta":false,"boss_relics":[{"not_picked":["Astrolabe","Velvet Choker"],"picked":"Calling Bell"}],"items_purged_floors":[],"is_endless":false,"potions_floor_spawned":[1,4,14],"killed_by":"Book of Stabbing","ascension_level":6}}