{"host":"5fpb1gzflhq9886n","time":1611003861,"event":{"mods":["AchievementEnabler","BaseMod","Colored Map","Colored Powertips","Minty Spire (QoL Compilation)","Permanent Neow"],"gold_per_floor":[16,16,16,16,37,72,72,86,86,127,127,162,162,183,183,306,306,329,329,329,354,48,48,91,91,91,132,151,171,194,212,212,333,333,348,348,361,361,384,384,384,384],"floor_reached":41,"language":"ENG","playtime":2809,"items_purged":[],"score":589,"play_id":"932a7965-557b-44ef-92e2-1d5ad5bc3f62","local_time":"20210118160421","is_ascension_mode":true,"campfire_choices":[{"floor":7.0,"key":"REST"},{"floor":11.0,"key":"REST"},{"data":"TalkToTheHand","floor":15.0,"key":"SMITH"},{"data":"Judgement","floor":23.0,"key":"SMITH"},{"data":"Eruption","floor":25.0,"key":"SMITH"},{"floor":32.0,"key":"RECALL"},{"data":"TalkToTheHand","floor":40,"key":"SMITH"}],"circlet_count":0,"master_deck":["Defend_P","Defend_P","Defend_P","Defend_P","Eruption+1","Vigilance","CrushJoints","TalkToTheHand+1","BattleHymn","TalkToTheHand+1","DeceiveReality","Indignation","Study","SandsOfTime","Judgement+1","Adaptation","Tantrum","Bite","Bite","Bite","Bite","Bite","Establishment","Halt+1","FlyingSleeves","Regret","Blasphemy","WheelKick+1","CutThroughFate+1","BowlingBash","Tantrum+1","WaveOfTheHand","ClearTheMind","Consecrate","ConjureBlade","Omniscience","CurseOfTheBell","Conclude","EmptyMind+1","BowlingBash","Apotheosis+1","Clumsy"],"relics":["PureWater","WingedGreaves","Golden Idol","CaptainsWheel","Prayer Wheel","Meat on the Bone","InkBottle","Cursed Key","Lantern","Gremlin Horn","Eternal Feather","Oddly Smooth Stone","Calling Bell","PreservedInsect","Toxic Egg 2","Turnip","Dream Catcher"],"acts_visited":["Exordium","TheCity","TheBeyond"],"potions_floor_usage":[],"damage_taken":[{"damage":0.0,"enemies":"Small Slimes","floor":1.0,"turns":2.0},{"damage":4.0,"enemies":"Jaw Worm","floor":5.0,"turns":4.0},{"damage":24.0,"enemies":"Gremlin Nob","floor":6.0,"turns":4.0},{"damage":4.0,"enemies":"2 Louse","floor":8.0,"turns":3.0},{"damage":28.0,"enemies":"Lagavulin","floor":10.0,"turns":9.0},{"damage":4.0,"enemies":"Gremlin Nob","floor":12.0,"turns":5.0},{"damage":2.0,"enemies":"Red Slaver","floor":14.0,"turns":5.0},{"damage":28.0,"enemies":"Hexaghost","floor":16.0,"turns":7.0},{"damage":20.0,"enemies":"Shell Parasite","floor":18.0,"turns":5.0},{"damage":2.0,"enemies":"Chosen","floor":21.0,"turns":3.0},{"damage":26.0,"enemies":"Slavers","floor":24.0,"turns":4.0},{"damage":63.0,"enemies":"Gremlin Leader","floor":27.0,"turns":6.0},{"damage":15.0,"enemies":"Centurion and Healer","floor":28.0,"turns":4.0},{"damage":8.0,"enemies":"3 Cultists","floor":29.0,"turns":4.0},{"damage":0.0,"enemies":"Snecko","floor":30.0,"turns":2.0},{"damage":12.0,"enemies":"Centurion and Healer","floor":31.0,"turns":4.0},{"damage":39.0,"enemies":"Automaton","floor":33.0,"turns":6.0},{"damage":31,"enemies":"3 Darklings","floor":35,"turns":5},{"damage":23,"enemies":"3 Shapes","floor":37,"turns":3},{"damage":55,"enemies":"Nemesis","floor":41,"turns":2}],"seed_played":"9132461346943381053","potions_obtained":[{"floor":5.0,"key":"CultistPotion"},{"floor":12.0,"key":"LiquidBronze"},{"floor":16.0,"key":"FearPotion"},{"floor":18.0,"key":"StancePotion"},{"floor":24.0,"key":"FairyPotion"},{"floor":27.0,"key":"Dexterity Potion"},{"floor":31.0,"key":"EssenceOfSteel"},{"floor":33.0,"key":"Strength Potion"},{"floor":35,"key":"DuplicationPotion"},{"floor":37,"key":"Block Potion"}],"is_trial":false,"path_per_floor":["M","?","?","$","M","E","R","M","T","E","R","E","?","M","R","B",null,"M","?","?","M","$","R","E","R","T","E","M","M","M","M","R","B",null,"M","?","M","?","T","R","E"],"character_chosen":"WATCHER","items_purchased":["Gremlin Horn","FlyingSleeves"],"campfire_rested":2,"item_purchase_floors":[22,22],"current_hp_per_floor":[72,67,67,67,63,39,59,55,55,27,47,43,43,41,41,25,67,47,46,46,46,46,46,34,46,46,29,34,36,38,34,46,25,46,33,33,24,24,24,46,0,0],"gold":384,"neow_bonus":"ONE_RARE_RELIC","is_daily":false,"chose_seed":false,"campfire_upgraded":4,"win_rate":0.0,"timestamp":1611003861,"path_taken":["M","?","?","$","M","E","R","?","T","E","R","E","?","?","R","BOSS","M","?","?","M","$","R","E","R","T","E","?","M","M","M","R","BOSS","M","?","M","?","?","R","E"],"items_purchased_type":["Relic","Card"],"build_version":"2020-12-22","purchased_purges":0,"victory":false,"max_hp_per_floor":[72,67,67,67,67,67,67,67,67,67,67,67,67,67,67,67,67,67,46,46,46,46,46,46,46,46,46,46,46,46,46,46,46,46,46,46,46,46,46,46,46,46],"card_choices":[{"not_picked":["PathToVictory","Prostrate"],"picked":"CrushJoints","floor":1.0},{"not_picked":["SignatureMove","ClearTheMind"],"picked":"TalkToTheHand","floor":5.0},{"not_picked":["Evaluate","SashWhip"],"picked":"BattleHymn","floor":6.0},{"not_picked":["Protect","ThirdEye"],"picked":"TalkToTheHand","floor":8.0},{"not_picked":["EmptyFist","Weave"],"picked":"DeceiveReality","floor":10.0},{"not_picked":["JustLucky","ClearTheMind"],"picked":"Indignation","floor":12.0},{"not_picked":["JustLucky","BattleHymn"],"picked":"Study","floor":14.0},{"not_picked":["Vault","SashWhip"],"picked":"SandsOfTime","floor":14.0},{"not_picked":["Alpha","Devotion"],"picked":"Judgement","floor":16.0},{"not_picked":["Indignation+1","Evaluate+1"],"picked":"Adaptation","floor":18.0},{"not_picked":["PathToVictory","Halt+1"],"picked":"Tantrum","floor":18.0},{"not_picked":["TalkToTheHand","PathToVictory"],"picked":"Establishment","floor":21.0},{"not_picked":["SandsOfTime","PathToVictory+1"],"picked":"Halt+1","floor":21.0},{"not_picked":["Protect","FollowUp","BattleHymn"],"picked":"SKIP","floor":24.0},{"not_picked":["ReachHeaven","FlurryOfBlows"],"picked":"Blasphemy","floor":27.0},{"not_picked":["CrushJoints","FlurryOfBlows+1"],"picked":"WheelKick+1","floor":28.0},{"not_picked":["FlurryOfBlows+1","ThirdEye"],"picked":"CutThroughFate+1","floor":28.0},{"not_picked":["MentalFortress","Evaluate"],"picked":"BowlingBash","floor":29.0},{"not_picked":["PathToVictory","MentalFortress"],"picked":"Tantrum+1","floor":29.0},{"not_picked":["FlyingSleeves+1","FlurryOfBlows"],"picked":"WaveOfTheHand","floor":30.0},{"not_picked":["CutThroughFate","ThirdEye+1"],"picked":"ClearTheMind","floor":30.0},{"not_picked":["SashWhip","Swivel"],"picked":"Consecrate","floor":31.0},{"not_picked":["FlurryOfBlows+1","PathToVictory"],"picked":"ConjureBlade","floor":31.0},{"not_picked":["Scrawl","Alpha"],"picked":"Omniscience","floor":33.0},{"not_picked":["EmptyBody+1","TalkToTheHand"],"picked":"Conclude","floor":35},{"not_picked":["JustLucky+1","Halt+1","Perseverance+1"],"picked":"SKIP","floor":35},{"not_picked":["Evaluate+1","FlyingSleeves"],"picked":"EmptyMind+1","floor":37},{"not_picked":["Establishment","FlyingSleeves+1"],"picked":"BowlingBash","floor":37},{"not_picked":["Panacea+1","Purity+1"],"picked":"Apotheosis+1","floor":38}],"player_experience":724768,"relics_obtained":[{"floor":6.0,"key":"CaptainsWheel"},{"floor":9.0,"key":"Prayer Wheel"},{"floor":10.0,"key":"Meat on the Bone"},{"floor":12.0,"key":"InkBottle"},{"floor":24.0,"key":"Eternal Feather"},{"floor":27.0,"key":"Oddly Smooth Stone"},{"floor":34.0,"key":"PreservedInsect"},{"floor":34.0,"key":"Toxic Egg 2"},{"floor":34.0,"key":"Turnip"},{"floor":39,"key":"Dream Catcher"}],"event_choices":[{"damage_healed":0.0,"max_hp_gain":0.0,"max_hp_loss":5.0,"gold_gain":0.0,"event_name":"Golden Idol","player_choice":"Lose Max HP","floor":2.0,"gold_loss":0.0,"damage_taken":0.0,"relics_obtained":["Golden Idol"]},{"damage_healed":0.0,"max_hp_gain":0.0,"max_hp_loss":0.0,"gold_gain":0.0,"event_name":"Golden Wing","player_choice":"Ignored","floor":3.0,"gold_loss":0.0,"damage_taken":0.0},{"cards_removed":["Strike_P"],"damage_healed":0.0,"max_hp_gain":0.0,"max_hp_loss":0.0,"gold_gain":0.0,"event_name":"Bonfire Elementals","player_choice":"Offered Basic","floor":13.0,"gold_loss":0.0,"damage_taken":0.0},{"damage_healed":0.0,"max_hp_gain":0.0,"max_hp_loss":21.0,"gold_gain":0.0,"event_name":"Vampires","player_choice":"Became a vampire","floor":19.0,"gold_loss":0.0,"damage_taken":0.0,"cards_obtained":["Bite","Bite","Bite","Bite","Bite"]},{"damage_healed":0.0,"max_hp_gain":0.0,"max_hp_loss":0.0,"gold_gain":0.0,"event_name":"WeMeetAgain","player_choice":"Gave Potion","floor":20.0,"gold_loss":0.0,"damage_taken":0.0,"relics_obtained":["Lantern"]},{"damage_healed":0,"gold_gain":0,"player_choice":"Ignored","damage_taken":0,"max_hp_gain":0,"max_hp_loss":0,"event_name":"Tomb of Lord Red Mask","floor":36,"gold_loss":0},{"damage_healed":0,"gold_gain":0,"player_choice":"Memory 1","damage_taken":0,"max_hp_gain":0,"max_hp_loss":0,"event_name":"SensoryStone","floor":38,"gold_loss":0}],"is_beta":false,"boss_relics":[{"not_picked":["Astrolabe","Runic Dome"],"picked":"Cursed Key"},{"not_picked":["VioletLotus","Tiny House"],"picked":"Calling Bell"}],"items_purged_floors":[],"is_endless":false,"potions_floor_spawned":[5,12,16,18,24,27,31,33,35,37],"killed_by":"Nemesis","ascension_level":4}}