{"host":"cjmwurvrz00ml9vd","time":1611005126,"event":{"mods":["2.2 Compatiblity","AchievementEnabler","Act Like it!","Aspiration","BaseMod","Beaked The Cultist","Better Third Choice","BetterRewards","Colored Powertips","Conspire","Energized Spire","Infinite Spire","Marisa????????","Marked Mod","Minty Spire (QoL Compilation)","Replay The Spire","Say the Spire","StSLib","The Blackbeard","The Cursed","The Disciple","The Hierophant","The Jungle","The Necromancer","The Servant 0.9.4","TheFirefly","vexMod"],"gold_per_floor":[115,390,401,401,419,11,11,86,86,103,35,47,59,73,73,169,169,179,179,179,179,179,179,207,225,252,252,351,351,351,366,366,463,463,478,490,510,258,271,271,271],"floor_reached":40,"language":"ENG","playtime":1190,"items_purged":["Regret"],"score":423,"play_id":"81f11de0-3d87-4a1b-83f1-1f9fadef3c46","local_time":"20210118222526","is_ascension_mode":false,"campfire_choices":[{"data":"Neutralize","floor":7,"key":"SMITH"},{"data":"Noxious Fumes","floor":15,"key":"SMITH"},{"floor":23,"key":"REST"},{"floor":27,"key":"REST"},{"data":"Replay:Fractal Strike","floor":30,"key":"SMITH"},{"data":"A Thousand Cuts","floor":32,"key":"SMITH"}],"circlet_count":0,"master_deck":["Strike_G","Strike_G","Strike_G","Strike_G","Strike_G","Defend_G","Defend_G","Defend_G","Defend_G","Survivor","Neutralize+1","Noxious Fumes+1","Accuracy","Infinite Blades","A Thousand Cuts+1","Calculated Gamble+1","Replay:Fractal Strike+1","Insight","Storm of Steel","vexMod:UltimateCard","infinitespire:NeuralNetwork","Panacea","Acrobatics+1"],"relics":["Ring of the Snake","Ninja Scroll","Vajra","MutagenicStrength","Runic Dome","infinitespire:Beetle Shell","Strawberry","ReplayTheSpireMod:SealedPack","conspire:BottledYoYo"],"acts_visited":["Exordium","TheCity","TheBeyond"],"potions_floor_usage":[10,16,31,31,33,33,37,37],"damage_taken":[{"damage":0,"enemies":"Jaw Worm","floor":1,"turns":5},{"damage":1,"enemies":"Cultist","floor":3,"turns":5},{"damage":4,"enemies":"2 Louse","floor":5,"turns":4},{"damage":2,"enemies":"Large Slime","floor":10,"turns":5},{"damage":0,"enemies":"Looter","floor":12,"turns":1},{"damage":0,"enemies":"2 Fungi Beasts","floor":13,"turns":2},{"damage":1,"enemies":"Lots of Slimes","floor":14,"turns":3},{"damage":6,"enemies":"The Guardian","floor":16,"turns":10},{"damage":35,"enemies":"Spheric Guardian","floor":18,"turns":6},{"damage":38,"enemies":"conspire:SneckoGhost","floor":24,"turns":8},{"damage":2,"enemies":"2 Thieves","floor":25,"turns":4},{"damage":14,"enemies":"Snecko","floor":31,"turns":4},{"damage":20,"enemies":"Collector","floor":33,"turns":6},{"damage":20,"enemies":"3 Shapes","floor":35,"turns":3},{"damage":6,"enemies":"Orb Walker","floor":36,"turns":2},{"damage":25,"enemies":"Maw","floor":37,"turns":5},{"damage":12,"enemies":"Spire Growth","floor":39,"turns":4},{"damage":14,"enemies":"Nemesis","floor":40,"turns":2}],"seed_played":"1598105433047617324","potions_obtained":[{"floor":4,"key":"AttackPotion"},{"floor":10,"key":"Elixir"},{"floor":13,"key":"Venom Potion"},{"floor":14,"key":"LifebloodPotion"},{"floor":24,"key":"LiquidBronze"},{"floor":25,"key":"Swift Potion"},{"floor":31,"key":"Strength Potion"},{"floor":33,"key":"AttackPotion"},{"floor":35,"key":"Fire Potion"},{"floor":36,"key":"Fire Potion"}],"is_trial":false,"path_per_floor":["M","?","M","?","M","$","R","?","T","M","$","M","M","M","R","B",null,"M","?","AVR","?","?","R","E","M","T","R","?","?","R","M","R","B",null,"M","M","M","$","M","E"],"character_chosen":"THE_SILENT","items_purchased":["Noxious Fumes","Ninja Scroll","Accuracy","Infinite Blades","conspire:BottledYoYo"],"campfire_rested":2,"item_purchase_floors":[0,6,6,11,38],"current_hp_per_floor":[70,70,69,69,65,65,65,54,54,52,52,52,52,51,51,45,70,35,35,35,35,35,56,18,16,23,46,46,46,46,32,32,12,77,57,51,26,26,14,0,0],"gold":271,"neow_bonus":"","is_daily":false,"chose_seed":false,"campfire_upgraded":4,"win_rate":0.0,"timestamp":1611005126,"path_taken":["M","?","?","?","M","$","R","?","T","M","$","M","M","M","R","BOSS","M","?","AVR","?","?","R","E","M","T","R","?","?","R","M","R","BOSS","M","M","M","$","?","E"],"items_purchased_type":["Card","Relic","Card","Card","Relic"],"build_version":"2020-12-22","purchased_purges":1,"victory":false,"max_hp_per_floor":[70,70,70,70,70,70,70,70,70,70,70,70,70,70,70,70,70,70,70,70,70,70,70,70,70,77,77,77,77,77,77,77,77,77,77,77,77,77,77,77,77],"card_choices":[{"not_picked":["Dagger Spray","PiercingWail","Masterful Stab"],"picked":"SKIP","floor":1},{"not_picked":["Predator","Sucker Punch","Quick Slash"],"picked":"SKIP","floor":3},{"not_picked":["Deadly Poison","Prepared","conspire:PoisonWeapons"],"picked":"SKIP","floor":5},{"not_picked":["Deadly Poison","Prepared","conspire:PoisonWeapons"],"picked":"SKIP","floor":5},{"not_picked":["Expertise","Toxin Wave","Dagger Throw"],"picked":"SKIP","floor":10},{"not_picked":["Outmaneuver","Sneak Up","Dodge and Roll"],"picked":"SKIP","floor":12},{"not_picked":["Tools of the Trade","Tactician","PiercingWail"],"picked":"SKIP","floor":13},{"not_picked":["Prepared","Quick Slash","Flying Knee"],"picked":"SKIP","floor":14},{"not_picked":["infinitespire:Neurotoxin","Unload"],"picked":"A Thousand Cuts","floor":16},{"not_picked":["Hidden Blade","Bouncing Flask"],"picked":"Calculated Gamble+1","floor":18},{"not_picked":["ReplayTheSpireMod:From All Sides","Crippling Poison","Replay:Poison Smokescreen+1"],"picked":"SKIP","floor":24},{"not_picked":["Dagger Spray+1","Accuracy+1","Caltrops"],"picked":"SKIP","floor":25},{"not_picked":["Bane","Flying Knee","All Out Attack"],"picked":"SKIP","floor":31},{"not_picked":["infinitespire:Neurotoxin","Wraith Form v2"],"picked":"Storm of Steel","floor":33},{"not_picked":["infinitespire:Punishment","infinitespire:SealOfDarkness+"],"picked":"infinitespire:NeuralNetwork","floor":34},{"not_picked":["ReplayTheSpireMod:Trickstab","Replay:Sssssssssstrike"],"picked":"Panacea","floor":34},{"not_picked":["Accuracy+1","Distraction","Dagger Throw+1"],"picked":"SKIP","floor":35},{"not_picked":["Flying Knee","All Out Attack+1","Dodge and Roll+1"],"picked":"SKIP","floor":36},{"not_picked":["Fluid Movement","Deflect+1","Poisoned Stab"],"picked":"SKIP","floor":37},{"not_picked":["Deflect+1","Flying Knee+1"],"picked":"Acrobatics+1","floor":39}],"player_experience":626559,"relics_obtained":[{"floor":9,"key":"Vajra"},{"floor":24,"key":"infinitespire:Beetle Shell"},{"floor":26,"key":"Strawberry"}],"event_choices":[{"damage_healed":0,"gold_gain":275,"player_choice":"Desecrate","damage_taken":0,"max_hp_gain":0,"max_hp_loss":0,"event_name":"Golden Shrine","floor":2,"gold_loss":0,"cards_obtained":["Regret"]},{"damage_healed":0,"gold_gain":75,"player_choice":"Gold","damage_taken":11,"max_hp_gain":0,"max_hp_loss":0,"event_name":"betterThird:BetterGoop","floor":8,"gold_loss":0},{"damage_healed":0,"gold_gain":0,"player_choice":"Inject Mutagens","damage_taken":0,"relics_obtained":["MutagenicStrength"],"max_hp_gain":0,"max_hp_loss":0,"event_name":"Drug Dealer","floor":19,"gold_loss":0},{"damage_healed":0,"gold_gain":0,"player_choice":"Ignored","damage_taken":0,"max_hp_gain":0,"max_hp_loss":0,"event_name":"Beggar","floor":21,"gold_loss":0},{"damage_healed":0,"gold_gain":0,"player_choice":"Insight","damage_taken":0,"max_hp_gain":0,"max_hp_loss":0,"event_name":"betterThird:BetterWriting","floor":22,"gold_loss":0,"cards_obtained":["Insight"]},{"damage_healed":0,"gold_gain":99,"player_choice":"Steal","damage_taken":0,"max_hp_gain":0,"max_hp_loss":0,"event_name":"betterThird:BetterNest","floor":28,"gold_loss":0},{"cards_removed":["Defend_G"],"damage_healed":0,"gold_gain":0,"player_choice":"Offered Basic","damage_taken":0,"max_hp_gain":0,"max_hp_loss":0,"event_name":"Bonfire Elementals","floor":29,"gold_loss":0}],"is_beta":false,"boss_relics":[{"not_picked":["vexMod:FluxCapacitor","Kintsugi","vexMod:NewClearReactor"]},{"not_picked":["Coffee Dripper","aspiration:FutureDiary"],"picked":"ReplayTheSpireMod:SealedPack"}],"items_purged_floors":[6],"is_endless":false,"potions_floor_spawned":[10,13,14,24,25,31,33,35,36],"killed_by":"Nemesis","ascension_level":0}}