{"host":"f8toxsj3bk02pkeu","time":1611010291,"event":{"mods":["BaseMod","Minty Spire (QoL Compilation)","Permanent Neow","Quick Restart","StSLib","SuperFastMode"],"gold_per_floor":[112,15,32,49,49,49,75,75,75,104,116,53,80,120,132,144,144],"floor_reached":16,"language":"ENG","playtime":849,"items_purged":[],"score":236,"play_id":"ea6da947-4785-4090-9274-e4a95d398cae","local_time":"20210118155131","is_ascension_mode":true,"campfire_choices":[{"data":"Discovery","floor":6,"key":"SMITH"},{"floor":8,"key":"REST"},{"data":"True Grit","floor":11,"key":"SMITH"},{"data":"Shockwave","floor":15,"key":"SMITH"}],"circlet_count":0,"master_deck":["AscendersBane","Strike_R","Strike_R","Strike_R","Strike_R","Defend_R","Defend_R","Defend_R","Bash","True Grit+1","Discovery+1","Headbutt","Burning Pact","Shrug It Off","Immolate","Shockwave+1"],"relics":["Burning Blood","Dead Branch","Incense Burner","MawBank","Centennial Puzzle"],"acts_visited":["Exordium"],"potions_floor_usage":[10,16],"damage_taken":[{"damage":9,"enemies":"Small Slimes","floor":1,"turns":5},{"damage":0,"enemies":"Jaw Worm","floor":3,"turns":4},{"damage":8,"enemies":"2 Louse","floor":4,"turns":3},{"damage":37,"enemies":"3 Sentries","floor":7,"turns":8},{"damage":16,"enemies":"Lagavulin","floor":10,"turns":10},{"damage":5,"enemies":"Exordium Wildlife","floor":13,"turns":7},{"damage":33,"enemies":"Gremlin Nob","floor":14,"turns":4},{"damage":25,"enemies":"The Guardian","floor":16,"turns":12}],"seed_played":"813524249065471957","potions_obtained":[{"floor":1,"key":"SmokeBomb"},{"floor":4,"key":"Ancient Potion"},{"floor":7,"key":"LiquidBronze"},{"floor":14,"key":"Fire Potion"}],"is_trial":false,"path_per_floor":["M","$","M","M","?","R","E","R","T","E","R","?","M","E","R","B"],"character_chosen":"IRONCLAD","items_purchased":["Discovery"],"campfire_rested":1,"item_purchase_floors":[2],"current_hp_per_floor":[61,61,67,65,65,65,34,60,60,50,50,50,51,24,24,0,0],"gold":144,"neow_bonus":"TWENTY_PERCENT_HP_BONUS","is_daily":false,"chose_seed":false,"campfire_upgraded":3,"win_rate":0.0,"timestamp":1611010291,"path_taken":["M","$","M","M","?","R","E","R","T","E","R","?","M","E","R","BOSS"],"items_purchased_type":["Card"],"build_version":"2020-12-22","purchased_purges":0,"victory":false,"max_hp_per_floor":[89,89,89,89,89,89,89,89,89,89,89,89,89,89,89,89,89],"card_choices":[{"not_picked":["Sever Soul","Cleave"],"picked":"True Grit","floor":1},{"not_picked":["Burning Pact","Pummel"],"picked":"Headbutt","floor":3},{"not_picked":["Shockwave","Body Slam","Intimidate"],"picked":"SKIP","floor":4},{"not_picked":["Body Slam","Spot Weakness"],"picked":"Burning Pact","floor":7},{"not_picked":["Thunderclap","Perfected Strike"],"picked":"Shrug It Off","floor":10},{"not_picked":["Perfected Strike","Clothesline"],"picked":"Immolate","floor":13},{"not_picked":["Bloodletting","Rage"],"picked":"Shockwave","floor":14}],"player_experience":962484,"relics_obtained":[{"floor":7,"key":"Dead Branch"},{"floor":9,"key":"Incense Burner"},{"floor":10,"key":"MawBank"},{"floor":14,"key":"Centennial Puzzle"}],"event_choices":[{"cards_removed":["Strike_R"],"damage_healed":0,"gold_gain":0,"player_choice":"Forget","damage_taken":0,"max_hp_gain":0,"max_hp_loss":0,"event_name":"Living Wall","floor":5,"gold_loss":0},{"cards_removed":["Defend_R"],"damage_healed":0,"gold_gain":0,"player_choice":"Card Removal","damage_taken":0,"max_hp_gain":0,"max_hp_loss":0,"event_name":"The Cleric","floor":12,"gold_loss":75}],"is_beta":false,"boss_relics":[],"items_purged_floors":[],"is_endless":false,"potions_floor_spawned":[1,4,7,14],"killed_by":"The Guardian","ascension_level":20}}