{"host":"121m0oxswv9tg9hk","time":1611013579,"event":{"mods":["AchievementEnabler","BaseMod","Better Third Choice","Downfall","Hermit","Hubris","Infinite Spire","MarisaÅiñ∂âJÅ@ñÇóùçπÅj","Minty Spire (QoL Compilation)","Shade Mod","StSLib","The Construct","The Cursed","The Gatherer","The Hierophant","The Mystic"],"gold_per_floor":[99,114,114,133,43,71,98,122,22,7,7,26,40,40,58,154,154,54,69,83,83,83,109,109,128,128,139,139,154,154,164,174,269,269,269,287,17,27,40,40,40,25,25,25,45,45,45,56,56,56],"floor_reached":51,"language":"ENG","playtime":3678,"items_purged":["bronze:Goto","bronze:Strike"],"score":821,"play_id":"9a3c2c55-4288-4a96-aae6-dbb936081cd6","local_time":"20210119004619","is_ascension_mode":false,"campfire_choices":[{"floor":1,"key":"RECALL"},{"data":"bronze:Iterate","floor":9,"key":"SMITH"},{"data":"bronze:Replicate","floor":11,"key":"SMITH"},{"data":"bronze:HardenedForm","floor":18,"key":"SMITH"},{"data":"bronze:Shield","floor":28,"key":"SMITH"},{"floor":30,"key":"REST"},{"data":"bronze:FollowUp","floor":35,"key":"SMITH"},{"data":"bronze:Boost","floor":40,"key":"SMITH"},{"data":"bronze:ThunderWave","floor":43,"key":"SMITH"},{"data":"bronze:Virus","floor":47,"key":"SMITH"}],"circlet_count":0,"master_deck":["bronze:Strike","bronze:Strike","bronze:Strike","bronze:Defend+1","bronze:Defend","bronze:Defend","bronze:Defend","bronze:Replicate+1","bronze:Iterate+1","bronze:BronzeArmor+1","bronze:Shell","bronze:Shield+1","bronze:WhirlingStrike","bronze:Boost+1","bronze:ThunderWave+1","bronze:HardenedForm+1","bronze:OilSpill","bronze:OilSpill","bronze:Fortify","bronze:DelayedGuard+1","bronze:FollowUp+1","bronze:ClassDefault+1","bronze:AlphaBuild+1","bronze:BronzeArmor+1","bronze:CloningBeam+1","bronze:Shield+1","bronze:ForceShield+1","bronze:Virus+1"],"relics":["bronze:BronzeCore","infinitespire:Lychee Nut","infinitespire:Lucky Rock","downfall:HeartBlessingRed","downfall:ShatteredFragment","hubris:RunicObelisk","downfall:HeartBlessingBlue","construct:RocketBooster","Mango","hubris:ScarierMask","HandDrill","infinitespire:WardingShard"],"acts_visited":["Exordium","TheCity","TheBeyond"],"potions_floor_usage":[5,15,15,27,33,42,49,50,50],"damage_taken":[{"damage":3,"enemies":"Cultist","floor":2,"turns":5},{"damage":1,"enemies":"Jaw Worm","floor":4,"turns":3},{"damage":0,"enemies":"downfall:FleeingMerchant","floor":5,"turns":4},{"damage":24,"enemies":"3 Sentries","floor":6,"turns":9},{"damage":0,"enemies":"downfall:FleeingMerchant","floor":10,"turns":4},{"damage":3,"enemies":"Small Slimes","floor":12,"turns":4},{"damage":4,"enemies":"Blue Slaver","floor":13,"turns":4},{"damage":2,"enemies":"Exordium Wildlife","floor":15,"turns":3},{"damage":36,"enemies":"DF_ARCHETYPE_STREAMLINE","floor":16,"turns":12},{"damage":7,"enemies":"Shell Parasite","floor":19,"turns":2},{"damage":2,"enemies":"Cultist and Chosen","floor":20,"turns":4},{"damage":32,"enemies":"Slavers","floor":23,"turns":4},{"damage":7,"enemies":"Shelled Parasite and Fungi","floor":25,"turns":5},{"damage":1,"enemies":"3 Cultists","floor":27,"turns":3},{"damage":25,"enemies":"Snake Plant","floor":29,"turns":5},{"damage":1,"enemies":"Centurion and Healer","floor":31,"turns":4},{"damage":8,"enemies":"Cultist and Chosen","floor":32,"turns":4},{"damage":20,"enemies":"SI_MIRROR_ARCHETYPE","floor":33,"turns":8},{"damage":7,"enemies":"Orb Walker","floor":36,"turns":3},{"damage":0,"enemies":"downfall:FleeingMerchant","floor":37,"turns":4},{"damage":5,"enemies":"3 Shapes","floor":38,"turns":5},{"damage":15,"enemies":"Jaw Worm Horde","floor":39,"turns":5},{"damage":0,"enemies":"downfall:FleeingMerchant","floor":42,"turns":4},{"damage":0,"enemies":"3 Darklings","floor":45,"turns":4},{"damage":12,"enemies":"4 Shapes","floor":48,"turns":5},{"damage":0,"enemies":"Spire Growth","floor":49,"turns":1},{"damage":23,"enemies":"IC_BLOCK_ARCHETYPE","floor":50,"turns":7}],"seed_played":"2952839256033638155","potions_obtained":[{"floor":4,"key":"Guardian:BlockOnCardUsePotion"},{"floor":12,"key":"AttackPotion"},{"floor":13,"key":"sneckomod:MuddlingPotion"},{"floor":19,"key":"Dexterity Potion"},{"floor":21,"key":"CultistPotion"},{"floor":25,"key":"champ:CounterPotion"},{"floor":31,"key":"Dexterity Potion"},{"floor":39,"key":"FearPotion"},{"floor":45,"key":"SmokeBomb"}],"is_trial":false,"path_per_floor":["R","M","?","M","$","E","T","T","R","$","R","M","M","?","M","B",null,"R","M","M","?","?","E","T","M","?","M","R","M","R","M","M","B",null,"R","M","$","M","M","R","T","$","R","?","M","?","R","M","M","B",null],"character_chosen":"THE_AUTOMATON","items_purchased":["HandDrill"],"campfire_rested":1,"item_purchase_floors":[37],"current_hp_per_floor":[77,74,74,73,73,49,49,49,49,55,55,57,56,35,38,8,57,67,60,64,64,64,38,52,51,51,55,55,36,60,65,63,49,81,81,76,81,79,69,69,69,75,75,75,81,81,81,72,72,55],"gold":56,"neow_bonus":"TEN_PERCENT_HP_BONUS","is_daily":false,"chose_seed":false,"campfire_upgraded":8,"win_rate":0.0,"timestamp":1611013579,"path_taken":["R","M","?","M","$","E","T","?","R","?","R","M","?","?","M","BOSS","R","M","M","?","?","E","T","?","?","M","R","M","R","M","M","BOSS","R","M","$","M","M","R","T","$","R","?","M","?","R","M","M","BOSS"],"items_purchased_type":["Relic"],"build_version":"2020-12-22","purchased_purges":2,"victory":true,"max_hp_per_floor":[77,77,77,77,77,57,57,57,57,57,57,57,57,57,57,57,57,67,67,67,67,67,67,81,81,81,81,81,81,81,81,81,81,81,81,81,81,81,81,81,81,81,81,81,81,81,81,81,81,81],"card_choices":[{"not_picked":["bronze:FineTuning","bronze:Deprecate"],"picked":"bronze:Iterate","floor":2},{"not_picked":["bronze:Turbo","bronze:BuggyMess"],"picked":"bronze:BronzeArmor","floor":4},{"not_picked":["bronze:Fortify","bronze:BitShift"],"picked":"bronze:Shell","floor":5},{"not_picked":["bronze:FineTuning","bronze:Boost"],"picked":"bronze:Shield","floor":6},{"not_picked":["bronze:MaxOutput","bronze:BugBarrage"],"picked":"bronze:WhirlingStrike","floor":10},{"not_picked":["bronze:Philosophize","bronze:Overload"],"picked":"bronze:Boost","floor":12},{"not_picked":["bronze:Deprecate","bronze:DelayedGuard"],"picked":"bronze:ThunderWave","floor":13},{"not_picked":["bronze:DelayedSlice","bronze:CloningBeam","bronze:Frontload"],"picked":"SKIP","floor":15},{"not_picked":["bronze:Break","bronze:FindAndReplace"],"picked":"bronze:HardenedForm","floor":16},{"not_picked":["bronze:BuggyMess","bronze:Backtrace"],"picked":"bronze:OilSpill","floor":19},{"not_picked":["bronze:NullPointer","bronze:Boost","bronze:WhirlingStrike"],"picked":"SKIP","floor":20},{"not_picked":["bronze:DarkDash","bronze:ThunderWave"],"picked":"bronze:Fortify","floor":23},{"not_picked":["bronze:BuggyMess+1","bronze:Branch","bronze:WildBeam"],"picked":"SKIP","floor":25},{"not_picked":["bronze:ItsAFeature","bronze:Backtrace+1"],"picked":"bronze:DelayedGuard+1","floor":27},{"not_picked":["bronze:NullPointer+1","bronze:BitShift+1","bronze:ChosenStrike"],"picked":"SKIP","floor":29},{"not_picked":["bronze:Overload","bronze:BitShift"],"picked":"bronze:FollowUp","floor":31},{"not_picked":["bronze:GetLatest","bronze:DelayedSlice"],"picked":"bronze:ClassDefault+1","floor":32},{"not_picked":["bronze:BurnOut","bronze:ThunderWave"],"picked":"bronze:AlphaBuild","floor":33},{"not_picked":["bronze:Invalidate+1","bronze:BuggyMess"],"picked":"bronze:BronzeArmor+1","floor":36},{"not_picked":["bronze:Shell","bronze:Safeguard"],"picked":"bronze:CloningBeam+1","floor":37},{"not_picked":["bronze:DelayedGuard+1","bronze:Turbo"],"picked":"bronze:Shield+1","floor":38},{"not_picked":["bronze:Branch+1","bronze:Allocate","bronze:BitShift+1"],"picked":"SKIP","floor":39},{"not_picked":["bronze:OilSpill+1","bronze:Flail"],"picked":"bronze:ForceShield+1","floor":42},{"not_picked":["bronze:BronzeOrb","bronze:Iterate+1"],"picked":"bronze:Virus","floor":45},{"not_picked":["bronze:DarkDash+1","bronze:Shield","bronze:WhirlingStrike+1"],"picked":"SKIP","floor":48}],"player_experience":2947023,"relics_obtained":[{"floor":6,"key":"infinitespire:Lychee Nut"},{"floor":8,"key":"infinitespire:Lucky Rock"},{"floor":23,"key":"construct:RocketBooster"},{"floor":24,"key":"Mango"},{"floor":41,"key":"infinitespire:WardingShard"}],"event_choices":[{"damage_healed":0,"gold_gain":0,"player_choice":"Read","damage_taken":0,"max_hp_gain":0,"max_hp_loss":0,"event_name":"The Library","floor":22,"gold_loss":0,"cards_obtained":["bronze:OilSpill"]}],"is_beta":false,"boss_relics":[{"not_picked":["hubris:GrandSneckoEye","Empty Cage"],"picked":"hubris:RunicObelisk"},{"not_picked":["Tiny House","infinitespire:Cupcake"],"picked":"hubris:ScarierMask"}],"items_purged_floors":[5,37],"is_endless":false,"potions_floor_spawned":[4,12,13,19,25,31,32,39,45,49],"ascension_level":0}}