{"host":"soyfmymeou4emntr","time":1611013954,"event":{"mods":["BaseMod","Minty Spire (QoL Compilation)","Relic Sorter","Relic Stats","StSLib"],"gold_per_floor":[111,126,142,64,64,93,93,93,116,142,204,164,164,164,164,239,239,258,208,38,38,54,80,80,91,118,118,135,135,168,14,14,93,93,103,116,141,87,87,87,122,122,122,122,171,183,214,225,225,225,225],"floor_reached":52,"language":"ENG","playtime":4502,"items_purged":[],"score":2054,"play_id":"9fb05327-3cbc-4aaf-8cc4-14c6932bba56","local_time":"20210118165234","is_ascension_mode":true,"campfire_choices":[{"floor":7.0,"key":"REST"},{"data":"Bash","floor":15.0,"key":"SMITH"},{"floor":24.0,"key":"REST"},{"floor":29.0,"key":"REST"},{"floor":32.0,"key":"REST"},{"data":"Double Tap","floor":40.0,"key":"SMITH"},{"data":"Impervious","floor":42.0,"key":"SMITH"},{"floor":49,"key":"DIG"}],"circlet_count":0,"master_deck":["AscendersBane","Strike_R+1","Strike_R","Strike_R","Strike_R","Defend_R+1","Defend_R","Defend_R","Defend_R","Bash+1","Sword Boomerang","True Grit","Spot Weakness","Perfected Strike","Impervious+1","Inflame","Corruption","Battle Trance","Flame Barrier","Blood for Blood","Dropkick","Clothesline+1","Dark Embrace","Pommel Strike+1","Battle Trance","Burning Pact+1","Perfected Strike+1","Barricade","Double Tap+1","Exhume","True Grit","Sword Boomerang+1","Entrench+1","Spot Weakness+1","Disarm+1","Pommel Strike+1"],"relics":["Snecko Eye","Tiny Chest","Toy Ornithopter","Juzu Bracelet","Dream Catcher","Vajra","SlaversCollar","Boot","Nunchaku","CaptainsWheel","Molten Egg 2","Cursed Key","Gambling Chip","Toxic Egg 2","FossilizedHelix","Shovel","Blood Vial"],"acts_visited":["Exordium","TheCity","TheBeyond"],"potions_floor_usage":[45,51],"damage_taken":[{"damage":0.0,"enemies":"Cultist","floor":1.0,"turns":3.0},{"damage":2.0,"enemies":"Jaw Worm","floor":2.0,"turns":3.0},{"damage":2.0,"enemies":"Small Slimes","floor":3.0,"turns":3.0},{"damage":32.0,"enemies":"Gremlin Nob","floor":6.0,"turns":4.0},{"damage":5.0,"enemies":"Lagavulin","floor":10.0,"turns":3.0},{"damage":39.0,"enemies":"Gremlin Nob","floor":11.0,"turns":4.0},{"damage":56.0,"enemies":"The Guardian","floor":16.0,"turns":13.0},{"damage":18.0,"enemies":"Chosen","floor":18.0,"turns":5.0},{"damage":2.0,"enemies":"3 Byrds","floor":22.0,"turns":4.0},{"damage":39.0,"enemies":"Gremlin Leader","floor":23.0,"turns":7.0},{"damage":11.0,"enemies":"Cultist and Chosen","floor":25.0,"turns":5.0},{"damage":0.0,"enemies":"Chosen and Byrds","floor":28.0,"turns":4.0},{"damage":3.0,"enemies":"Book of Stabbing","floor":30.0,"turns":4.0},{"damage":5.0,"enemies":"Champ","floor":33.0,"turns":7.0},{"damage":19.0,"enemies":"3 Darklings","floor":35.0,"turns":5.0},{"damage":0.0,"enemies":"3 Shapes","floor":36.0,"turns":7.0},{"damage":0.0,"enemies":"Mind Bloom Boss Battle","floor":37.0,"turns":4.0},{"damage":0.0,"enemies":"Giant Head","floor":41.0,"turns":4.0},{"damage":0,"enemies":"2 Orb Walkers","floor":45,"turns":4},{"damage":0,"enemies":"Maw","floor":46,"turns":5},{"damage":0,"enemies":"Nemesis","floor":47,"turns":5},{"damage":0,"enemies":"Writhing Mass","floor":48,"turns":5},{"damage":0,"enemies":"Donu and Deca","floor":50,"turns":6},{"damage":44,"enemies":"Time Eater","floor":51,"turns":6}],"seed_played":"3120865614034985519","potions_obtained":[{"floor":3.0,"key":"ColorlessPotion"},{"floor":8.0,"key":"Regen Potion"},{"floor":8.0,"key":"GamblersBrew"},{"floor":12.0,"key":"FairyPotion"},{"floor":12.0,"key":"FairyPotion"},{"floor":12.0,"key":"Explosive Potion"},{"floor":16.0,"key":"SpeedPotion"},{"floor":23.0,"key":"Energy Potion"},{"floor":30.0,"key":"Weak Potion"},{"floor":35.0,"key":"AttackPotion"},{"floor":47,"key":"FairyPotion"},{"floor":48,"key":"Block Potion"}],"is_trial":false,"path_per_floor":["M","M","M","$","?","E","R","?","T","E","?","?","T","?","R","B",null,"M","?","$","?","M","E","R","M","T","T","M","R","E","$","R","B",null,"M","M","?","$","?","R","E","R","T","T","?","M","E","M","R","B","B",null],"character_chosen":"IRONCLAD","items_purchased":["Spot Weakness","Flame Barrier","Blood for Blood","Barricade","Sword Boomerang+1"],"campfire_rested":4,"item_purchase_floors":[4,20,20,31,38],"current_hp_per_floor":[68,66,64,64,41,9,31,31,31,40,6,6,6,6,6,2,57,39,39,39,39,37,3,25,19,19,19,19,41,38,38,60,55,70,56,56,56,56,56,56,56,56,56,56,61,61,61,61,61,63,26],"gold":225,"neow_bonus":"BOSS_RELIC","is_daily":false,"chose_seed":false,"campfire_upgraded":3,"win_rate":0.0,"timestamp":1611013954,"path_taken":["M","?","M","$","?","E","R","?","T","E","?","?","?","?","R","BOSS","M","?","$","?","M","E","R","M","T","?","M","R","E","?","R","BOSS","M","M","?","$","?","R","E","R","T","?","?","M","E","M","R","BOSS","BOSS"],"items_purchased_type":["Card","Card","Card","Card","Card"],"build_version":"2020-12-22","purchased_purges":0,"victory":true,"max_hp_per_floor":[75,75,75,75,75,75,75,75,75,75,75,75,75,75,75,75,75,75,75,75,75,75,75,75,75,75,75,75,75,75,75,75,75,75,75,75,75,75,71,71,71,71,71,71,71,71,71,71,71,71,71],"relic_stats":{"counters":[24,120],"Juzu Bracelet":3,"Boot":[77],"Cursed Key":0,"Blood Vial":4,"Dream Catcher":3,"Nunchaku":[17],"Shovel":1,"Gambling Chip":[24],"Snecko Eye":[241,266,272,262],"Tiny Chest":3,"obtain_stats":[{"Vajra":13,"Juzu Bracelet":10,"Boot":23,"Cursed Key":34,"Burning Blood":0,"Blood Vial":49,"SlaversCollar":17,"Dream Catcher":11,"Nunchaku":26,"CaptainsWheel":27,"Shovel":47,"Gambling Chip":37,"Snecko Eye":0,"Tiny Chest":6,"Molten Egg 2":30,"Toxic Egg 2":41,"Toy Ornithopter":9,"FossilizedHelix":45},{"Vajra":6,"Juzu Bracelet":5,"Boot":10,"Cursed Key":14,"Burning Blood":0,"Blood Vial":22,"SlaversCollar":7,"Dream Catcher":6,"Nunchaku":11,"CaptainsWheel":11,"Shovel":21,"Gambling Chip":17,"Snecko Eye":0,"Tiny Chest":4,"Molten Egg 2":13,"Toxic Egg 2":18,"Toy Ornithopter":4,"FossilizedHelix":19},{"Vajra":20,"Juzu Bracelet":16,"Boot":49,"Cursed Key":69,"Burning Blood":0,"Blood Vial":108,"SlaversCollar":33,"Dream Catcher":20,"Nunchaku":54,"CaptainsWheel":54,"Shovel":103,"Gambling Chip":85,"Snecko Eye":0,"Tiny Chest":13,"Molten Egg 2":62,"Toxic Egg 2":89,"Toy Ornithopter":13,"FossilizedHelix":93}],"Toy Ornithopter":35},"card_choices":[{"not_picked":["Headbutt","Warcry","Metallicize"],"picked":"SKIP","floor":1.0},{"not_picked":["Warcry","Anger"],"picked":"Sword Boomerang","floor":2.0},{"not_picked":["Twin Strike","Havoc"],"picked":"True Grit","floor":3.0},{"not_picked":["Sentinel","Armaments"],"picked":"Perfected Strike","floor":6.0},{"not_picked":["Anger","Wild Strike"],"picked":"Impervious","floor":10.0},{"not_picked":["Rupture","Spot Weakness"],"picked":"Inflame","floor":11.0},{"not_picked":["Exhume","Fiend Fire"],"picked":"Corruption","floor":16.0},{"not_picked":["Pummel","Rupture"],"picked":"Battle Trance","floor":18.0},{"not_picked":["Combust","Rage"],"picked":"Clothesline+1","floor":22.0},{"not_picked":["Flex","Thunderclap","Iron Wave"],"picked":"SKIP","floor":23.0},{"not_picked":["Inflame","Thunderclap"],"picked":"Dark Embrace","floor":24.0},{"not_picked":["Hemokinesis","Metallicize"],"picked":"Pommel Strike+1","floor":25.0},{"not_picked":["Intimidate","Havoc"],"picked":"Battle Trance","floor":28.0},{"not_picked":["Thunderclap","Clash"],"picked":"Burning Pact+1","floor":29.0},{"not_picked":["Body Slam+1","Anger+1"],"picked":"Perfected Strike+1","floor":30.0},{"not_picked":["Wild Strike+1","Metallicize"],"picked":"Double Tap","floor":32.0},{"not_picked":["Brutality","Double Tap"],"picked":"Exhume","floor":33.0},{"not_picked":["Burning Pact","Rampage+1","Flex"],"picked":"SKIP","floor":35.0},{"not_picked":["Havoc","Battle Trance+1"],"picked":"True Grit","floor":36.0},{"not_picked":["Flex+1","Ghostly Armor+1"],"picked":"Entrench+1","floor":41.0},{"not_picked":["Heavy Blade+1","Blood for Blood+1"],"picked":"Spot Weakness+1","floor":45},{"not_picked":["Iron Wave+1","Dropkick+1","Anger+1"],"picked":"SKIP","floor":46},{"not_picked":["Dropkick+1","Body Slam+1"],"picked":"Disarm+1","floor":47},{"not_picked":["Twin Strike+1","Dual Wield+1"],"picked":"Pommel Strike+1","floor":48}],"player_experience":2837073,"relics_obtained":[{"floor":6.0,"key":"Tiny Chest"},{"floor":9.0,"key":"Toy Ornithopter"},{"floor":10.0,"key":"Juzu Bracelet"},{"floor":11.0,"key":"Dream Catcher"},{"floor":13.0,"key":"Vajra"},{"floor":23.0,"key":"Boot"},{"floor":26.0,"key":"Nunchaku"},{"floor":27.0,"key":"CaptainsWheel"},{"floor":30.0,"key":"Molten Egg 2"},{"floor":37.0,"key":"Gambling Chip"},{"floor":41.0,"key":"Toxic Egg 2"},{"floor":45,"key":"FossilizedHelix"},{"floor":47,"key":"Shovel"},{"floor":49,"key":"Blood Vial"}],"event_choices":[{"damage_healed":0.0,"max_hp_gain":0.0,"max_hp_loss":0.0,"gold_gain":0.0,"event_name":"Shining Light","player_choice":"Entered Light","floor":5.0,"gold_loss":0.0,"damage_taken":23.0,"cards_upgraded":["Defend_R","Strike_R"]},{"damage_healed":0.0,"max_hp_gain":0.0,"max_hp_loss":0.0,"gold_gain":0.0,"event_name":"Lab","player_choice":"Got Potions","floor":8.0,"gold_loss":0.0,"damage_taken":0.0},{"damage_healed":0.0,"max_hp_gain":0.0,"max_hp_loss":0.0,"gold_gain":30.0,"event_name":"Dead Adventurer","player_choice":"Searched \u00272\u0027 times","floor":11.0,"gold_loss":0.0,"damage_taken":0.0},{"damage_healed":0.0,"max_hp_gain":0.0,"max_hp_loss":0.0,"gold_gain":0.0,"event_name":"The Woman in Blue","player_choice":"Bought 3 Potions","floor":12.0,"gold_loss":0.0,"damage_taken":0.0},{"damage_healed":0.0,"max_hp_gain":0.0,"max_hp_loss":0.0,"gold_gain":0.0,"event_name":"Liars Game","player_choice":"Ignored","floor":14.0,"gold_loss":0.0,"damage_taken":0.0},{"damage_healed":0.0,"max_hp_gain":0.0,"max_hp_loss":0.0,"gold_gain":0.0,"event_name":"The Joust","player_choice":"Bet on Murderer","floor":19.0,"gold_loss":50.0,"damage_taken":0.0},{"damage_healed":0.0,"max_hp_gain":0.0,"max_hp_loss":0.0,"gold_gain":0.0,"cards_transformed":["Strike_R"],"event_name":"Transmorgrifier","player_choice":"Transformed","floor":21.0,"gold_loss":0.0,"damage_taken":0.0,"cards_obtained":["Dropkick"]},{"damage_healed":0.0,"max_hp_gain":0.0,"max_hp_loss":0.0,"gold_gain":0.0,"event_name":"MindBloom","player_choice":"Fight","floor":37.0,"gold_loss":0.0,"damage_taken":0.0},{"damage_healed":0.0,"max_hp_gain":0.0,"max_hp_loss":4.0,"gold_gain":0.0,"event_name":"Winding Halls","player_choice":"Max HP","floor":39.0,"gold_loss":0.0,"damage_taken":0.0},{"damage_healed":0,"gold_gain":0,"player_choice":"Fight","damage_taken":0,"max_hp_gain":0,"max_hp_loss":0,"event_name":"Mysterious Sphere","floor":45,"gold_loss":0}],"is_beta":false,"boss_relics":[{"not_picked":["SacredBark","Tiny House"],"picked":"SlaversCollar"},{"not_picked":["Sozu","Runic Pyramid"],"picked":"Cursed Key"}],"items_purged_floors":[],"is_endless":false,"potions_floor_spawned":[3,16,23,30,33,35,36,47,48],"ascension_level":20}}