{"host":"f8toxsj3bk02pkeu","time":1611009417,"event":{"mods":["BaseMod","Minty Spire (QoL Compilation)","Permanent Neow","Quick Restart","StSLib","SuperFastMode"],"gold_per_floor":[111,111,111,10,27,27,53,53,53,71,71,71],"floor_reached":11,"language":"ENG","playtime":312,"items_purged":[],"score":142,"play_id":"be93c634-13c7-4842-9f7a-17c7f76d68de","local_time":"20210118153657","is_ascension_mode":true,"campfire_choices":[{"data":"Havoc","floor":6,"key":"SMITH"},{"data":"Havoc","floor":8,"key":"SMITH"}],"circlet_count":0,"master_deck":["AscendersBane","Strike_R","Strike_R","Strike_R","Strike_R","Strike_R","Defend_R","Defend_R","Defend_R","Defend_R","Bash","Havoc+1","Feel No Pain","Havoc+1"],"relics":["Burning Blood","Dead Branch","Omamori","Strawberry","Paper Frog"],"acts_visited":["Exordium"],"potions_floor_usage":[7],"damage_taken":[{"damage":17,"enemies":"Small Slimes","floor":1,"turns":5},{"damage":1,"enemies":"Cultist","floor":5,"turns":4},{"damage":28,"enemies":"3 Sentries","floor":7,"turns":6},{"damage":0,"enemies":"2 Louse","floor":10,"turns":3},{"damage":77,"enemies":"Gremlin Nob","floor":11,"turns":4}],"seed_played":"4206703218381333285","potions_obtained":[],"is_trial":false,"path_per_floor":["M","?","?","$","M","R","E","R","T","M","E"],"character_chosen":"IRONCLAD","items_purchased":["Feel No Pain","Strength Potion"],"campfire_rested":0,"item_purchase_floors":[4,4],"current_hp_per_floor":[57,46,46,46,51,51,36,36,36,42,0,0],"gold":71,"neow_bonus":"ONE_RARE_RELIC","is_daily":false,"chose_seed":false,"campfire_upgraded":2,"win_rate":0.0,"timestamp":1611009417,"path_taken":["M","?","?","$","M","R","E","R","T","?","E"],"items_purchased_type":["Card","Potion"],"build_version":"2020-12-22","purchased_purges":0,"victory":false,"max_hp_per_floor":[75,75,72,72,72,72,79,79,79,79,79,79],"card_choices":[{"not_picked":["Flex","Evolve"],"picked":"Havoc","floor":1},{"not_picked":["Headbutt","Wild Strike"],"picked":"Havoc","floor":5},{"not_picked":["Clash","Double Tap","Anger"],"picked":"SKIP","floor":7},{"not_picked":["Fire Breathing","Ghostly Armor","Havoc"],"picked":"SKIP","floor":10}],"player_experience":962484,"relics_obtained":[{"floor":7,"key":"Strawberry"},{"floor":9,"key":"Paper Frog"}],"event_choices":[{"damage_healed":0,"gold_gain":0,"player_choice":"Success","damage_taken":11,"relics_obtained":["Omamori"],"max_hp_gain":0,"max_hp_loss":0,"event_name":"Scrap Ooze","floor":2,"gold_loss":0},{"cards_removed":["Parasite"],"damage_healed":0,"gold_gain":0,"player_choice":"Removed Curses","damage_taken":0,"max_hp_gain":0,"max_hp_loss":0,"event_name":"Fountain of Cleansing","floor":3,"gold_loss":0}],"is_beta":false,"boss_relics":[],"items_purged_floors":[],"is_endless":false,"potions_floor_spawned":[],"killed_by":"Gremlin Nob","ascension_level":20}}