{"host":"i0avyit1s6jb1siw","time":1611006908,"event":{"mods":["BaseMod","DeckTracker","Dota2Spire","Highlight Path","Minty Spire (QoL Compilation)","Quick Restart","StSLib","SuperFastMode"],"gold_per_floor":[112,123,136,153,153,153,184,144,194,219,230,230,246,257,257,329,329,301,316,316,406,420,453,453,478,478,491,491,416,8,43,43,121,121,133,133,148,161,161,161,161],"floor_reached":40,"language":"ENG","playtime":1358,"items_purged":["Defend_G"],"score":991,"play_id":"294b92f9-c3ef-4879-8991-b948ece735cf","local_time":"20210118225508","is_ascension_mode":true,"campfire_choices":[{"data":"Blade Dance","floor":6.0,"key":"SMITH"},{"data":"Prepared","floor":12.0,"key":"SMITH"},{"data":"Noxious Fumes","floor":15.0,"key":"SMITH"},{"data":"Night Terror","floor":24,"key":"SMITH"},{"data":"Adrenaline","floor":28,"key":"SMITH"},{"data":"Footwork","floor":32,"key":"SMITH"}],"circlet_count":0,"master_deck":["AscendersBane","Defend_G","Defend_G","Defend_G","Survivor","Neutralize","Blade Dance+1","Finisher","Reflex","Noxious Fumes+1","Adrenaline+1","Prepared+1","Footwork+1","Night Terror+1","Prepared+1","Bite","Bite","Bite","Bite","Quick Slash+1","Backflip","Blade Dance","Terror+1","Envenom","Dodge and Roll","Dodge and Roll"],"relics":["Coffee Dripper","Dota2Spire:Dagon","Potion Belt","Bronze Scales","Dota2Spire:RefresherOrb","Pantograph","Molten Egg 2","Mango","Membership Card","Oddly Smooth Stone","White Beast Statue","Toy Ornithopter","Empty Cage"],"acts_visited":["Exordium","TheCity","TheBeyond"],"potions_floor_usage":[23,38,40],"damage_taken":[{"damage":0.0,"enemies":"Jaw Worm","floor":1.0,"turns":5.0},{"damage":0.0,"enemies":"Cultist","floor":2.0,"turns":4.0},{"damage":7.0,"enemies":"Small Slimes","floor":3.0,"turns":3.0},{"damage":1.0,"enemies":"Looter","floor":4.0,"turns":2.0},{"damage":17.0,"enemies":"Lagavulin","floor":7.0,"turns":6.0},{"damage":11.0,"enemies":"Gremlin Nob","floor":10.0,"turns":3.0},{"damage":3.0,"enemies":"Blue Slaver","floor":11.0,"turns":2.0},{"damage":4.0,"enemies":"3 Louse","floor":13.0,"turns":2.0},{"damage":6.0,"enemies":"Gremlin Gang","floor":14.0,"turns":2.0},{"damage":4.0,"enemies":"Slime Boss","floor":16.0,"turns":8.0},{"damage":6,"enemies":"2 Thieves","floor":18,"turns":4},{"damage":0,"enemies":"Spheric Guardian","floor":19,"turns":3},{"damage":16,"enemies":"Centurion and Healer","floor":22,"turns":7},{"damage":0,"enemies":"Gremlin Leader","floor":23,"turns":5},{"damage":14,"enemies":"Slavers","floor":25,"turns":5},{"damage":11,"enemies":"Sentry and Sphere","floor":27,"turns":3},{"damage":32,"enemies":"Gremlin Leader","floor":31,"turns":5},{"damage":26,"enemies":"Automaton","floor":33,"turns":6},{"damage":40,"enemies":"3 Shapes","floor":35,"turns":4},{"damage":18,"enemies":"3 Darklings","floor":37,"turns":3},{"damage":2,"enemies":"Sphere and 2 Shapes","floor":38,"turns":3},{"damage":66,"enemies":"Reptomancer","floor":40,"turns":6}],"seed_played":"3186098037346481294","potions_obtained":[{"floor":3.0,"key":"Energy Potion"},{"floor":7.0,"key":"Dota2Spire:Clarity"},{"floor":8.0,"key":"LiquidMemories"},{"floor":8.0,"key":"Regen Potion"},{"floor":19,"key":"BlessingOfTheForge"},{"floor":25,"key":"SmokeBomb"},{"floor":31,"key":"Strength Potion"},{"floor":33,"key":"BlessingOfTheForge"},{"floor":35,"key":"Energy Potion"},{"floor":38,"key":"DistilledChaos"}],"is_trial":false,"path_per_floor":["M","M","M","M","?","R","E","?","T","E","M","R","M","M","R","B",null,"M","M","?","?","M","E","R","E","T","M","R","?","$","E","R","B",null,"M","?","M","M","?","E"],"character_chosen":"THE_SILENT","items_purchased":["Membership Card","Oddly Smooth Stone","White Beast Statue"],"campfire_rested":0,"item_purchase_floors":[30,30,30],"current_hp_per_floor":[59,59,52,51,44,44,27,27,27,25,22,22,18,12,12,8,52,46,46,46,34,34,46,46,38,52,55,55,55,55,29,29,44,56,20,20,14,25,25,0,0],"gold":161,"neow_bonus":"BOSS_RELIC","is_daily":false,"chose_seed":false,"campfire_upgraded":6,"win_rate":0.0,"timestamp":1611006908,"path_taken":["M","M","M","M","?","R","E","?","T","E","M","R","?","M","R","BOSS","M","M","?","?","M","E","R","E","T","?","R","?","$","E","R","BOSS","M","?","M","M","?","E"],"items_purchased_type":["Relic","Relic","Relic"],"build_version":"2020-12-22","purchased_purges":1,"victory":false,"max_hp_per_floor":[66,66,66,66,66,66,66,66,66,66,66,66,66,66,66,66,66,66,66,46,46,46,46,46,46,60,60,60,60,60,60,60,60,60,60,60,60,60,60,60,60],"card_choices":[{"not_picked":["Sucker Punch","Footwork"],"picked":"Dagger Spray","floor":1.0},{"not_picked":["Catalyst","Slice"],"picked":"Blade Dance","floor":2.0},{"not_picked":["Prepared","Bouncing Flask"],"picked":"Finisher","floor":3.0},{"not_picked":["Bane","Prepared"],"picked":"Reflex","floor":4.0},{"not_picked":["Bullet Time","Dagger Spray"],"picked":"Noxious Fumes","floor":7.0},{"not_picked":["Sucker Punch","Well Laid Plans"],"picked":"Adrenaline","floor":10.0},{"not_picked":["PiercingWail","Expertise"],"picked":"Prepared","floor":11.0},{"not_picked":["Riddle With Holes","Outmaneuver"],"picked":"Footwork","floor":13.0},{"not_picked":["Poisoned Stab","Prepared","Unload"],"picked":"SKIP","floor":14.0},{"not_picked":["Glass Knife","Storm of Steel"],"picked":"Night Terror","floor":16.0},{"not_picked":["PiercingWail","Concentrate"],"picked":"Prepared+1","floor":18},{"not_picked":["Leg Sweep","Dash"],"picked":"Predator","floor":19},{"not_picked":["Slice","Distraction"],"picked":"Quick Slash+1","floor":22},{"not_picked":["Infinite Blades","Dagger Throw"],"picked":"Backflip","floor":23},{"not_picked":["Riddle With Holes+1","Flying Knee+1"],"picked":"Blade Dance","floor":25},{"not_picked":["Sucker Punch+1","Dagger Spray+1","Prepared"],"picked":"SKIP","floor":27},{"not_picked":["Blur","Choke+1"],"picked":"Terror+1","floor":31},{"not_picked":["Doppelganger","Adrenaline"],"picked":"Envenom","floor":33},{"not_picked":["Poisoned Stab+1","Skewer+1","Flying Knee+1"],"picked":"SKIP","floor":35},{"not_picked":["Terror+1","Sucker Punch+1"],"picked":"Dodge and Roll","floor":37},{"not_picked":["Deflect","Outmaneuver"],"picked":"Dodge and Roll","floor":38}],"player_experience":2283484,"relics_obtained":[{"floor":7.0,"key":"Dota2Spire:Dagon"},{"floor":9.0,"key":"Potion Belt"},{"floor":10.0,"key":"Bronze Scales"},{"floor":23,"key":"Pantograph"},{"floor":25,"key":"Molten Egg 2"},{"floor":26,"key":"Mango"},{"floor":31,"key":"Toy Ornithopter"}],"event_choices":[{"cards_removed":["Strike_G"],"damage_healed":0.0,"max_hp_gain":0.0,"max_hp_loss":0.0,"gold_gain":0.0,"event_name":"Golden Wing","player_choice":"Card Removal","floor":5.0,"gold_loss":0.0,"damage_taken":7.0},{"damage_healed":0.0,"max_hp_gain":0.0,"max_hp_loss":0.0,"gold_gain":0.0,"event_name":"The Woman in Blue","player_choice":"Bought 3 Potions","floor":8.0,"gold_loss":0.0,"damage_taken":0.0},{"damage_healed":0,"gold_gain":0,"player_choice":"Became a vampire","damage_taken":0,"max_hp_gain":0,"max_hp_loss":20,"event_name":"Vampires","floor":20,"gold_loss":0,"cards_obtained":["Bite","Bite","Bite","Bite","Bite"]},{"damage_healed":0,"gold_gain":90,"player_choice":"GOLD ","damage_taken":12,"max_hp_gain":0,"max_hp_loss":0,"event_name":"Knowing Skull","floor":21,"potions_obtained":[],"gold_loss":0,"cards_obtained":[]},{"cards_removed":["Defend_G"],"damage_healed":0,"gold_gain":0,"player_choice":"Gave Gold","damage_taken":0,"max_hp_gain":0,"max_hp_loss":0,"event_name":"Beggar","floor":29,"gold_loss":75},{"damage_healed":0,"gold_gain":0,"player_choice":"Ignored","damage_taken":0,"max_hp_gain":0,"max_hp_loss":0,"event_name":"The Moai Head","floor":36,"gold_loss":0},{"cards_removed":["Predator"],"damage_healed":0,"gold_gain":0,"player_choice":"Purged","damage_taken":0,"max_hp_gain":0,"max_hp_loss":0,"event_name":"Purifier","floor":39,"gold_loss":0}],"is_beta":false,"boss_relics":[{"not_picked":["SacredBark","Snecko Eye"],"picked":"Dota2Spire:RefresherOrb"},{"not_picked":["Philosopher\u0027s Stone","Runic Dome"],"picked":"Empty Cage"}],"items_purged_floors":[30],"is_endless":false,"potions_floor_spawned":[3,7,19,25,31,33,35,37,38],"killed_by":"Reptomancer","ascension_level":20}}