{"host":"n264v15x7h51zqzc","time":1611010040,"event":{"mods":["AchievementEnabler","BaseMod","BetterRewards","Colored Powertips","Hermit","Hubris","Infinite Spire","Minty Spire (QoL Compilation)","Replay The Spire","StSLib","The Construct"],"gold_per_floor":[117,129,9217,9227,9238,9238,9255,9285,9285,8339,8339,8339,8366,8376,8376,8473,8523,8540,8550,8560,8057,8067,8067,8095,8095,8095,8095,8195,8195,8228,8322,8322,8422,8422,8432,8432,7871,7887,7887,7887,7887],"floor_reached":40,"language":"ENG","playtime":1343,"items_purged":[],"score":609,"play_id":"6136d1ec-1b14-48fc-a708-ef26f08d0a3d","local_time":"20210118164720","is_ascension_mode":false,"campfire_choices":[{"data":"Eruption","floor":6,"key":"SMITH"},{"data":"ReplayTheSpireMod:Private Reserves","floor":11,"key":"SMITH"},{"data":"Adaptation","floor":15,"key":"SMITH"},{"data":"infinitespire:Punishment","floor":23,"key":"SMITH"},{"data":"Tantrum","floor":25,"key":"SMITH"},{"data":"Madness","floor":29,"key":"SMITH"},{"floor":32,"key":"REST"}],"circlet_count":0,"master_deck":["Strike_P","Strike_P","Strike_P","Defend_P","Defend_P","Defend_P+1","Defend_P","Eruption+1","Vigilance","Halt","Tantrum+1","ReplayTheSpireMod:Private Reserves+1","EmptyBody","Adaptation+1","JustLucky","InnerPeace","EmptyFist+1","Madness+1","DeusExMachina","Replay:BluntJabs","DeusExMachina","Replay:BluntJabs","FlurryOfBlows+1","infinitespire:Punishment+1","DeceiveReality+1","J.A.X.","FlurryOfBlows","LikeWater+1","DevaForm","Prostrate+1","Prostrate+1"],"relics":["PureWater","construct:FoamFinger","Gremlin Food","Sling","Art of War","Durian","infinitespire:CheckeredPen","Frozen Eye","Blue Candle","Tiny House","Juzu Bracelet","Toy Ornithopter","hubris:BundleOfHerbs","hubris:TinFlute","Damaru","Sozu","hubris:TenFootPole","TheAbacus","Bottled Lightning"],"acts_visited":["Exordium","TheCity","TheBeyond"],"potions_floor_usage":[5,7,8,13,16,16,24,24,28,30,30,30,33,40],"damage_taken":[{"damage":0,"enemies":"2 Louse","floor":1,"turns":2},{"damage":0,"enemies":"Cultist","floor":2,"turns":3},{"damage":0,"enemies":"Small Slimes","floor":4,"turns":2},{"damage":0,"enemies":"Blue Slaver","floor":5,"turns":2},{"damage":0,"enemies":"Looter","floor":7,"turns":2},{"damage":0,"enemies":"3 Sentries","floor":8,"turns":4},{"damage":0,"enemies":"Gremlin Nob","floor":13,"turns":1},{"damage":0,"enemies":"2 Fungi Beasts","floor":14,"turns":2},{"damage":1,"enemies":"Fading Forest","floor":16,"turns":11},{"damage":2,"enemies":"Chosen","floor":18,"turns":3},{"damage":6,"enemies":"3 Byrds","floor":19,"turns":3},{"damage":2,"enemies":"3 Cultists","floor":20,"turns":3},{"damage":0,"enemies":"Cultist and Chosen","floor":22,"turns":3},{"damage":2,"enemies":"Book of Stabbing","floor":24,"turns":2},{"damage":18,"enemies":"Colosseum Slavers","floor":28,"turns":4},{"damage":4,"enemies":"Colosseum Nobs","floor":28,"turns":3},{"damage":44,"enemies":"Nightmare","floor":30,"turns":4},{"damage":22,"enemies":"hubris:MusketHawk","floor":33,"turns":6},{"damage":14,"enemies":"3 Darklings","floor":35,"turns":3},{"damage":3,"enemies":"Orb Walker","floor":38,"turns":2},{"damage":81,"enemies":"Giant Head","floor":40,"turns":5}],"seed_played":"-4914856172700440458","potions_obtained":[{"floor":1,"key":"Elixir"},{"floor":5,"key":"Adrenaline Potion"},{"floor":7,"key":"PowerPotion"},{"floor":16,"key":"Dexterity Potion"},{"floor":17,"key":"StancePotion"},{"floor":19,"key":"Regen Potion"},{"floor":24,"key":"Elixir"},{"floor":28,"key":"EntropicBrew"}],"is_trial":false,"path_per_floor":["M","M","$","M","M","R","M","E","T","$","R","?","E","M","R","B",null,"M","M","M","?","M","R","E","R","T","?","?","R","NM","?","R","B",null,"M","?","$","M","?","E"],"character_chosen":"WATCHER","items_purchased":["construct:FoamFinger","Gremlin Food","Sling","Adrenaline Potion","Dexterity Potion","ReplayTheSpireMod:Private Reserves","EmptyBody","Durian","infinitespire:CheckeredPen","Frozen Eye","LiquidMemories","DeusExMachina","EmptyFist+1","hubris:TenFootPole","TheAbacus","Bottled Lightning"],"campfire_rested":1,"item_purchase_floors":[3,3,3,3,3,3,3,10,10,10,10,10,10,37,37,37],"current_hp_per_floor":[72,72,72,72,72,72,72,72,72,77,77,77,77,77,77,76,82,80,74,72,72,72,72,70,70,70,70,65,65,36,16,40,23,82,68,68,68,65,65,0,0],"gold":7887,"neow_bonus":"RANDOM_EVENT","is_daily":false,"chose_seed":false,"campfire_upgraded":6,"win_rate":0.0,"timestamp":1611010040,"path_taken":["M","M","$","M","M","R","M","E","T","$","R","?","E","M","R","BOSS","M","M","?","?","M","R","E","R","T","?","?","R","NM","?","R","BOSS","M","?","$","M","?","E"],"items_purchased_type":["Relic","Relic","Relic","Potion","Potion","Card","Card","Relic","Relic","Relic","Potion","Card","Card","Relic","Relic","Relic"],"build_version":"2020-12-22","purchased_purges":0,"victory":false,"max_hp_per_floor":[72,72,72,72,72,72,72,72,72,77,77,77,77,77,77,77,82,82,82,82,82,82,82,82,82,82,82,82,82,82,82,82,82,82,82,82,82,82,82,82,82],"card_choices":[{"not_picked":["Perseverance","CrushJoints","Crescendo"],"picked":"SKIP","floor":1},{"not_picked":["Evaluate","PathToVictory"],"picked":"Tantrum","floor":2},{"not_picked":["CrushJoints","Halt"],"picked":"Adaptation","floor":4},{"not_picked":["ClearTheMind","WindmillStrike","PathToVictory"],"picked":"SKIP","floor":5},{"not_picked":["SashWhip","CutThroughFate"],"picked":"JustLucky","floor":7},{"not_picked":["LikeWater","Replay:ManipulateFuture"],"picked":"InnerPeace","floor":8},{"not_picked":["SashWhip","SandsOfTime"],"picked":"DeusExMachina","floor":13},{"not_picked":["BowlingBash","Collect"],"picked":"Replay:BluntJabs","floor":14},{"not_picked":["LessonLearned","Omniscience"],"picked":"DeusExMachina","floor":16},{"not_picked":["TalkToTheHand","Worship"],"picked":"Replay:BluntJabs","floor":17},{"not_picked":["Replay:ManipulateFuture","Protect+1"],"picked":"FlurryOfBlows+1","floor":18},{"not_picked":["Collect+1","CutThroughFate","CrushJoints+1"],"picked":"SKIP","floor":19},{"not_picked":["Crescendo","ThirdEye","SandsOfTime"],"picked":"SKIP","floor":20},{"not_picked":["infinitespire:Execution","infinitespire:SevenWalls"],"picked":"infinitespire:Punishment","floor":21},{"not_picked":["Study","Protect","Evaluate"],"picked":"SKIP","floor":22},{"not_picked":["SashWhip","Perseverance+1"],"picked":"DeceiveReality+1","floor":24},{"not_picked":["TalkToTheHand","ClearTheMind"],"picked":"FlurryOfBlows","floor":30},{"not_picked":["Replay:Anticipation","Worship"],"picked":"LikeWater+1","floor":31},{"not_picked":["MasterReality","Scrawl"],"picked":"DevaForm","floor":33},{"not_picked":["EmptyBody+1","Meditate+1"],"picked":"Prostrate+1","floor":35},{"not_picked":["Adaptation","Replay:Vibes"],"picked":"Prostrate","floor":38}],"player_experience":208931,"relics_obtained":[{"floor":8,"key":"Art of War"},{"floor":13,"key":"Blue Candle"},{"floor":24,"key":"Juzu Bracelet"},{"floor":26,"key":"Toy Ornithopter"},{"floor":28,"key":"hubris:BundleOfHerbs"},{"floor":28,"key":"hubris:TinFlute"},{"floor":30,"key":"Damaru"}],"event_choices":[{"damage_healed":0,"gold_gain":0,"cards_transformed":["Strike_P"],"player_choice":"Change","damage_taken":0,"max_hp_gain":0,"max_hp_loss":0,"event_name":"Living Wall","floor":0,"gold_loss":0,"cards_obtained":["Halt"]},{"damage_healed":0,"gold_gain":0,"player_choice":"1 cards matched","damage_taken":0,"max_hp_gain":0,"max_hp_loss":0,"event_name":"Match and Keep!","floor":12,"gold_loss":0,"cards_obtained":["Madness"]},{"damage_healed":0,"gold_gain":0,"player_choice":"Obtain J.A.X.","damage_taken":0,"max_hp_gain":0,"max_hp_loss":0,"event_name":"Drug Dealer","floor":27,"gold_loss":0,"cards_obtained":["J.A.X."]},{"damage_healed":0,"gold_gain":0,"player_choice":"Fight","damage_taken":0,"max_hp_gain":0,"max_hp_loss":0,"event_name":"Colosseum","floor":28,"gold_loss":0},{"damage_healed":0,"gold_gain":0,"player_choice":"Fought Nobs","damage_taken":0,"max_hp_gain":0,"max_hp_loss":0,"event_name":"Colosseum","floor":28,"gold_loss":0},{"cards_removed":["DeusExMachina"],"damage_healed":0,"gold_gain":0,"player_choice":"Removed Skill","damage_taken":0,"max_hp_gain":0,"max_hp_loss":0,"event_name":"Falling","floor":36,"gold_loss":0},{"damage_healed":0,"gold_gain":0,"player_choice":"Upgraded","damage_taken":0,"max_hp_gain":0,"max_hp_loss":0,"event_name":"Upgrade Shrine","floor":39,"gold_loss":0,"cards_upgraded":["Prostrate"]}],"is_beta":false,"boss_relics":[{"not_picked":["hubris:RunicObelisk","SlaversCollar"],"picked":"Tiny House"},{"not_picked":["Replay:Grab Bag","SacredBark"],"picked":"Sozu"}],"items_purged_floors":[],"is_endless":true,"potions_floor_spawned":[1,5,7,16,19,24,28,35],"killed_by":"Giant Head","ascension_level":0}}