{"host":"hxua32t82iuyq99n","time":1611000492,"event":{"mods":["AchievementEnabler","BaseMod","Colored Map","Minty Spire (QoL Compilation)","Shop Mod","everything is the same but u backflip on backflip"],"gold_per_floor":[119,135,145,164,65,65,85,85,85,98,123,123,142,161,161,265,265,275,57,57,67,67,67,83,95,173,0,0,19,19,39,39,138,138,153,11,31,0,14,14,14,14,14,14,24,24,40,40,40,40,40],"floor_reached":50,"language":"ENG","playtime":2809,"items_purged":["Strike_B","Strike_B","Strike_B"],"score":522,"play_id":"dbc29261-6bd4-426d-93be-ef045bdc52aa","local_time":"20210118220812","is_ascension_mode":true,"campfire_choices":[{"data":"Chill","floor":6,"key":"SMITH"},{"data":"Melter","floor":12,"key":"SMITH"},{"data":"Redo","floor":15,"key":"SMITH"},{"data":"Electrodynamics","floor":23,"key":"SMITH"},{"data":"Self Repair","floor":28,"key":"SMITH"},{"floor":32,"key":"REST"},{"floor":40,"key":"REST"},{"data":"Streamline","floor":42,"key":"SMITH"},{"data":"Conserve Battery","floor":44,"key":"SMITH"},{"floor":49,"key":"REST"}],"circlet_count":0,"master_deck":["Defend_B","Defend_B","Defend_B","Defend_B","Zap","Dualcast","Cold Snap","Chill+1","Barrage","Leap","Conserve Battery+1","Leap","Melter+1","Seek","Redo+1","Electrodynamics+1","Blizzard+1","Self Repair+1","Ball Lightning","Reinforced Body+1","Multi-Cast","Streamline+1","Ball Lightning","Chrysalis","Blizzard"],"relics":["Cracked Core","Pear","Pen Nib","Runic Pyramid","Calipers","Bottled Lightning","The Courier","Sozu","Red Mask","Question Card"],"acts_visited":["Exordium","TheCity","TheBeyond"],"potions_floor_usage":[16,33,33,50],"damage_taken":[{"damage":1,"enemies":"Cultist","floor":1,"turns":3},{"damage":1,"enemies":"Jaw Worm","floor":2,"turns":3},{"damage":0,"enemies":"2 Louse","floor":3,"turns":3},{"damage":3,"enemies":"Looter","floor":4,"turns":3},{"damage":4,"enemies":"Exordium Thugs","floor":7,"turns":5},{"damage":3,"enemies":"Large Slime","floor":10,"turns":5},{"damage":0,"enemies":"3 Sentries","floor":11,"turns":8},{"damage":0,"enemies":"3 Louse","floor":13,"turns":2},{"damage":21,"enemies":"Gremlin Gang","floor":14,"turns":5},{"damage":18,"enemies":"The Guardian","floor":16,"turns":11},{"damage":0,"enemies":"Spheric Guardian","floor":18,"turns":1},{"damage":4,"enemies":"Shell Parasite","floor":21,"turns":4},{"damage":9,"enemies":"Centurion and Healer","floor":24,"turns":4},{"damage":34,"enemies":"Shelled Parasite and Fungi","floor":25,"turns":7},{"damage":14,"enemies":"Snake Plant","floor":29,"turns":5},{"damage":10,"enemies":"Cultist and Chosen","floor":31,"turns":5},{"damage":58,"enemies":"Collector","floor":33,"turns":13},{"damage":20,"enemies":"3 Darklings","floor":35,"turns":4},{"damage":1,"enemies":"Orb Walker","floor":37,"turns":4},{"damage":48,"enemies":"Transient","floor":39,"turns":5},{"damage":2,"enemies":"Jaw Worm Horde","floor":45,"turns":4},{"damage":1,"enemies":"4 Shapes","floor":47,"turns":3},{"damage":96,"enemies":"Time Eater","floor":50,"turns":9}],"seed_played":"-5074475675300595749","potions_obtained":[{"floor":1,"key":"Ancient Potion"},{"floor":3,"key":"GamblersBrew"},{"floor":4,"key":"FearPotion"},{"floor":13,"key":"FocusPotion"},{"floor":18,"key":"Weak Potion"},{"floor":33,"key":"Explosive Potion"}],"is_trial":false,"path_per_floor":["M","M","M","M","$","R","M","$","T","M","E","R","M","M","R","B",null,"M","$","?","M","?","R","M","M","T","?","R","M","T","M","R","B",null,"M","$","M","?","M","R","?","R","T","R","M","?","M","?","R","B"],"character_chosen":"DEFECT","items_purchased":["Conserve Battery","Self Repair","Ball Lightning","Ball Lightning"],"campfire_rested":3,"item_purchase_floors":[5,19,19,36],"current_hp_per_floor":[81,80,80,77,77,77,73,73,83,80,80,80,80,59,59,41,92,92,92,92,92,92,92,90,63,63,63,63,49,49,49,76,28,92,82,82,81,81,43,70,70,70,70,70,78,78,77,77,92,0,0],"gold":40,"neow_bonus":"TEN_PERCENT_HP_BONUS","is_daily":false,"chose_seed":false,"campfire_upgraded":7,"win_rate":0.0,"timestamp":1611000492,"path_taken":["M","M","M","M","$","R","M","?","T","?","E","R","M","M","R","BOSS","M","$","?","M","?","R","M","M","T","?","R","M","?","M","R","BOSS","M","$","M","?","M","R","?","R","T","R","M","?","?","?","R","BOSS"],"items_purchased_type":["Card","Card","Card","Card"],"build_version":"2020-12-22","purchased_purges":3,"victory":false,"max_hp_per_floor":[82,82,82,82,82,82,82,82,92,92,92,92,92,92,92,92,92,92,92,92,92,92,92,92,92,92,92,92,92,92,92,92,92,92,92,92,92,92,92,92,92,92,92,92,92,92,92,92,92,92,92],"card_choices":[{"not_picked":["Barrage","Chill"],"picked":"Cold Snap","floor":1},{"not_picked":["Cold Snap","Coolheaded"],"picked":"Chill","floor":2},{"not_picked":["Go for the Eyes","Coolheaded"],"picked":"Barrage","floor":3},{"not_picked":["Cold Snap","Beam Cell"],"picked":"Leap","floor":4},{"not_picked":["Heatsinks","Conserve Battery"],"picked":"Leap","floor":7},{"not_picked":["Rebound","Consume"],"picked":"Melter","floor":10},{"not_picked":["Go for the Eyes","BootSequence"],"picked":"Seek","floor":11},{"not_picked":["Compile Driver","Turbo","Doom and Gloom"],"picked":"SKIP","floor":13},{"not_picked":["Hologram","Coolheaded"],"picked":"Redo","floor":14},{"not_picked":["Fission","Echo Form"],"picked":"Electrodynamics","floor":16},{"not_picked":["Gash+1","Redo"],"picked":"Blizzard+1","floor":18},{"not_picked":["Redo","Rebound"],"picked":"Reinforced Body+1","floor":21},{"not_picked":["Melter+1","Gash","Leap"],"picked":"SKIP","floor":24},{"not_picked":["Barrage","Leap","Steam"],"picked":"SKIP","floor":25},{"not_picked":["Coolheaded+1","Turbo","Lockon"],"picked":"SKIP","floor":29},{"not_picked":["Compile Driver","Conserve Battery","Hologram"],"picked":"SKIP","floor":31},{"not_picked":["Electrodynamics","Creative AI"],"picked":"Multi-Cast","floor":33},{"not_picked":["Genetic Algorithm+1","Steam"],"picked":"Streamline","floor":35},{"not_picked":["Self Repair","Chaos+1","Stack+1"],"picked":"SKIP","floor":37},{"not_picked":["Stack+1","Heatsinks","FTL"],"picked":"SKIP","floor":39},{"not_picked":["Secret Technique","Discovery"],"picked":"Chrysalis","floor":41},{"not_picked":["Sweeping Beam+1","Hologram+1","Go for the Eyes+1","Melter"],"picked":"SKIP","floor":45},{"not_picked":["Compile Driver","Glacier","White Noise+1","Coolheaded"],"picked":"SKIP","floor":47}],"player_experience":624626,"relics_obtained":[{"floor":9,"key":"Pear"},{"floor":11,"key":"Pen Nib"},{"floor":26,"key":"Bottled Lightning"},{"floor":30,"key":"The Courier"},{"floor":43,"key":"Question Card"}],"event_choices":[{"damage_healed":0,"gold_gain":0,"player_choice":"Ignored","damage_taken":0,"max_hp_gain":0,"max_hp_loss":0,"event_name":"Vampires","floor":20,"gold_loss":0},{"damage_healed":0,"gold_gain":0,"player_choice":"Opened","damage_taken":0,"relics_obtained":["Calipers"],"max_hp_gain":0,"max_hp_loss":0,"event_name":"The Mausoleum","floor":22,"gold_loss":0,"cards_obtained":["Writhe"]},{"damage_healed":0,"gold_gain":0,"player_choice":"Paid Fearfully","damage_taken":0,"max_hp_gain":0,"max_hp_loss":0,"event_name":"Masked Bandits","floor":27,"gold_loss":173},{"damage_healed":0,"gold_gain":0,"player_choice":"Paid","damage_taken":0,"relics_obtained":["Red Mask"],"max_hp_gain":0,"max_hp_loss":0,"event_name":"Tomb of Lord Red Mask","floor":38,"gold_loss":31},{"damage_healed":0,"gold_gain":0,"player_choice":"Memory 1","damage_taken":0,"max_hp_gain":0,"max_hp_loss":0,"event_name":"SensoryStone","floor":41,"gold_loss":0},{"damage_healed":0,"gold_gain":0,"cards_transformed":["Strike_B"],"player_choice":"Transformed","damage_taken":0,"max_hp_gain":0,"max_hp_loss":0,"event_name":"Transmorgrifier","floor":46,"gold_loss":0,"cards_obtained":["Blizzard"]},{"cards_removed":["Writhe"],"damage_healed":0,"gold_gain":0,"player_choice":"Removed Curses","damage_taken":0,"max_hp_gain":0,"max_hp_loss":0,"event_name":"Fountain of Cleansing","floor":48,"gold_loss":0}],"is_beta":false,"boss_relics":[{"not_picked":["Tiny House","Astrolabe"],"picked":"Runic Pyramid"},{"not_picked":["Fusion Hammer","Velvet Choker"],"picked":"Sozu"}],"items_purged_floors":[5,19,36],"is_endless":false,"potions_floor_spawned":[1,3,4,13,18,29,33,35,45,47],"killed_by":"Time Eater","ascension_level":1}}