{"host":"3qkmyeoym75lj4wn","time":1611000164,"event":{"mods":["2.2 Compatiblity","BaseMod","Block Reminder","Colored Powertips","Highlight Path","Minty Spire (QoL Compilation)","Permanent Neow","Potion Indicator Mod","Rare Cards Sparkle","Relic Stats","StSLib","Unceasing Turn Reminder"],"gold_per_floor":[111,125,143,12,12,12,27,27,27,61,61,4,29,48,48,48,48],"floor_reached":16,"language":"ENG","playtime":488,"items_purged":["Strike_R"],"score":220,"play_id":"79717fb2-ea02-495e-819c-d732990dbec5","local_time":"20210118200244","is_ascension_mode":true,"campfire_choices":[{"data":"Bash","floor":6,"key":"SMITH"},{"data":"Rampage","floor":8,"key":"SMITH"},{"data":"Uppercut","floor":15,"key":"SMITH"}],"circlet_count":0,"master_deck":["AscendersBane","Strike_R","Strike_R","Strike_R","Strike_R","Defend_R","Defend_R","Defend_R","Defend_R","Bash+1","Twin Strike","Hemokinesis+1","Rampage+1","Shrug It Off","Battle Trance","Uppercut+1","Iron Wave"],"relics":["Burning Blood","Art of War","Bronze Scales","Shuriken","Ornamental Fan"],"acts_visited":["Exordium"],"potions_floor_usage":[10,13],"damage_taken":[{"damage":1,"enemies":"Cultist","floor":1,"turns":3},{"damage":5,"enemies":"Small Slimes","floor":2,"turns":4},{"damage":2,"enemies":"2 Louse","floor":3,"turns":2},{"damage":6,"enemies":"Exordium Wildlife","floor":7,"turns":3},{"damage":22,"enemies":"Gremlin Nob","floor":10,"turns":4},{"damage":16,"enemies":"3 Sentries","floor":13,"turns":8},{"damage":19,"enemies":"Gremlin Gang","floor":14,"turns":4},{"damage":38,"enemies":"The Guardian","floor":16,"turns":7}],"seed_played":"-2538964788933291347","potions_obtained":[{"floor":7,"key":"Block Potion"},{"floor":10,"key":"BloodPotion"}],"is_trial":false,"path_per_floor":["M","M","M","$","?","R","M","R","T","E","?","$","E","M","R","B"],"character_chosen":"IRONCLAD","items_purchased":["Shrug It Off","Block Potion"],"campfire_rested":0,"item_purchase_floors":[4,12],"current_hp_per_floor":[73,74,75,75,75,75,75,75,75,59,59,59,49,36,36,0,0],"gold":48,"neow_bonus":"RANDOM_COMMON_RELIC","is_daily":false,"chose_seed":false,"campfire_upgraded":3,"win_rate":0.0,"timestamp":1611000164,"path_taken":["M","?","M","$","?","R","M","R","T","E","?","?","E","?","R","BOSS"],"items_purchased_type":["Card","Potion"],"build_version":"2020-12-22","purchased_purges":1,"victory":false,"max_hp_per_floor":[75,75,75,75,75,75,75,75,75,75,75,75,75,75,75,75,75],"relic_stats":{"counters":[8,35],"Shuriken":[5],"Ornamental Fan":[16],"Bronze Scales":[57],"Art of War":[1],"obtain_stats":[{"Shuriken":10,"Ornamental Fan":13,"Bronze Scales":9,"Art of War":0,"Burning Blood":0},{"Shuriken":5,"Ornamental Fan":6,"Bronze Scales":4,"Art of War":0,"Burning Blood":0},{"Shuriken":16,"Ornamental Fan":24,"Bronze Scales":12,"Art of War":0,"Burning Blood":0}],"Burning Blood":39},"card_choices":[{"not_picked":["Heavy Blade","Armaments"],"picked":"Twin Strike","floor":1},{"not_picked":["Clothesline","Flex"],"picked":"Hemokinesis","floor":2},{"not_picked":["Perfected Strike","Clothesline"],"picked":"Rampage","floor":3},{"not_picked":["Body Slam","Clash"],"picked":"Battle Trance","floor":7},{"not_picked":["True Grit","Berserk"],"picked":"Uppercut","floor":10},{"not_picked":["True Grit","Evolve"],"picked":"Iron Wave","floor":13},{"not_picked":["Headbutt","Carnage","Second Wind"],"picked":"SKIP","floor":14}],"player_experience":1688152,"relics_obtained":[{"floor":9,"key":"Bronze Scales"},{"floor":10,"key":"Shuriken"},{"floor":13,"key":"Ornamental Fan"}],"event_choices":[{"damage_healed":0,"gold_gain":0,"player_choice":"Grow","damage_taken":0,"max_hp_gain":0,"max_hp_loss":0,"event_name":"Living Wall","floor":5,"gold_loss":0,"cards_upgraded":["Hemokinesis"]},{"damage_healed":0,"gold_gain":0,"player_choice":"Ignored","damage_taken":0,"max_hp_gain":0,"max_hp_loss":0,"event_name":"Shining Light","floor":11,"gold_loss":0}],"is_beta":false,"boss_relics":[],"items_purged_floors":[4],"is_endless":false,"potions_floor_spawned":[7,10],"killed_by":"The Guardian","ascension_level":20}}