{"host":"igi9xpgoc000gxf5","time":1611003899,"event":{"mods":["BaseMod","Colored Powertips","Downfall","Googly Eyes","Minty Spire (QoL Compilation)","StSLib"],"gold_per_floor":[99,110,16,26,42,42,42,62,74,100,110,130,130,147,163,268,268,268,278,293,293,30,47,47,32,32,17,28,28,13,29,42,42,42],"floor_reached":33,"language":"ENG","playtime":2167,"items_purged":[],"score":280,"play_id":"3738c10d-4aa8-445f-bf11-1086cde52199","local_time":"20210118220459","is_ascension_mode":false,"campfire_choices":[{"data":"bronze:Replicate","floor":1,"key":"SMITH"},{"data":"bronze:Iterate","floor":6,"key":"SMITH"},{"data":"bronze:AlphaBuild","floor":13,"key":"SMITH"},{"data":"bronze:FollowUp","floor":18,"key":"SMITH"},{"floor":26,"key":"REST"}],"circlet_count":0,"master_deck":["bronze:Strike","bronze:Strike","bronze:Strike","bronze:Strike","bronze:Defend","bronze:Defend","bronze:Defend+1","bronze:Defend+1","bronze:Replicate+1","bronze:Goto","bronze:DelayedSlice","bronze:Iterate+1","bronze:Safeguard","bronze:Safeguard","bronze:Branch","bronze:FollowUp+1","bronze:OilSpill","bronze:WhirlingStrike","bronze:AlphaBuild+1","bronze:WhirlingStrike","bronze:Boost","bronze:Boost","bronze:CleanCode","CurseOfTheBell","bronze:Frontload","bronze:BuggyMess+1","bronze:Optimize+1","bronze:BuggyMess","bronze:Branch","bronze:Optimize","bronze:Overheat","bronze:Boost","bronze:WhirlingStrike","bronze:DigitalCarnage+1","bronze:Verify","bronze:Branch"],"relics":["bronze:BronzeCore","FossilizedHelix","Thread and Needle","Calling Bell","War Paint","Mercury Hourglass","Unceasing Top","Oddly Smooth Stone","MealTicket"],"acts_visited":["Exordium","TheCity"],"potions_floor_usage":[16,16,22,31,31,33],"damage_taken":[{"damage":1,"enemies":"Cultist","floor":2,"turns":4},{"damage":0,"enemies":"downfall:FleeingMerchant","floor":3,"turns":4},{"damage":0,"enemies":"Jaw Worm","floor":4,"turns":3},{"damage":0,"enemies":"Small Slimes","floor":5,"turns":2},{"damage":0,"enemies":"Exordium Thugs","floor":8,"turns":3},{"damage":0,"enemies":"Large Slime","floor":9,"turns":5},{"damage":5,"enemies":"3 Sentries","floor":10,"turns":7},{"damage":0,"enemies":"Blue Slaver","floor":11,"turns":2},{"damage":0,"enemies":"3 Louse","floor":12,"turns":2},{"damage":0,"enemies":"Exordium Wildlife","floor":14,"turns":6},{"damage":0,"enemies":"2 Fungi Beasts","floor":15,"turns":2},{"damage":70,"enemies":"WA_ARCHETYPE_RETAIN","floor":16,"turns":12},{"damage":0,"enemies":"Chosen","floor":19,"turns":4},{"damage":20,"enemies":"Sentry and Sphere","floor":20,"turns":10},{"damage":0,"enemies":"downfall:FleeingMerchant","floor":22,"turns":4},{"damage":22,"enemies":"Centurion and Healer","floor":23,"turns":6},{"damage":8,"enemies":"downfall:FleeingMerchant","floor":25,"turns":4},{"damage":0,"enemies":"downfall:FleeingMerchant","floor":27,"turns":4},{"damage":10,"enemies":"Snecko","floor":28,"turns":7},{"damage":18,"enemies":"downfall:FleeingMerchant","floor":30,"turns":4},{"damage":27,"enemies":"Cultist and Chosen","floor":31,"turns":8},{"damage":5,"enemies":"Centurion and Healer","floor":32,"turns":5},{"damage":28,"enemies":"SI_MIRROR_ARCHETYPE","floor":33,"turns":4}],"seed_played":"6264994567902512248","potions_obtained":[{"floor":5,"key":"Weak Potion"},{"floor":9,"key":"LiquidBronze"},{"floor":10,"key":"bronze:BurnAndBuffPotion"},{"floor":16,"key":"DistilledChaos"},{"floor":19,"key":"Fire Potion"},{"floor":23,"key":"Weak Potion"},{"floor":32,"key":"bronze:CleanCodePotion"}],"is_trial":false,"path_per_floor":["R","M","$","M","M","R","T","M","M","E","M","M","R","M","M","B",null,"R","M","M","?","$","M","T","$","R","$","M","?","$","M","M","B"],"character_chosen":"THE_AUTOMATON","items_purchased":["bronze:Safeguard","Oddly Smooth Stone","bronze:BuggyMess","bronze:Branch"],"campfire_rested":1,"item_purchase_floors":[3,22,22,22],"current_hp_per_floor":[77,76,76,76,76,76,76,76,76,71,71,71,71,71,71,1,77,77,77,57,57,57,35,35,42,65,77,67,67,59,32,27,0,0],"gold":42,"neow_bonus":"TEN_PERCENT_HP_BONUS","is_daily":false,"chose_seed":false,"campfire_upgraded":4,"win_rate":0.0,"timestamp":1611003899,"path_taken":["R","M","?","M","M","R","T","M","?","E","M","M","R","M","M","BOSS","R","M","M","?","$","M","T","$","R","?","?","?","?","M","M","BOSS"],"items_purchased_type":["Card","Relic","Card","Card"],"build_version":"2020-12-22","purchased_purges":0,"victory":false,"max_hp_per_floor":[77,77,77,77,77,77,77,77,77,77,77,77,77,77,77,77,77,77,77,77,77,77,77,77,77,77,77,77,77,77,77,77,77,77],"card_choices":[{"not_picked":["bronze:Overheat","bronze:Invalidate"],"picked":"bronze:DelayedSlice","floor":2},{"not_picked":["bronze:DelayedGuard","bronze:Branch"],"picked":"bronze:Iterate","floor":3},{"not_picked":["bronze:BitShift","bronze:WildBeam"],"picked":"bronze:Safeguard","floor":4},{"not_picked":["bronze:DarkDash","bronze:FineTuning"],"picked":"bronze:Branch","floor":5},{"not_picked":["bronze:WildBeam","bronze:Mutator"],"picked":"bronze:FollowUp","floor":8},{"not_picked":["bronze:CutThrough","bronze:DelayedSlice"],"picked":"bronze:OilSpill","floor":9},{"not_picked":["bronze:Invalidate","bronze:Backtrace"],"picked":"bronze:WhirlingStrike","floor":10},{"not_picked":["bronze:Philosophize","bronze:Return"],"picked":"bronze:AlphaBuild","floor":11},{"not_picked":["bronze:Iterate","bronze:CutThrough"],"picked":"bronze:WhirlingStrike","floor":12},{"not_picked":["bronze:BugBarrage","bronze:Branch"],"picked":"bronze:Boost","floor":14},{"not_picked":["bronze:Philosophize","bronze:Backtrace"],"picked":"bronze:Boost","floor":15},{"not_picked":["bronze:BurnOut","bronze:FindAndReplace"],"picked":"bronze:CleanCode","floor":16},{"not_picked":["bronze:Deprecate+1","bronze:Iterate"],"picked":"bronze:Frontload","floor":19},{"not_picked":["bronze:Invalidate","bronze:FineTuning+1"],"picked":"bronze:BuggyMess+1","floor":20},{"not_picked":["bronze:Fortify","bronze:ChildClass+1"],"picked":"bronze:Optimize+1","floor":22},{"not_picked":["bronze:BronzeArmor","bronze:Invalidate+1"],"picked":"bronze:Optimize","floor":23},{"not_picked":["bronze:Optimize","bronze:Shield+1"],"picked":"bronze:Overheat","floor":25},{"not_picked":["bronze:Fortify","bronze:Return"],"picked":"bronze:Boost","floor":27},{"not_picked":["bronze:Repulsor","bronze:OilSpill"],"picked":"bronze:WhirlingStrike","floor":28},{"not_picked":["bronze:GetLatest","bronze:ChildClass"],"picked":"bronze:DigitalCarnage+1","floor":30},{"not_picked":["bronze:BitShift","bronze:DelayedSlice"],"picked":"bronze:Verify","floor":31},{"not_picked":["bronze:Shield","bronze:Backtrace"],"picked":"bronze:Branch","floor":32}],"player_experience":941718,"relics_obtained":[{"floor":7,"key":"FossilizedHelix"},{"floor":10,"key":"Thread and Needle"},{"floor":17,"key":"War Paint"},{"floor":17,"key":"Mercury Hourglass"},{"floor":17,"key":"Unceasing Top"},{"floor":24,"key":"MealTicket"}],"event_choices":[],"is_beta":false,"boss_relics":[{"not_picked":["Cursed Key","Velvet Choker"],"picked":"Calling Bell"}],"items_purged_floors":[],"is_endless":false,"potions_floor_spawned":[5,9,10,12,15,16,19,23,32],"killed_by":"SI_MIRROR_ARCHETYPE","ascension_level":0}}