{"host":"qheym18ww6mhskxf","time":1611006628,"event":{"mods":["BaseMod","CapriCore","Friendly Minions","KOR Keyword Fix","Kiyohime£¨?ýï£©","Minty Spire (QoL Compilation)","Prisma Mod","Quick Restart","RRrroohrrRGHHhhh!!","Rare Cards Sparkle","Shop Mod","StSLib","Td1madao Mod","The Dragon Tamer","Username Fix"],"gold_per_floor":[114,114,39,59,59,59,69,84,135,135,31,61,11,36,36,133,133,146,160,53,70,80,80,112,112,112,138,138,170,16,16,16,16,16],"floor_reached":33,"language":"KOR","playtime":888,"items_purged":["Strike_B","Strike_B"],"score":596,"play_id":"113dc942-be39-4c5b-af9e-8b498217dc90","local_time":"20210119065028","daily_mods":["Heirloom","Time Dilation","DeadlyEvents","Elite Swarm"],"is_ascension_mode":true,"campfire_choices":[{"data":"Zap","floor":6.0,"key":"SMITH"},{"data":"Dualcast","floor":10.0,"key":"SMITH"},{"data":"PrismaMod:ChloeGaeBolg","floor":15.0,"key":"SMITH"},{"data":"Seek","floor":23.0,"key":"SMITH"},{"data":"Conserve Battery","floor":25,"key":"SMITH"},{"data":"Conserve Battery","floor":28,"key":"SMITH"},{"floor":32,"key":"REST"}],"circlet_count":0,"master_deck":["Strike_B+1","Strike_B+1","Defend_B","Defend_B","Defend_B","Zap+1","Dualcast+1","PrismaMod:ChloeCaladbolg+1","BootSequence","PrismaMod:ChloeGaeBolg+1","Conserve Battery+1","Seek+1","Conserve Battery+1","Dramatic Entrance","PrismaMod:ChloeCheapAttack"],"relics":["Cracked Core","TungstenRod","Toy Ornithopter","Smiling Mask","InkBottle","MerchantsRug","rorgmod:Loose Gear","Bottled Flame","CaptainsWheel","Sling"],"acts_visited":["Exordium","TheCity"],"potions_floor_usage":[24,27],"damage_taken":[{"damage":1.0,"enemies":"Small Slimes","floor":1.0,"turns":4.0},{"damage":0.0,"enemies":"Cultist","floor":4.0,"turns":3.0},{"damage":0.0,"enemies":"Jaw Worm","floor":7.0,"turns":2.0},{"damage":17.0,"enemies":"Large Slime","floor":8.0,"turns":4.0},{"damage":11.0,"enemies":"Lagavulin","floor":12.0,"turns":5.0},{"damage":1.0,"enemies":"Gremlin Nob","floor":14.0,"turns":3.0},{"damage":15.0,"enemies":"Hexaghost","floor":16.0,"turns":6.0},{"damage":0.0,"enemies":"3 Byrds","floor":18.0,"turns":3.0},{"damage":0.0,"enemies":"Spheric Guardian","floor":19.0,"turns":3.0},{"damage":11.0,"enemies":"Snake Plant","floor":21.0,"turns":4.0},{"damage":0.0,"enemies":"Centurion and Healer","floor":22.0,"turns":3.0},{"damage":31,"enemies":"Gremlin Leader","floor":24,"turns":10},{"damage":17,"enemies":"Book of Stabbing","floor":27,"turns":6},{"damage":2,"enemies":"Gremlin Leader","floor":29,"turns":6},{"damage":31,"enemies":"Automaton","floor":33,"turns":6}],"seed_played":"-2350617747811987056","potions_obtained":[{"floor":1.0,"key":"FocusPotion"},{"floor":7.0,"key":"DistilledChaos"},{"floor":16.0,"key":"ColorlessPotion"},{"floor":19.0,"key":"PotionOfCapacity"},{"floor":21.0,"key":"GamblersBrew"},{"floor":24,"key":"Block Potion"}],"is_trial":true,"path_per_floor":["M","?","$","M","?","R","M","M","T","R","$","E","$","E","R","B",null,"M","M","$","M","M","R","E","R","T","E","R","E","$","?","R","B"],"character_chosen":"DEFECT","items_purchased":["PrismaMod:ChloeGaeBolg","Conserve Battery","MerchantsRug","Sling","Dramatic Entrance","PrismaMod:ChloeCheapAttack"],"campfire_rested":1,"item_purchase_floors":[11,11,20,30,30,30],"current_hp_per_floor":[67,67,67,67,67,67,67,50,50,50,50,39,39,38,38,33,65,65,65,65,54,54,54,28,28,28,16,16,14,14,14,36,5,5],"gold":16,"neow_bonus":"","is_daily":false,"chose_seed":false,"campfire_upgraded":6,"win_rate":0.0,"timestamp":1611006628,"path_taken":["M","?","?","M","?","R","M","M","T","R","$","?","$","E","R","BOSS","M","M","$","M","M","R","E","R","T","E","R","E","$","?","R","BOSS"],"items_purchased_type":["Card","Card","Relic","Relic","Card","Card"],"build_version":"2020-12-22","purchased_purges":2,"victory":false,"max_hp_per_floor":[75,75,75,75,75,75,75,75,75,75,75,75,75,75,75,75,75,75,75,75,75,75,75,75,75,75,75,75,75,75,75,75,75,75],"card_choices":[{"not_picked":["FTL","Ball Lightning"],"picked":"PrismaMod:ChloeCaladbolg","floor":1.0},{"not_picked":["PrismaMod:ChloeRitsuka","Redo","Glacier"],"picked":"SKIP","floor":4.0},{"not_picked":["rorgmod:Fragmentation","rorgmod:Antivirus","Rebound"],"picked":"SKIP","floor":7.0},{"not_picked":["rorgmod:LRU Cache","PrismaMod:ChloeDiscardRecovery","Coolheaded"],"picked":"SKIP","floor":8.0},{"not_picked":["PrismaMod:ChloeAnyUncommonTrace","PrismaMod:ChloeAnyCommonTrace","rorgmod:Volatility"],"picked":"SKIP","floor":12.0},{"not_picked":["PrismaMod:ChloeDoubleRelicSpeed","PrismaMod:ChloeReshuffleDiscard"],"picked":"Seek","floor":14.0},{"not_picked":["rorgmod:Hardcode","rorgmod:Refrigerate+1","PrismaMod:ChloeMaid"],"picked":"SKIP","floor":18.0},{"not_picked":["White Noise","rorgmod:Overcurrent","PrismaMod:ChloeUncommonAOEAttack+1"],"picked":"SKIP","floor":19.0},{"not_picked":["Stack","Doom and Gloom"],"picked":"Conserve Battery","floor":21.0},{"not_picked":["Coolheaded","rorgmod:Critical Section","Compile Driver"],"picked":"SKIP","floor":22.0},{"not_picked":["PrismaMod:ChloeCarnivalAOEAttack","PrismaMod:ChloeAnyPowerTrace","Hyperbeam"],"picked":"SKIP","floor":24},{"not_picked":["PrismaMod:ChloeHalloween","PrismaMod:ChloeDevil","rorgmod:Biased Cognition"],"picked":"SKIP","floor":27},{"not_picked":["PrismaMod:ChloeAnySkillTrace","rorgmod:Volatility","PrismaMod:ChloeAnyRareTrace"],"picked":"SKIP","floor":29}],"player_experience":410611,"relics_obtained":[{"floor":9.0,"key":"Toy Ornithopter"},{"floor":12.0,"key":"Smiling Mask"},{"floor":14.0,"key":"InkBottle"},{"floor":24,"key":"rorgmod:Loose Gear"},{"floor":26,"key":"Bottled Flame"},{"floor":27,"key":"CaptainsWheel"},{"floor":29,"key":"Whetstone"}],"event_choices":[{"damage_healed":0.0,"max_hp_gain":0.0,"max_hp_loss":0.0,"gold_gain":0.0,"event_name":"Match and Keep!","player_choice":"1 cards matched","floor":2.0,"gold_loss":0.0,"damage_taken":0.0,"cards_obtained":["BootSequence"]},{"damage_healed":0.0,"max_hp_gain":0.0,"max_hp_loss":0.0,"gold_gain":0.0,"event_name":"Living Wall","player_choice":"Grow","floor":5.0,"gold_loss":0.0,"damage_taken":0.0,"cards_upgraded":["PrismaMod:ChloeCaladbolg"]},{"cards_removed":["Defend_B"],"damage_healed":0,"gold_gain":0,"player_choice":"Elegance","damage_taken":0,"max_hp_gain":0,"max_hp_loss":0,"event_name":"Back to Basics","floor":31,"gold_loss":0}],"is_beta":false,"boss_relics":[{"not_picked":["Busted Crown","Cursed Key"],"picked":"Coffee Dripper"}],"items_purged_floors":[3,13],"is_endless":true,"potions_floor_spawned":[1,7,16,19,21,24],"killed_by":"Automaton","ascension_level":9}}