{"host":"q9718omregw4er46","time":1611010194,"event":{"mods":["BaseMod","Bestiary","Colored Powertips","Minty Spire (QoL Compilation)","Quick Restart","Relic Stats"],"gold_per_floor":[109,122,140,65,78,106,106,139,139,158,170,188,219,238,238,312,312,326,326,59,105,121,147,157,192,215,215,215,215,247,266,266,338,338,352,365,381,381,361,394,394,405,430,447,447,447,480,161,161,161,161,161,161,19,54,54,54],"floor_reached":56,"language":"ENG","playtime":2684,"items_purged":["Strike_R"],"score":2103,"play_id":"409f75b5-60ee-4195-844a-ed786a80481f","local_time":"20210119034954","is_ascension_mode":true,"campfire_choices":[{"floor":7.0,"key":"REST"},{"floor":15.0,"key":"REST"},{"floor":27.0,"key":"REST"},{"floor":29.0,"key":"REST"},{"data":"Demon Form","floor":32.0,"key":"SMITH"},{"data":"Demon Form","floor":41.0,"key":"SMITH"},{"data":"Feel No Pain","floor":45.0,"key":"SMITH"},{"floor":49.0,"key":"RECALL"},{"floor":53.0,"key":"REST"}],"circlet_count":0,"master_deck":["AscendersBane","Bash","Clothesline","Burning Pact","Corruption","Demon Form+1","Flame Barrier","Dual Wield","Power Through","Metallicize","Barricade","Heavy Blade","Metallicize","Feel No Pain+1","Spot Weakness","Reaper","Evolve","Demon Form+1","Sword Boomerang","Sword Boomerang","Wild Strike","Dark Embrace","True Grit","Double Tap","Armaments","Body Slam+1","Feel No Pain+1","Madness","Madness","Twin Strike+1","Clothesline+1","Seeing Red","Feel No Pain","Offering","Exhume"],"relics":["Snecko Eye","Unceasing Top","Boot","Mummified Hand","The Courier","Mark of Pain","Gambling Chip","Centennial Puzzle","Red Skull","Bag of Marbles","Tiny Chest","Enchiridion","Bronze Scales","Pandora\u0027s Box","Girya","Mercury Hourglass","Happy Flower","Kunai","Orichalcum"],"acts_visited":["Exordium","TheCity","TheBeyond","TheEnding"],"potions_floor_usage":[],"damage_taken":[{"damage":0.0,"enemies":"2 Louse","floor":1.0,"turns":3.0},{"damage":0.0,"enemies":"Cultist","floor":2.0,"turns":3.0},{"damage":0.0,"enemies":"Small Slimes","floor":3.0,"turns":2.0},{"damage":20.0,"enemies":"3 Louse","floor":5.0,"turns":3.0},{"damage":47.0,"enemies":"3 Sentries","floor":6.0,"turns":13.0},{"damage":10.0,"enemies":"Lagavulin","floor":8.0,"turns":5.0},{"damage":0.0,"enemies":"Exordium Thugs","floor":10.0,"turns":3.0},{"damage":4.0,"enemies":"Exordium Wildlife","floor":11.0,"turns":3.0},{"damage":6.0,"enemies":"Large Slime","floor":12.0,"turns":8.0},{"damage":0.0,"enemies":"Gremlin Nob","floor":13.0,"turns":4.0},{"damage":0.0,"enemies":"Lots of Slimes","floor":14.0,"turns":1.0},{"damage":9.0,"enemies":"Slime Boss","floor":16.0,"turns":7.0},{"damage":10.0,"enemies":"Shell Parasite","floor":18.0,"turns":6.0},{"damage":10.0,"enemies":"3 Byrds","floor":22.0,"turns":4.0},{"damage":32.0,"enemies":"Book of Stabbing","floor":23.0,"turns":7.0},{"damage":0.0,"enemies":"Cultist and Chosen","floor":24.0,"turns":4.0},{"damage":5.0,"enemies":"Slavers","floor":25.0,"turns":5.0},{"damage":3.0,"enemies":"Gremlin Leader","floor":30.0,"turns":5.0},{"damage":0.0,"enemies":"Snecko","floor":31.0,"turns":4.0},{"damage":18.0,"enemies":"Champ","floor":33.0,"turns":9.0},{"damage":0.0,"enemies":"Orb Walker","floor":35.0,"turns":2.0},{"damage":9.0,"enemies":"3 Shapes","floor":36.0,"turns":4.0},{"damage":0.0,"enemies":"Maw","floor":37.0,"turns":3.0},{"damage":0.0,"enemies":"Nemesis","floor":40.0,"turns":3.0},{"damage":46.0,"enemies":"4 Shapes","floor":42.0,"turns":4.0},{"damage":21.0,"enemies":"Sphere and 2 Shapes","floor":44.0,"turns":3.0},{"damage":5.0,"enemies":"Reptomancer","floor":47.0,"turns":4.0},{"damage":118.0,"enemies":"Awakened One","floor":50.0,"turns":7.0},{"damage":37.0,"enemies":"Donu and Deca","floor":51.0,"turns":5.0},{"damage":51.0,"enemies":"Shield and Spear","floor":55.0,"turns":4.0},{"damage":62,"enemies":"The Heart","floor":56,"turns":2}],"seed_played":"2778964090956175523","potions_obtained":[{"floor":5.0,"key":"PowerPotion"},{"floor":8.0,"key":"ElixirPotion"},{"floor":11.0,"key":"Block Potion"},{"floor":12.0,"key":"AttackPotion"},{"floor":13.0,"key":"Weak Potion"},{"floor":14.0,"key":"Weak Potion"},{"floor":18.0,"key":"BlessingOfTheForge"},{"floor":30.0,"key":"Explosive Potion"},{"floor":33.0,"key":"CultistPotion"},{"floor":39.0,"key":"EntropicBrew"}],"is_trial":true,"path_per_floor":["M","M","M","$","M","E","R","E","T","M","M","M","E","M","R","B",null,"M","?","$","T","M","E","M","E","T","R","?","R","E","M","R","B",null,"M","M","M","?","?","E","R","M","T","M","R","T","E","$","R","B","B",null,"R","$","E","B"],"character_chosen":"IRONCLAD","items_purchased":["Gambling Chip","Seeing Red","Feel No Pain","Kunai","Offering"],"campfire_rested":5,"item_purchase_floors":[20,48,48,48,54],"current_hp_per_floor":[68,68,68,68,48,1,23,13,13,13,9,3,3,3,25,16,60,50,50,50,50,40,8,8,3,3,25,4,26,69,69,69,75,75,75,75,75,61,61,75,75,74,74,74,74,74,73,73,73,16,9,59,75,75,24,0,0],"gold":54,"neow_bonus":"","is_daily":false,"chose_seed":false,"campfire_upgraded":3,"win_rate":0.0,"timestamp":1611010194,"path_taken":["M","M","M","$","M","E","R","E","T","M","M","M","E","M","R","BOSS","M","?","$","?","M","E","M","E","T","R","?","R","E","M","R","BOSS","M","M","M","?","?","E","R","M","T","M","R","?","E","$","R","BOSS","BOSS","R","$","E","BOSS"],"items_purchased_type":["Relic","Card","Card","Relic","Card"],"build_version":"2020-12-22","purchased_purges":1,"victory":false,"max_hp_per_floor":[75,75,75,75,75,75,75,75,75,75,75,75,75,75,75,75,75,75,75,75,75,75,75,75,75,75,75,75,75,75,75,75,75,75,75,75,75,75,75,75,75,75,75,75,75,75,75,75,75,75,75,75,75,75,75,75,75],"relic_stats":{"Happy Flower":[6],"counters":[31,140],"Orichalcum":[0],"Boot":[19],"Mercury Hourglass":[105],"Centennial Puzzle":[38],"Mummified Hand":[262],"Gambling Chip":[75],"Bronze Scales":[120],"Snecko Eye":[265,282,252,277],"Tiny Chest":1,"Pandora\u0027s Box":["Sword Boomerang","Sword Boomerang","Wild Strike","Dark Embrace","True Grit","Double Tap","Armaments"],"Kunai":[9],"obtain_stats":[{"Girya":40,"Happy Flower":47,"Enchiridion":28,"The Courier":13,"Orichalcum":55,"Boot":8,"Mercury Hourglass":46,"Centennial Puzzle":21,"Mummified Hand":9,"Gambling Chip":20,"Bronze Scales":30,"Snecko Eye":0,"Tiny Chest":26,"Pandora\u0027s Box":34,"Mark of Pain":17,"Bag of Marbles":25,"Kunai":48,"Unceasing Top":6,"Red Skull":23},{"Girya":24,"Happy Flower":27,"Enchiridion":17,"The Courier":10,"Orichalcum":30,"Boot":6,"Mercury Hourglass":26,"Centennial Puzzle":13,"Mummified Hand":6,"Gambling Chip":13,"Bronze Scales":18,"Snecko Eye":0,"Tiny Chest":17,"Pandora\u0027s Box":20,"Mark of Pain":12,"Bag of Marbles":17,"Kunai":27,"Unceasing Top":5,"Red Skull":15},{"Girya":111,"Happy Flower":122,"Enchiridion":81,"The Courier":47,"Orichalcum":138,"Boot":29,"Mercury Hourglass":118,"Centennial Puzzle":61,"Mummified Hand":29,"Gambling Chip":61,"Bronze Scales":86,"Snecko Eye":0,"Tiny Chest":81,"Pandora\u0027s Box":99,"Mark of Pain":55,"Bag of Marbles":81,"Kunai":122,"Unceasing Top":24,"Red Skull":72}],"Unceasing Top":[5]},"card_choices":[{"not_picked":["Armaments","Evolve"],"picked":"Clothesline","floor":1.0},{"not_picked":["True Grit","Intimidate"],"picked":"Burning Pact","floor":2.0},{"not_picked":["Rampage","True Grit","Intimidate"],"picked":"SKIP","floor":3.0},{"not_picked":["Havoc","Shrug It Off"],"picked":"Corruption","floor":5.0},{"not_picked":["Bloodletting","Cleave"],"picked":"Demon Form","floor":6.0},{"not_picked":["Bloodletting","Rupture"],"picked":"Flame Barrier","floor":8.0},{"not_picked":["Wild Strike","Hemokinesis"],"picked":"Dual Wield","floor":10.0},{"not_picked":["Hemokinesis","Flex"],"picked":"Power Through","floor":11.0},{"not_picked":["Combust","Twin Strike","Rampage"],"picked":"SKIP","floor":12.0},{"not_picked":["Shrug It Off","Intimidate"],"picked":"Metallicize","floor":13.0},{"not_picked":["Armaments","Rupture","Wild Strike"],"picked":"SKIP","floor":14.0},{"not_picked":["Immolate","Feed"],"picked":"Barricade","floor":16.0},{"not_picked":["Reckless Charge","Headbutt"],"picked":"Heavy Blade","floor":18.0},{"not_picked":["Disarm","Anger"],"picked":"Metallicize","floor":22.0},{"not_picked":["Iron Wave","Disarm"],"picked":"Feel No Pain","floor":23.0},{"not_picked":["Heavy Blade","True Grit"],"picked":"Spot Weakness","floor":24.0},{"not_picked":["Clothesline","Heavy Blade"],"picked":"Reaper","floor":25.0},{"not_picked":["Seeing Red","Cleave","Anger"],"picked":"SKIP","floor":30.0},{"not_picked":["True Grit","Heavy Blade"],"picked":"Evolve","floor":31.0},{"not_picked":["Brutality","Double Tap"],"picked":"Demon Form","floor":33.0},{"not_picked":["Reckless Charge","Iron Wave"],"picked":"Body Slam+1","floor":35.0},{"not_picked":["Flex","Pommel Strike","Whirlwind"],"picked":"SKIP","floor":36.0},{"not_picked":["Second Wind","Dual Wield+1"],"picked":"Feel No Pain+1","floor":37.0},{"not_picked":["Rampage","Wild Strike+1","Cleave"],"picked":"SKIP","floor":40.0},{"not_picked":["Juggernaut","Clash+1"],"picked":"Twin Strike+1","floor":42.0},{"not_picked":["Rage","Inflame"],"picked":"Clothesline+1","floor":44.0},{"not_picked":["Cleave+1","Iron Wave+1","Armaments"],"picked":"SKIP","floor":47.0},{"not_picked":["Disarm+1","Shrug It Off"],"picked":"Exhume","floor":55.0}],"player_experience":1234571,"relics_obtained":[{"floor":6.0,"key":"Unceasing Top"},{"floor":8.0,"key":"Boot"},{"floor":9.0,"key":"Mummified Hand"},{"floor":13.0,"key":"The Courier"},{"floor":21.0,"key":"Centennial Puzzle"},{"floor":23.0,"key":"Red Skull"},{"floor":25.0,"key":"Bag of Marbles"},{"floor":26.0,"key":"Tiny Chest"},{"floor":28.0,"key":"Enchiridion"},{"floor":30.0,"key":"Bronze Scales"},{"floor":40.0,"key":"Girya"},{"floor":46.0,"key":"Mercury Hourglass"},{"floor":47.0,"key":"Happy Flower"},{"floor":55.0,"key":"Orichalcum"}],"event_choices":[{"cards_removed":["Strike_R"],"damage_healed":0.0,"max_hp_gain":0.0,"max_hp_loss":0.0,"gold_gain":0.0,"event_name":"Purifier","player_choice":"Purged","floor":19.0,"gold_loss":0.0,"damage_taken":0.0},{"damage_healed":0.0,"max_hp_gain":0.0,"max_hp_loss":0.0,"gold_gain":0.0,"event_name":"Cursed Tome","player_choice":"Obtained Book","floor":28.0,"gold_loss":0.0,"damage_taken":21.0},{"damage_healed":0.0,"max_hp_gain":0.0,"max_hp_loss":0.0,"gold_gain":0.0,"event_name":"Winding Halls","player_choice":"Embrace Madness","floor":38.0,"gold_loss":0.0,"damage_taken":14.0,"cards_obtained":["Madness","Madness"]},{"damage_healed":0.0,"max_hp_gain":0.0,"max_hp_loss":0.0,"gold_gain":0.0,"event_name":"The Woman in Blue","player_choice":"Bought 1 Potion","floor":39.0,"gold_loss":0.0,"damage_taken":0.0}],"is_beta":false,"boss_relics":[{"not_picked":["Runic Dome","Black Star"],"picked":"Mark of Pain"},{"not_picked":["Busted Crown","Calling Bell"],"picked":"Pandora\u0027s Box"}],"items_purged_floors":[4],"is_endless":false,"potions_floor_spawned":[5,8,11,12,13,14,18,23,30,33,35,36,40,47],"killed_by":"The Heart","ascension_level":20}}