{"host":"xy1hv1rgvrf7f9nu","time":1611011525,"event":{"mods":["BaseMod","Fox Events","Koishi","Minty Spire (QoL Compilation)","StSLib","The Saiyan","The Witch"],"gold_per_floor":[112,0,16,28,54,54,67,99,122,140,140,173,173,348,348,443,443,454,454,454,63,89,119,119,154,231,231,248,199,474,484,484,583,583,599,599,613,630,224,254,274,301,348,348,361,287,287,299,299,299],"floor_reached":51,"language":"FRA","playtime":5261,"items_purged":["Writhe","Pain"],"score":828,"play_id":"f84e660f-2552-47ec-9357-22cb88ebe4fc","local_time":"20210119001205","is_ascension_mode":false,"campfire_choices":[{"data":"Apotheosis","floor":6.0,"key":"SMITH"},{"data":"PathToVictory","floor":11.0,"key":"SMITH"},{"data":"Establishment","floor":13.0,"key":"SMITH"},{"data":"Tantrum","floor":15.0,"key":"SMITH"},{"floor":24.0,"key":"REST"},{"floor":32.0,"key":"REST"},{"floor":47.0,"key":"REST"},{"floor":49,"key":"REST"}],"circlet_count":0,"master_deck":["Strike_P","Strike_P","Defend_P","Defend_P","Defend_P","Eruption","Vigilance","Apotheosis+1","Tantrum+1","Adaptation","Worship","WheelKick","PathToVictory+1","Protect","EmptyFist","Establishment+1","Doubt","Judgement","BowlingBash+1","Weave+1","FearNoEvil+1","Crescendo","CutThroughFate","LikeWater","CutThroughFate","Brilliance","WaveOfTheHand+1","Wallop","Regret","SignatureMove+1","Scrawl","Protect","EmptyMind+1","Ragnarok+1","SashWhip+1","ReachHeaven+1","Evaluate","Injury","Parasite","BattleHymn+1"],"relics":["PureWater","Art of War","Ice Cream","Ancient Tea Set","Bird Faced Urn","Astrolabe","MutagenicStrength","Orichalcum","Toolbox","Red Mask","Tiny Chest","Strawberry","Sundial","Cursed Key","Molten Egg 2","WingedGreaves","Oddly Smooth Stone","Toy Ornithopter","Centennial Puzzle","TungstenRod"],"acts_visited":["Exordium","TheCity","TheBeyond"],"potions_floor_usage":[50,50],"damage_taken":[{"damage":0.0,"enemies":"Cultist","floor":1.0,"turns":4.0},{"damage":3.0,"enemies":"Jaw Worm","floor":3.0,"turns":3.0},{"damage":0.0,"enemies":"2 Louse","floor":4.0,"turns":3.0},{"damage":6.0,"enemies":"Large Slime","floor":7.0,"turns":3.0},{"damage":0.0,"enemies":"Gremlin Nob","floor":8.0,"turns":1.0},{"damage":0.0,"enemies":"3 Louse","floor":10.0,"turns":2.0},{"damage":0.0,"enemies":"Lagavulin","floor":12.0,"turns":4.0},{"damage":26.0,"enemies":"Hexaghost","floor":16.0,"turns":6.0},{"damage":9.0,"enemies":"Shell Parasite","floor":18.0,"turns":6.0},{"damage":19.0,"enemies":"Masked Bandits","floor":22.0,"turns":4.0},{"damage":9.0,"enemies":"Gremlin Leader","floor":23.0,"turns":4.0},{"damage":1.0,"enemies":"Book of Stabbing","floor":25.0,"turns":3.0},{"damage":0.0,"enemies":"Chosen","floor":28.0,"turns":3.0},{"damage":27.0,"enemies":"Snake Plant","floor":31.0,"turns":3.0},{"damage":22.0,"enemies":"Automaton","floor":33.0,"turns":7.0},{"damage":1.0,"enemies":"3 Darklings","floor":35.0,"turns":3.0},{"damage":2.0,"enemies":"3 Shapes","floor":37.0,"turns":2.0},{"damage":9.0,"enemies":"3 Darklings","floor":38.0,"turns":3.0},{"damage":14.0,"enemies":"Nemesis","floor":40.0,"turns":5.0},{"damage":3.0,"enemies":"Spire Growth","floor":41.0,"turns":4.0},{"damage":35.0,"enemies":"Giant Head","floor":42.0,"turns":8.0},{"damage":14.0,"enemies":"Transient","floor":45.0,"turns":5.0},{"damage":4,"enemies":"Writhing Mass","floor":48,"turns":5},{"damage":63,"enemies":"Awakened One","floor":50,"turns":8}],"seed_played":"-6358889599509778154","potions_obtained":[{"floor":7.0,"key":"SneckoOil"},{"floor":8.0,"key":"SkillPotion"},{"floor":10.0,"key":"Block Potion"},{"floor":18.0,"key":"DistilledChaos"},{"floor":22.0,"key":"Swift Potion"},{"floor":28.0,"key":"Ancient Potion"},{"floor":33.0,"key":"Strength Potion"},{"floor":35.0,"key":"Swift Potion"},{"floor":42.0,"key":"Swift Potion"}],"is_trial":false,"path_per_floor":["M","$","M","M","T","R","M","E","T","M","R","E","R","?","R","B",null,"M","?","?","$","?","E","R","E","T","?","M","$","?","M","R","B",null,"M","T","M","M","$","E","M","E","T","?","M","?","R","M","R","B",null],"character_chosen":"WATCHER","items_purchased":["Adaptation","CutThroughFate","LikeWater","Orichalcum","Toolbox","ColorlessPotion","WingedGreaves"],"campfire_rested":4,"item_purchase_floors":[2,21,21,21,21,29,39],"current_hp_per_floor":[72,72,69,69,69,69,63,63,63,63,63,63,63,63,63,41,72,65,65,65,65,50,45,66,76,76,61,63,63,63,40,65,51,84,83,83,81,74,74,66,67,38,38,38,30,30,55,57,82,30],"gold":299,"neow_bonus":"RANDOM_COLORLESS_2","is_daily":false,"chose_seed":false,"campfire_upgraded":4,"win_rate":0.0,"timestamp":1611011525,"path_taken":["M","?","M","M","?","R","M","E","T","M","R","E","R","?","R","BOSS","M","?","?","$","?","E","R","E","T","?","M","$","?","?","R","BOSS","M","?","M","?","$","E","M","E","T","?","M","?","R","M","R","BOSS"],"items_purchased_type":["Card","Card","Card","Relic","Relic","Potion","Relic"],"build_version":"2020-12-22","purchased_purges":2,"victory":true,"max_hp_per_floor":[72,72,72,72,72,72,72,72,72,72,72,72,72,72,72,72,72,72,72,72,72,72,72,72,79,79,84,84,84,84,84,84,84,84,84,84,84,84,84,84,84,84,84,84,84,84,84,84,84,84],"card_choices":[{"not_picked":["Secret Technique","Secret Weapon"],"picked":"Apotheosis","floor":0.0},{"not_picked":["SandsOfTime","Evaluate"],"picked":"Tantrum","floor":1.0},{"not_picked":["Nirvana","JustLucky"],"picked":"Worship","floor":3.0},{"not_picked":["Protect","BowlingBash"],"picked":"WheelKick","floor":4.0},{"not_picked":["Meditate","EmptyFist"],"picked":"PathToVictory","floor":7.0},{"not_picked":["Perseverance","InnerPeace"],"picked":"Protect","floor":8.0},{"not_picked":["Nirvana","Consecrate"],"picked":"EmptyFist","floor":10.0},{"not_picked":["CrushJoints","CutThroughFate"],"picked":"Establishment","floor":12.0},{"not_picked":["DeusExMachina","Scrawl"],"picked":"Judgement","floor":16.0},{"not_picked":["BowlingBash","FlurryOfBlows"],"picked":"Crescendo","floor":18.0},{"not_picked":["EmptyFist","FlurryOfBlows"],"picked":"CutThroughFate","floor":22.0},{"not_picked":["FlyingSleeves+1","FearNoEvil"],"picked":"Brilliance","floor":23.0},{"not_picked":["BowlingBash","Consecrate"],"picked":"WaveOfTheHand+1","floor":25.0},{"not_picked":["Halt+1","CrushJoints"],"picked":"Wallop","floor":28.0},{"not_picked":["BowlingBash+1","LikeWater"],"picked":"SignatureMove+1","floor":31.0},{"not_picked":["Vault","DeusExMachina"],"picked":"Scrawl","floor":33.0},{"not_picked":["Consecrate","CutThroughFate+1"],"picked":"Protect","floor":35.0},{"not_picked":["Consecrate+1","WaveOfTheHand"],"picked":"EmptyMind+1","floor":37.0},{"not_picked":["SashWhip+1","CrushJoints+1"],"picked":"Ragnarok+1","floor":38.0},{"not_picked":["SignatureMove+1","Indignation+1"],"picked":"SashWhip+1","floor":40.0},{"not_picked":["SashWhip+1","Consecrate+1"],"picked":"ReachHeaven+1","floor":41.0},{"not_picked":["CarveReality+1","Halt+1"],"picked":"Evaluate","floor":42.0},{"not_picked":["WaveOfTheHand","Adaptation+1","Halt+1"],"picked":"SKIP","floor":45.0},{"not_picked":["EmptyFist+1","Protect+1"],"picked":"BattleHymn+1","floor":48}],"player_experience":282728,"relics_obtained":[{"floor":5.0,"key":"Art of War"},{"floor":8.0,"key":"Ice Cream"},{"floor":9.0,"key":"Ancient Tea Set"},{"floor":12.0,"key":"Bird Faced Urn"},{"floor":22.0,"key":"Red Mask"},{"floor":23.0,"key":"Tiny Chest"},{"floor":25.0,"key":"Strawberry"},{"floor":26.0,"key":"Sundial"},{"floor":36.0,"key":"Molten Egg 2"},{"floor":40.0,"key":"Oddly Smooth Stone"},{"floor":42.0,"key":"Toy Ornithopter"},{"floor":43.0,"key":"Centennial Puzzle"}],"event_choices":[{"damage_healed":0.0,"max_hp_gain":0.0,"max_hp_loss":0.0,"gold_gain":175.0,"event_name":"Liars Game","player_choice":"AGREE","floor":14.0,"gold_loss":0.0,"damage_taken":0.0,"cards_obtained":["Doubt"]},{"damage_healed":0.0,"max_hp_gain":0.0,"max_hp_loss":0.0,"gold_gain":0.0,"event_name":"Drug Dealer","player_choice":"Inject Mutagens","floor":19.0,"gold_loss":0.0,"damage_taken":0.0,"relics_obtained":["MutagenicStrength"]},{"damage_healed":0.0,"max_hp_gain":0.0,"max_hp_loss":0.0,"gold_gain":0.0,"event_name":"Ghosts","player_choice":"Ignored","floor":20.0,"gold_loss":0.0,"damage_taken":0.0},{"damage_healed":0.0,"max_hp_gain":0.0,"max_hp_loss":0.0,"gold_gain":0.0,"event_name":"Masked Bandits","player_choice":"Fought Bandits","floor":22.0,"gold_loss":0.0,"damage_taken":0.0},{"damage_healed":0.0,"max_hp_gain":5.0,"max_hp_loss":0.0,"gold_gain":0.0,"event_name":"Forgotten Altar","player_choice":"Shed Blood","floor":27.0,"gold_loss":0.0,"damage_taken":20.0},{"damage_healed":0.0,"max_hp_gain":0.0,"max_hp_loss":0.0,"gold_gain":275.0,"event_name":"Golden Shrine","player_choice":"Desecrate","floor":30.0,"gold_loss":0.0,"damage_taken":0.0,"cards_obtained":["Regret"]},{"damage_healed":0.0,"max_hp_gain":0.0,"max_hp_loss":0.0,"gold_gain":0.0,"event_name":"WeMeetAgain","player_choice":"Paid Gold","floor":46.0,"gold_loss":74.0,"damage_taken":0.0,"relics_obtained":["TungstenRod"]}],"is_beta":false,"boss_relics":[{"not_picked":["Busted Crown","Sozu"],"picked":"Astrolabe"},{"not_picked":["SlaversCollar","Calling Bell"],"picked":"Cursed Key"}],"items_purged_floors":[2,39],"is_endless":false,"potions_floor_spawned":[7,8,10,18,22,28,33,35,40,42],"ascension_level":0}}