{"host":"g5ztulhog0otympt","time":1611000020,"event":{"mods":["AchievementEnabler","BaseMod","Downfall","Hermit","Minty Spire (QoL Compilation)","StSLib","The Cursed"],"gold_per_floor":[117,142,162,5,19,19,49,63,86,104,104,133,206,206,206,305,605,618,366,281,296,296,296,324,337,364,307,335,335,350,369,369,369,369],"floor_reached":33,"language":"ENG","playtime":687,"items_purged":[],"score":275,"play_id":"6dfccde3-4c69-473a-9e10-f802cf4f5b14","local_time":"20210118220020","is_ascension_mode":false,"campfire_choices":[{"floor":6,"key":"REST"},{"floor":15,"key":"REST"},{"floor":23,"key":"REST"},{"floor":29,"key":"REST"},{"floor":32,"key":"REST"}],"circlet_count":0,"master_deck":["Strike_B","Strike_B+1","Strike_B","Strike_B+1","Defend_B","Defend_B","Defend_B","Defend_B","Zap+1","Dualcast+1","Doom and Gloom","Self Repair","Coolheaded","White Noise+1","Electrodynamics","Melter+1","Dramatic Entrance","Rip and Tear+1","Conserve Battery+1","Glacier+1","Hello World+1"],"relics":["Cracked Core","Lizard Tail","War Paint","Orichalcum","InkBottle","Omamori","Toxic Egg 2","Calling Bell","Bag of Marbles","Question Card","Old Coin","Pen Nib","Shuriken","Nunchaku","Strawberry","Juzu Bracelet","Red Mask"],"acts_visited":["Exordium","TheCity"],"potions_floor_usage":[7,12,16,16,16,16,18,24,24,24,25,31,33],"damage_taken":[{"damage":1,"enemies":"Cultist","floor":1,"turns":3},{"damage":11,"enemies":"Jaw Worm","floor":3,"turns":2},{"damage":6,"enemies":"2 Louse","floor":5,"turns":2},{"damage":2,"enemies":"Gremlin Nob","floor":7,"turns":3},{"damage":4,"enemies":"Looter","floor":8,"turns":2},{"damage":0,"enemies":"Large Slime","floor":10,"turns":3},{"damage":24,"enemies":"Lagavulin","floor":12,"turns":4},{"damage":33,"enemies":"Hexaghost","floor":16,"turns":7},{"damage":24,"enemies":"2 Thieves","floor":18,"turns":3},{"damage":10,"enemies":"3 Byrds","floor":21,"turns":2},{"damage":72,"enemies":"Book of Stabbing","floor":24,"turns":6},{"damage":0,"enemies":"Snecko","floor":25,"turns":2},{"damage":11,"enemies":"Masked Bandits","floor":28,"turns":3},{"damage":0,"enemies":"3 Cultists","floor":30,"turns":2},{"damage":24,"enemies":"Centurion and Healer","floor":31,"turns":6},{"damage":60,"enemies":"Collector","floor":33,"turns":5}],"seed_played":"-2195975392021061979","potions_obtained":[{"floor":1,"key":"SpeedPotion"},{"floor":3,"key":"champ:CounterPotion"},{"floor":7,"key":"FocusPotion"},{"floor":10,"key":"hexamod:SoulburnPotion"},{"floor":12,"key":"EntropicBrew"},{"floor":18,"key":"EntropicBrew"},{"floor":21,"key":"DuplicationPotion"},{"floor":25,"key":"ColorlessPotion"}],"is_trial":false,"path_per_floor":["M","T","M","$","M","R","E","M","T","M","?","E","?","?","R","B",null,"M","$","?","M","?","R","E","M","T","?","?","R","M","M","R","B"],"character_chosen":"DEFECT","items_purchased":["Orichalcum","Dramatic Entrance","Pen Nib"],"campfire_rested":5,"item_purchase_floors":[4,19,19],"current_hp_per_floor":[67,67,56,56,50,68,66,62,62,68,54,37,37,54,68,42,68,51,51,51,41,41,61,35,35,42,42,31,53,53,36,58,0,0],"gold":369,"neow_bonus":"ONE_RARE_RELIC","is_daily":false,"chose_seed":false,"campfire_upgraded":0,"win_rate":0.0,"timestamp":1611000020,"path_taken":["M","?","M","$","M","R","E","M","T","?","?","E","?","?","R","BOSS","M","$","?","M","?","R","E","M","T","?","?","R","M","M","R","BOSS"],"items_purchased_type":["Relic","Card","Relic"],"build_version":"2020-12-22","purchased_purges":0,"victory":false,"max_hp_per_floor":[68,68,68,68,68,68,68,68,68,68,68,68,68,68,68,68,68,68,68,68,68,68,68,68,68,75,75,75,75,75,75,75,75,75],"card_choices":[{"not_picked":["Double Energy","Lockon"],"picked":"Doom and Gloom","floor":1},{"not_picked":["Consume","FTL","Rebound"],"picked":"SKIP","floor":3},{"not_picked":["Beam Cell","Barrage","Doom and Gloom"],"picked":"SKIP","floor":5},{"not_picked":["Hologram","FTL","Rebound"],"picked":"SKIP","floor":7},{"not_picked":["Chaos","Aggregate"],"picked":"Self Repair","floor":8},{"not_picked":["Heatsinks","FTL"],"picked":"Coolheaded","floor":10},{"not_picked":["Recycle+1","Hologram+1"],"picked":"White Noise+1","floor":12},{"not_picked":["Echo Form","Core Surge"],"picked":"Electrodynamics","floor":16},{"not_picked":["Tempest+1","Turbo+1","Glacier+1"],"picked":"Melter+1","floor":18},{"not_picked":["Streamline","Skim+1","Static Discharge","Heatsinks"],"picked":"SKIP","floor":21},{"not_picked":["Redo+1","Storm+1","Steam Power+1"],"picked":"Rip and Tear+1","floor":24},{"not_picked":["Beam Cell","Reprogram+1","Hologram+1"],"picked":"Conserve Battery+1","floor":25},{"not_picked":["Scrape+1","Doom and Gloom","Reinforced Body+1"],"picked":"Glacier+1","floor":28},{"not_picked":["Hologram+1","Fusion+1","Beam Cell","Stack+1"],"picked":"SKIP","floor":30},{"not_picked":["Sweeping Beam+1","Barrage","Storm+1"],"picked":"Hello World+1","floor":31}],"player_experience":99681,"relics_obtained":[{"floor":2,"key":"War Paint"},{"floor":7,"key":"InkBottle"},{"floor":9,"key":"Omamori"},{"floor":12,"key":"Toxic Egg 2"},{"floor":17,"key":"Bag of Marbles"},{"floor":17,"key":"Question Card"},{"floor":17,"key":"Old Coin"},{"floor":24,"key":"Nunchaku"},{"floor":26,"key":"Strawberry"},{"floor":28,"key":"Red Mask"}],"event_choices":[{"damage_healed":0,"gold_gain":0,"player_choice":"Entered Light","damage_taken":14,"max_hp_gain":0,"max_hp_loss":0,"event_name":"Shining Light","floor":11,"gold_loss":0,"cards_upgraded":["Strike_B","Strike_B"]},{"damage_healed":0,"gold_gain":73,"player_choice":"Gained Gold","damage_taken":0,"max_hp_gain":0,"max_hp_loss":0,"event_name":"Golden Wing","floor":13,"gold_loss":0},{"damage_healed":17,"gold_gain":0,"player_choice":"Healed and dodged fight","damage_taken":0,"max_hp_gain":0,"max_hp_loss":0,"event_name":"Mushrooms","floor":14,"gold_loss":0,"cards_obtained":["Parasite"]},{"damage_healed":0,"gold_gain":0,"player_choice":"Obtained Relic","damage_taken":0,"relics_obtained":["Shuriken"],"max_hp_gain":0,"max_hp_loss":0,"event_name":"Addict","floor":20,"gold_loss":85},{"damage_healed":0,"gold_gain":0,"player_choice":"Ignored","damage_taken":0,"max_hp_gain":0,"max_hp_loss":0,"event_name":"The Mausoleum","floor":22,"gold_loss":0},{"damage_healed":0,"gold_gain":0,"player_choice":"Paid Gold","damage_taken":0,"relics_obtained":["Juzu Bracelet"],"max_hp_gain":0,"max_hp_loss":0,"event_name":"WeMeetAgain","floor":27,"gold_loss":57},{"damage_healed":0,"gold_gain":0,"player_choice":"Fought Bandits","damage_taken":0,"max_hp_gain":0,"max_hp_loss":0,"event_name":"Masked Bandits","floor":28,"gold_loss":0}],"is_beta":false,"boss_relics":[{"not_picked":["Runic Dome","Cursed Key"],"picked":"Calling Bell"}],"items_purged_floors":[],"is_endless":false,"potions_floor_spawned":[1,3,7,10,12,18,21,25],"killed_by":"Collector","ascension_level":0}}