{"host":"08z5bj28eube4vug","time":1611002704,"event":{"mods":["2.2 Compatiblity","Abigail Mod","Act Like it!","BaseMod","Beaked The Cultist","Bestiary","Friendly Minions","Gensokyo","GungeonMod","Hallownest","Kiyohime????","Koishi","Lobotomy","Marisa????????","Minty Spire (QoL Compilation)","Prisma Mod","Remilia??????","Replay The Spire","StSLib","Td1madao Mod","The Alterego","The Bug Knight","The Jungle","The Sage","The Senshi","The Servant 0.9.4","Waifu the Spire","WarShipGirlsR/????R mod","Yuri Mod"],"gold_per_floor":[120,120,136,153,153,153,164,164,190,3,3,3,66,78,78,78,78],"floor_reached":16,"language":"ENG","playtime":543,"items_purged":[],"score":124,"play_id":"2d75bf18-19e8-4a8e-a8d1-530dd4fd3871","local_time":"20210118234504","is_ascension_mode":true,"campfire_choices":[{"data":"alterego_mod:BigMeatyClaws","floor":6,"key":"SMITH"},{"data":"alterego_mod:Mirror","floor":8,"key":"SMITH"},{"data":"alterego_mod:Pet","floor":11,"key":"SMITH"},{"data":"alterego_mod:Impale","floor":15,"key":"SMITH"}],"circlet_count":0,"master_deck":["alterego_mod:Strike","alterego_mod:Strike","alterego_mod:Strike","alterego_mod:Strike+1","alterego_mod:Defend","alterego_mod:Defend","alterego_mod:Defend","alterego_mod:Defend","alterego_mod:Impale+1","alterego_mod:BigMeatyClaws+1","alterego_mod:BrynhildrsRune","alterego_mod:BiFurious","alterego_mod:Skirt+1","alterego_mod:Mirror+1","alterego_mod:Cooking","alterego_mod:Pet+1","alterego_mod:Pet","alterego_mod:Undulate"],"relics":["Ring of Chaos","Replay:Wax Seal","Anchor","SsserpentHead"],"acts_visited":["Exordium"],"potions_floor_usage":[3],"damage_taken":[{"damage":7,"enemies":"Jaw Worm","floor":1,"turns":7},{"damage":0,"enemies":"2 Louse","floor":3,"turns":1},{"damage":2,"enemies":"Cultist","floor":4,"turns":3},{"damage":6,"enemies":"2 Fungi Beasts","floor":7,"turns":2},{"damage":7,"enemies":"Large Slime","floor":13,"turns":4},{"damage":0,"enemies":"3 Louse","floor":14,"turns":2},{"damage":40,"enemies":"Slime Boss","floor":16,"turns":3}],"seed_played":"-8092562510287328232","potions_obtained":[{"floor":1,"key":"Explosive Potion"},{"floor":14,"key":"Toxic Potion"}],"is_trial":false,"path_per_floor":["M","?","M","M","?","R","M","R","T","$","R","?","M","M","R","B"],"character_chosen":"The_Alterego","items_purchased":["Anchor","alterego_mod:Pet"],"campfire_rested":0,"item_purchase_floors":[10,10],"current_hp_per_floor":[56,61,61,59,44,44,38,38,38,38,38,38,34,34,34,0,0],"gold":78,"neow_bonus":"BOSS_RELIC","is_daily":false,"chose_seed":false,"campfire_upgraded":4,"win_rate":0.0,"timestamp":1611002704,"path_taken":["M","?","M","M","?","R","M","R","T","$","R","?","?","M","R","BOSS"],"items_purchased_type":["Relic","Card"],"build_version":"2020-12-22","purchased_purges":0,"victory":false,"max_hp_per_floor":[70,75,75,75,75,75,75,75,75,75,75,75,75,75,75,75,75],"card_choices":[{"not_picked":["alterego_mod:Bloomers","alterego_mod:GoddessCore"],"picked":"alterego_mod:BiFurious","floor":1},{"not_picked":["alterego_mod:Cycle","alterego_mod:BiFurious"],"picked":"alterego_mod:Skirt","floor":3},{"not_picked":["alterego_mod:RidiculouslyBig","alterego_mod:MagicResistance"],"picked":"alterego_mod:Mirror","floor":4},{"not_picked":["alterego_mod:Clones","alterego_mod:Maid"],"picked":"alterego_mod:Cooking","floor":7},{"not_picked":["alterego_mod:Clones","alterego_mod:Skirt"],"picked":"alterego_mod:Undulate","floor":13},{"not_picked":["alterego_mod:SakuraFive","alterego_mod:DiscoLights","alterego_mod:SideboobHour"],"picked":"SKIP","floor":14}],"player_experience":814237,"relics_obtained":[{"floor":9,"key":"Replay:Wax Seal"}],"event_choices":[{"damage_healed":0,"gold_gain":0,"player_choice":"Donut","damage_taken":0,"max_hp_gain":5,"max_hp_loss":0,"event_name":"Big Fish","floor":2,"gold_loss":0},{"damage_healed":0,"gold_gain":0,"player_choice":"Entered Light","damage_taken":15,"max_hp_gain":0,"max_hp_loss":0,"event_name":"Shining Light","floor":5,"gold_loss":0,"cards_upgraded":["alterego_mod:Skirt","alterego_mod:Strike"]},{"damage_healed":0,"gold_gain":0,"player_choice":"Trade","damage_taken":0,"relics_obtained":["SsserpentHead"],"max_hp_gain":0,"max_hp_loss":0,"event_name":"FaceTrader","floor":12,"gold_loss":0}],"is_beta":false,"boss_relics":[],"items_purged_floors":[],"is_endless":false,"potions_floor_spawned":[1,14],"killed_by":"Slime Boss","ascension_level":7}}