{"host":"Qube","time":1611012538,"event":{"mods":["AchievementEnabler","BaseMod","Colored Map","Colored Powertips","Highlight Path","Minty Spire (QoL Compilation)","Permanent Neow","Quick Restart","Random Character Button","StSLib"],"gold_per_floor":[362,382,62,75,75,75,110,110,136,136,173,205,257,284,284,388,388,388,388],"floor_reached":18,"language":"ENG","playtime":653,"items_purged":["Doubt"],"score":340,"play_id":"ba2beb6a-5453-43d7-8008-b15e9a0d3014","local_time":"20210118152858","is_ascension_mode":true,"campfire_choices":[{"data":"Immolate","floor":6.0,"key":"SMITH"},{"floor":10.0,"key":"REST"},{"data":"Fire Breathing","floor":15.0,"key":"SMITH"}],"circlet_count":0,"master_deck":["AscendersBane","Strike_R","Strike_R","Strike_R","Strike_R","Strike_R","Defend_R","Defend_R","Defend_R","Defend_R","Bash","Body Slam","Havoc","Bludgeon+1","Good Instincts","Immolate+1","True Grit","Shrug It Off","Pommel Strike","Warcry","Fire Breathing+1","Offering"],"relics":["Black Blood","Art of War","Golden Idol","CeramicFish","Odd Mushroom","Juzu Bracelet"],"acts_visited":["Exordium","TheCity"],"potions_floor_usage":[16,16,18],"damage_taken":[{"damage":17.0,"enemies":"Cultist","floor":1.0,"turns":4.0},{"damage":10.0,"enemies":"Small Slimes","floor":2.0,"turns":4.0},{"damage":9.0,"enemies":"2 Louse","floor":4.0,"turns":3.0},{"damage":5.0,"enemies":"3 Sentries","floor":7.0,"turns":4.0},{"damage":0.0,"enemies":"The Mushroom Lair","floor":11.0,"turns":1.0},{"damage":0.0,"enemies":"Exordium Thugs","floor":12.0,"turns":1.0},{"damage":28.0,"enemies":"Gremlin Nob","floor":13.0,"turns":4.0},{"damage":6.0,"enemies":"3 Louse","floor":14.0,"turns":3.0},{"damage":48,"enemies":"Hexaghost","floor":16,"turns":11},{"damage":10,"enemies":"Spheric Guardian","floor":18,"turns":3}],"seed_played":"-4808465596811534746","potions_obtained":[{"floor":4.0,"key":"Dexterity Potion"},{"floor":7.0,"key":"DuplicationPotion"},{"floor":13.0,"key":"BloodPotion"},{"floor":14.0,"key":"SpeedPotion"},{"floor":16,"key":"SneckoOil"}],"is_trial":false,"path_per_floor":["M","M","$","M","?","R","E","?","T","R","?","M","E","M","R","B",null,"M"],"character_chosen":"IRONCLAD","items_purchased":["Bludgeon","Good Instincts"],"campfire_rested":1,"item_purchase_floors":[3,3],"current_hp_per_floor":[57,53,53,50,50,50,51,25,25,47,53,59,37,37,37,10,59,49,49],"gold":388,"neow_bonus":"TWO_FIFTY_GOLD","is_daily":false,"chose_seed":false,"campfire_upgraded":2,"win_rate":0.0,"timestamp":1611012538,"path_taken":["M","M","$","M","?","R","E","?","T","R","?","M","E","M","R","BOSS","M"],"items_purchased_type":["Card","Card"],"build_version":"2020-12-18","purchased_purges":1,"victory":false,"max_hp_per_floor":[75,75,75,75,75,75,75,75,75,75,75,75,75,75,75,75,75,75,75],"card_choices":[{"not_picked":["Havoc","Intimidate"],"picked":"Body Slam","floor":1.0},{"not_picked":["Flex","Sever Soul"],"picked":"Havoc","floor":2.0},{"not_picked":["Infernal Blade","Evolve"],"picked":"Immolate","floor":4.0},{"not_picked":["Wild Strike","Spot Weakness"],"picked":"True Grit","floor":7.0},{"not_picked":["Iron Wave","Flex"],"picked":"Shrug It Off","floor":11.0},{"not_picked":["Iron Wave","Berserk"],"picked":"Pommel Strike","floor":12.0},{"not_picked":["Anger","Whirlwind"],"picked":"Warcry","floor":13.0},{"not_picked":["Anger","Perfected Strike"],"picked":"Fire Breathing","floor":14.0},{"not_picked":["Demon Form","Juggernaut"],"picked":"Offering","floor":16}],"player_experience":930231,"relics_obtained":[{"floor":7.0,"key":"Art of War"},{"floor":9.0,"key":"CeramicFish"},{"floor":11.0,"key":"Odd Mushroom"},{"floor":13.0,"key":"Juzu Bracelet"}],"event_choices":[{"damage_healed":0.0,"max_hp_gain":0.0,"max_hp_loss":0.0,"gold_gain":0.0,"event_name":"Living Wall","player_choice":"Grow","floor":5.0,"gold_loss":0.0,"damage_taken":0.0,"cards_upgraded":["Bludgeon"]},{"damage_healed":0.0,"max_hp_gain":0.0,"max_hp_loss":0.0,"gold_gain":0.0,"event_name":"Golden Idol","player_choice":"Take Damage","floor":8.0,"gold_loss":0.0,"damage_taken":26.0,"relics_obtained":["Golden Idol"]},{"damage_healed":0.0,"max_hp_gain":0.0,"max_hp_loss":0.0,"gold_gain":0.0,"event_name":"Mushrooms","player_choice":"Fought Mushrooms","floor":11.0,"gold_loss":0.0,"damage_taken":0.0}],"is_beta":true,"boss_relics":[{"not_picked":["Busted Crown","Calling Bell"],"picked":"Black Blood"}],"items_purged_floors":[3],"is_endless":false,"potions_floor_spawned":[4,7,13,14,16],"killed_by":"Spheric Guardian","ascension_level":20}}