{"host":"2cseu44fjxeibv3f","time":1611011135,"event":{"mods":["BaseMod","Better Third Choice","BetterRewards","Colored Powertips","Curses Come First","Energized Spire","Friendly Minions","Googly Eyes","GungeonMod","Halation","Hubris","Infinite Spire","Mimic Mod","Minty Spire (QoL Compilation)","Relic Stats","Replay The Spire","Spicy Shops","Spire Arcade","StS++","StSLib","The Cursed","The Exalted","The Jungle","The Necromancer","The Servant 0.9.4"],"gold_per_floor":[116,66,66,81,161,191,208,228,228,228,8,8,43,4,4,101,101,117,117,117,132,149,178,178,206,281,292,292,312,322,333,333,433,433,460,460,460,460,494,494,531,531,554,200,200,139,179,115,115,115],"floor_reached":51,"language":"ENG","playtime":2680,"items_purged":["Spreading Infection"],"score":1099,"play_id":"40a7a7bb-f444-4f28-acf4-81f4ead354be","local_time":"20210118180535","is_ascension_mode":false,"campfire_choices":[{"floor":10,"key":"DIG"},{"data":"TheCursedMod:CircleOfFlame","floor":15,"key":"SMITH"},{"data":"TheCursedMod:DarkBarrier","floor":24,"key":"SMITH"},{"data":"TheCursedMod:CollectTribute","floor":32,"key":"SMITH"},{"data":"hubris:InfiniteBlow+3","floor":40,"key":"SMITH"},{"data":"hubris:InfiniteBlow+4","floor":42,"key":"SMITH"},{"data":"hubris:InfiniteBlow+5","floor":49,"key":"SMITH"}],"circlet_count":0,"master_deck":["TheCursedMod:Strike_TheCursed","TheCursedMod:Strike_TheCursed","TheCursedMod:Strike_TheCursed","TheCursedMod:Defend_TheCursed","TheCursedMod:Defend_TheCursed","TheCursedMod:Defend_TheCursed","TheCursedMod:Defend_TheCursed","TheCursedMod:CursedWand","TheCursedMod:CleanUpWorkshop","TheCursedMod:Dregs","TheCursedMod:DarkBarrier+1","TheCursedMod:CursedBlade","TheCursedMod:TacticalStrike","TheCursedMod:CircleOfCorruption+1","TheCursedMod:CircleOfFlame+1","TheCursedMod:Wield","TheCursedMod:SpitefulStrike","TheCursedMod:CircleOfBlood","TheCursedMod:Hemoplague+1","TheCursedMod:Wield","TheCursedMod:CircleOfAbyss","TheCursedMod:CircleOfAbyss","TheCursedMod:CursedBlade","TheCursedMod:CursedAmulet","TheCursedMod:VoidForm","hubris:Disease","TheCursedMod:CircleOfCorruption","TheCursedMod:CollectTribute+1","hubris:Greed","TheCursedMod:CollectTribute","Voices","Parasite","hubris:Greed","TheCursedMod:CircleOfWindfury+1","infinitespire:NeuralNetwork","hubris:InfiniteBlow+6","hubris:Greed","TheCursedMod:SurpriseAttack","hubris:Greed","TheCursedMod:CursedShiv","TheCursedMod:ManaBullet","TheCursedMod:FleshFromBone","TheCursedMod:Hemoplague","TheCursedMod:Hemoplague","Pot Of Greed","Pot Of Greed","Pot Of Greed","Pot Of Greed","TheCursedMod:SurpriseAttack","TheCursedMod:SurpriseAttack+1","Pot Of Greed","TheCursedMod:CursedBoomerang+1"],"relics":["TheCursedMod:BlackMagic101","Ring of Fangs","InkBottle","Replay:Multitool","DemoMod:BlueGuonStone","DemoMod:PinkGuonStone","Membership Card","halation:LostSnail","infinitespire:PuzzleCube","halation:NonexistentMirror","Bromod:ArcaneEnergize","DemoMod:GlassGuonStoneRelic","hubris:Towel","DemoMod:GreenGuonStone","Oddly Smooth Stone","hubris:PeanutButter","Boot","infinitespire:ShieldingShard","Replay:Towering Pillar of Hats","halation:TrafficLight","Replay:Wax Seal","Du-Vu Doll","halation:Thesaurus","ChewingGum","Frozen Eye","Grinning Jar"],"acts_visited":["Exordium","TheCity","TheBeyond"],"potions_floor_usage":[16,16],"damage_taken":[{"damage":0,"enemies":"2 Louse","floor":1,"turns":2},{"damage":5,"enemies":"Jaw Worm","floor":4,"turns":3},{"damage":8,"enemies":"3 Sentries","floor":6,"turns":6},{"damage":1,"enemies":"Cultist","floor":7,"turns":4},{"damage":0,"enemies":"Looter","floor":8,"turns":2},{"damage":10,"enemies":"Gremlin Nob","floor":13,"turns":4},{"damage":6,"enemies":"The Guardian","floor":16,"turns":7},{"damage":0,"enemies":"Spheric Guardian","floor":18,"turns":3},{"damage":0,"enemies":"3 Byrds","floor":21,"turns":2},{"damage":0,"enemies":"Snake Plant","floor":22,"turns":3},{"damage":0,"enemies":"Replay:Snechameleon","floor":23,"turns":4},{"damage":0,"enemies":"Slavers","floor":25,"turns":3},{"damage":0,"enemies":"Cultist and Chosen","floor":27,"turns":4},{"damage":0,"enemies":"Centurion and Healer","floor":29,"turns":5},{"damage":0,"enemies":"3 Cultists","floor":30,"turns":3},{"damage":0,"enemies":"Snake Plant","floor":31,"turns":3},{"damage":0,"enemies":"Champ","floor":33,"turns":7},{"damage":0,"enemies":"Orb Walker","floor":35,"turns":3},{"damage":0,"enemies":"3 Darklings","floor":39,"turns":3},{"damage":0,"enemies":"Sphere and 2 Shapes","floor":41,"turns":4},{"damage":0,"enemies":"Transient","floor":46,"turns":5},{"damage":0,"enemies":"4 Shapes","floor":47,"turns":1},{"damage":0,"enemies":"Maw","floor":48,"turns":4},{"damage":0,"enemies":"Time Eater","floor":50,"turns":6}],"seed_played":"5180449295040407606","potions_obtained":[{"floor":1,"key":"DistilledChaos"},{"floor":7,"key":"BlessingOfTheForge"},{"floor":13,"key":"LiquidMemories"},{"floor":18,"key":"ColorlessPotion"},{"floor":21,"key":"Adrenaline Potion"},{"floor":23,"key":"Swift Potion"},{"floor":29,"key":"StSpp:InhibitionPotion"}],"is_trial":false,"path_per_floor":["M","?","?","M","T","E","M","M","T","R","$","R","E","$","R","B",null,"M","?","?","M","M","E","R","E","T","M","?","M","M","M","R","B",null,"M","?","?","AVR","M","R","M","R","T","$","?","M","M","M","R","B",null],"character_chosen":"THE_CURSED","items_purchased":["TheCursedMod:CursedBlade","TheCursedMod:TacticalStrike","Membership Card","halation:LostSnail","TheCursedMod:Hemoplague+1","halation:NonexistentMirror","Replay:Wax Seal","Du-Vu Doll","halation:Thesaurus","TheCursedMod:ManaBullet","TheCursedMod:FleshFromBone","TheCursedMod:Hemoplague","Frozen Eye","Grinning Jar"],"campfire_rested":0,"item_purchase_floors":[0,0,11,11,11,14,44,44,44,44,44,44,44,44],"current_hp_per_floor":[70,70,70,65,65,57,56,56,56,63,63,77,67,67,67,69,77,77,77,77,77,77,77,77,77,77,77,77,77,77,77,77,77,77,77,77,57,57,63,63,71,71,71,71,71,77,77,77,77,77],"gold":115,"neow_bonus":"","is_daily":false,"chose_seed":false,"campfire_upgraded":6,"win_rate":0.0,"timestamp":1611011135,"path_taken":["M","?","?","M","?","E","?","M","T","R","$","R","E","$","R","BOSS","M","?","?","M","M","E","R","E","T","M","?","M","?","M","R","BOSS","M","?","?","AVR","M","R","M","R","T","$","?","M","M","M","R","BOSS"],"items_purchased_type":["Card","Card","Relic","Relic","Card","Relic","Relic","Relic","Relic","Card","Card","Card","Relic","Relic"],"build_version":"2020-12-22","purchased_purges":1,"victory":true,"max_hp_per_floor":[70,70,70,70,70,70,70,70,70,77,77,77,77,77,77,77,77,77,77,77,77,77,77,77,77,77,77,77,77,77,77,77,77,77,77,77,77,77,77,77,77,77,77,77,77,77,77,77,77,77],"relic_stats":{"counters":[24,91],"Boot":[10],"obtain_stats":[{"DemoMod:GreenGuonStone":23,"DemoMod:BlueGuonStone":9,"halation:TrafficLight":38,"DemoMod:GlassGuonStoneRelic":1,"Replay:Multitool":6,"Boot":34,"Frozen Eye":44,"Ring of Fangs":3,"infinitespire:ShieldingShard":34,"Replay:Wax Seal":44,"InkBottle":5,"TheCursedMod:BlackMagic101":0,"Replay:Towering Pillar of Hats":34,"Oddly Smooth Stone":25,"DemoMod:PinkGuonStone":10,"Replay:Ancient Bell":34,"halation:Thesaurus":44,"hubris:Towel":20,"Du-Vu Doll":44,"halation:NonexistentMirror":14,"Bromod:ArcaneEnergize":17,"hubris:PeanutButter":26,"ChewingGum":44,"Membership Card":11,"halation:LostSnail":11,"Grinning Jar":44,"infinitespire:PuzzleCube":13},{"DemoMod:GreenGuonStone":11,"DemoMod:BlueGuonStone":5,"halation:TrafficLight":18,"DemoMod:GlassGuonStoneRelic":1,"Replay:Multitool":3,"Boot":17,"Frozen Eye":20,"Ring of Fangs":1,"infinitespire:ShieldingShard":17,"Replay:Wax Seal":20,"InkBottle":2,"TheCursedMod:BlackMagic101":0,"Replay:Towering Pillar of Hats":17,"Oddly Smooth Stone":12,"DemoMod:PinkGuonStone":5,"Replay:Ancient Bell":17,"halation:Thesaurus":20,"hubris:Towel":8,"Du-Vu Doll":20,"halation:NonexistentMirror":6,"Bromod:ArcaneEnergize":7,"hubris:PeanutButter":12,"ChewingGum":20,"Membership Card":5,"halation:LostSnail":5,"Grinning Jar":20,"infinitespire:PuzzleCube":6},{"DemoMod:GreenGuonStone":40,"DemoMod:BlueGuonStone":17,"halation:TrafficLight":68,"DemoMod:GlassGuonStoneRelic":2,"Replay:Multitool":11,"Boot":65,"Frozen Eye":75,"Ring of Fangs":2,"infinitespire:ShieldingShard":65,"Replay:Wax Seal":75,"InkBottle":5,"TheCursedMod:BlackMagic101":0,"Replay:Towering Pillar of Hats":65,"Oddly Smooth Stone":43,"DemoMod:PinkGuonStone":17,"Replay:Ancient Bell":65,"halation:Thesaurus":75,"hubris:Towel":31,"Du-Vu Doll":75,"halation:NonexistentMirror":21,"Bromod:ArcaneEnergize":28,"hubris:PeanutButter":43,"ChewingGum":75,"Membership Card":17,"halation:LostSnail":17,"Grinning Jar":75,"infinitespire:PuzzleCube":21}],"InkBottle":[29]},"card_choices":[{"not_picked":["TheCursedMod:Evocation","TheCursedMod:PrepareRite"],"picked":"TheCursedMod:CircleOfCorruption","floor":1},{"not_picked":["TheCursedMod:BlessingInDisguise","TheCursedMod:SurpriseAttack"],"picked":"TheCursedMod:CircleOfFlame","floor":4},{"not_picked":["TheCursedMod:WearCloak","TheCursedMod:CircleOfAmplification"],"picked":"TheCursedMod:Wield","floor":6},{"not_picked":["TheCursedMod:VitalStrike","TheCursedMod:Torture"],"picked":"TheCursedMod:SpitefulStrike","floor":7},{"not_picked":["TheCursedMod:DoubleShield","TheCursedMod:ManaBullet"],"picked":"TheCursedMod:CircleOfBlood","floor":8},{"not_picked":["TheCursedMod:CircleOfWindfury","TheCursedMod:Obscuration"],"picked":"TheCursedMod:Wield","floor":13},{"not_picked":["TheCursedMod:ManaCirculation","TheCursedMod:UltimatePain"],"picked":"TheCursedMod:CircleOfAbyss","floor":16},{"not_picked":["TheCursedMod:VitalStrike+1","TheCursedMod:PrepareRite"],"picked":"TheCursedMod:CursedBlade","floor":18},{"not_picked":["TheCursedMod:TroublousMinions","TheCursedMod:RavingStaff","TheCursedMod:PrepareRite"],"picked":"SKIP","floor":21},{"not_picked":["TheCursedMod:CursedBlade+1","TheCursedMod:CursedArmor","TheCursedMod:BlessingInDisguise"],"picked":"SKIP","floor":22},{"not_picked":["TheCursedMod:Grudge","TheCursedMod:CursedArmor"],"picked":"TheCursedMod:CursedAmulet","floor":23},{"not_picked":["TheCursedMod:SpitefulPray","TheCursedMod:CircleOfFocus+1","TheCursedMod:Grudge"],"picked":"SKIP","floor":25},{"not_picked":["TheCursedMod:TacticalStrike","TheCursedMod:CursedSpellbook"],"picked":"TheCursedMod:VoidForm","floor":27},{"not_picked":["TheCursedMod:CursedBoomerang+1","TheCursedMod:TacticalStrike"],"picked":"TheCursedMod:CircleOfCorruption","floor":29},{"not_picked":["TheCursedMod:TroublousMinions","TheCursedMod:CircleOfFlame","TheCursedMod:Grudge"],"picked":"SKIP","floor":30},{"not_picked":["TheCursedMod:Obscuration","TheCursedMod:CircleOfAmplification"],"picked":"TheCursedMod:CollectTribute","floor":31},{"not_picked":["TheCursedMod:ManaCirculation","TheCursedMod:ShockAndAwe"],"picked":"TheCursedMod:CollectTribute","floor":33},{"not_picked":["Writhe","Looming Evil"],"picked":"Voices","floor":34},{"not_picked":["hubris:Despair","Parasite"],"picked":"Spreading Infection","floor":34},{"not_picked":["hubris:Envy","hubris:Despair"],"picked":"Parasite","floor":34},{"not_picked":["TheCursedMod:Torture+1","TheCursedMod:CursedAmulet"],"picked":"TheCursedMod:CircleOfWindfury+1","floor":35},{"not_picked":["Replay:Fractal Strike","infinitespire:Starlight"],"picked":"infinitespire:NeuralNetwork","floor":37},{"not_picked":["TheCursedMod:VitalStrike+1","TheCursedMod:RavingStaff+1"],"picked":"TheCursedMod:SurpriseAttack","floor":39},{"not_picked":["TheCursedMod:SpreadPlague+1","TheCursedMod:ForbiddenAlchemy"],"picked":"TheCursedMod:CursedShiv","floor":41},{"not_picked":["TheCursedMod:Mangle","TheCursedMod:SmokeScreen"],"picked":"TheCursedMod:SurpriseAttack","floor":46},{"not_picked":["TheCursedMod:SpitefulStrike+1","TheCursedMod:SpreadPlague+1"],"picked":"TheCursedMod:SurpriseAttack+1","floor":47},{"not_picked":["TheCursedMod:CursedMace","TheCursedMod:CircleOfAmplification+1"],"picked":"TheCursedMod:CursedBoomerang+1","floor":48}],"player_experience":152489,"relics_obtained":[{"floor":3,"key":"Ring of Fangs"},{"floor":5,"key":"InkBottle"},{"floor":6,"key":"Replay:Multitool"},{"floor":9,"key":"DemoMod:BlueGuonStone"},{"floor":10,"key":"DemoMod:PinkGuonStone"},{"floor":13,"key":"infinitespire:PuzzleCube"},{"floor":23,"key":"DemoMod:GreenGuonStone"},{"floor":25,"key":"Oddly Smooth Stone"},{"floor":26,"key":"hubris:PeanutButter"}],"event_choices":[{"cards_removed":["TheCursedMod:Strike_TheCursed"],"damage_healed":0,"gold_gain":0,"player_choice":"Card Removal","damage_taken":0,"max_hp_gain":0,"max_hp_loss":0,"event_name":"The Cleric","floor":2,"gold_loss":50},{"damage_healed":0,"gold_gain":0,"cards_transformed":["Overencumbered"],"player_choice":"Transformed","damage_taken":0,"max_hp_gain":0,"max_hp_loss":0,"event_name":"Transmorgrifier","floor":28,"gold_loss":0,"cards_obtained":["hubris:Disease"]},{"damage_healed":0,"gold_gain":0,"player_choice":"Ignored","damage_taken":0,"max_hp_gain":0,"max_hp_loss":0,"event_name":"Tomb of Lord Red Mask","floor":36,"gold_loss":0},{"cards_removed":["TheCursedMod:CursedBlade"],"damage_healed":0,"gold_gain":0,"player_choice":"Removed Attack","damage_taken":0,"max_hp_gain":0,"max_hp_loss":0,"event_name":"Falling","floor":45,"gold_loss":0}],"is_beta":false,"boss_relics":[{"not_picked":["Empty Cage","energizedSpire:SpiderWeb"],"picked":"Bromod:ArcaneEnergize"},{"not_picked":["StSpp:PileOfSugar","hubris:ScarierMask"],"picked":"Replay:Ancient Bell"},{"not_picked":["Simple Rune","halation:AfternoonTea"],"picked":"Boot"},{"not_picked":["hubris:Reverence","hubris:DeckOfHolding"],"picked":"infinitespire:ShieldingShard"},{"not_picked":["halation:OrihimeAndHikoboshiSamaAndTears","infinitespire:Lychee Nut"],"picked":"Replay:Towering Pillar of Hats"}],"items_purged_floors":[38],"is_endless":false,"potions_floor_spawned":[1,7,13,18,21,23,29,30,35,46,48],"ascension_level":0}}