{"host":"6ve8qn5s1am4lo6s","time":1611012327,"event":{"mods":["AchievementEnabler","BaseMod","Better Altar","Better Match","Better Note","Better Vampires","BetterRewards","CapriCore","Displayed Cursed Tome","Evolution","Minty Spire (QoL Compilation)","Permanent Neow","Relic Stats","StSLib","The Animator"],"gold_per_floor":[111,130,130,150,2,2,32,32,32,42,61,61,61,61,61,164,164,176,194,194,213,213,213,241,241,241,254,83,94,12,44,44,149,149,168,168,183,203,52,82,82,109,109,109,159,159,207,53,53,53,53,53,436,486,541,541,541,134,209,289,297,45,140,140,140,140,255,255,255,255],"floor_reached":69,"language":"ENG","playtime":7032,"items_purged":["Pain"],"score":999,"play_id":"c6710191-1e0c-44a0-bccf-df95098d302f","local_time":"20210118182527","is_ascension_mode":false,"campfire_choices":[{"data":"Mayhem","floor":6,"key":"SMITH"},{"data":"ForeignInfluence","floor":8,"key":"SMITH"},{"floor":12,"key":"REST"},{"data":"Study","floor":15,"key":"SMITH"},{"floor":23,"key":"RECALL"},{"floor":25,"key":"REST"},{"data":"Omniscience","floor":32,"key":"SMITH"},{"floor":41,"key":"REST"},{"data":"Omniscience","floor":44,"key":"SMITH"},{"data":"Omniscience","floor":46,"key":"SMITH"},{"data":"Vigilance","floor":49,"key":"SMITH"},{"data":"Madness","floor":52,"key":"SMITH"},{"floor":66,"key":"REST"},{"floor":68,"key":"REST"}],"circlet_count":0,"master_deck":["Strike_P+1","Strike_P+1","Defend_P+1","Defend_P+1","Defend_P+1","Eruption+1","Vigilance+1","Mayhem+1","Study+1","FlyingSleeves+1","BattleHymn+1","ForeignInfluence+1","JustLucky+1","ThirdEye+1","Omniscience+1","Collect+1","Mayhem+1","Wallop+1","WindmillStrike+1","Establishment+1","Panache+1","BattleHymn+1","Nirvana+1","Omniscience+1","ForeignInfluence+1","Madness+1","Madness+1","Omniscience+1","Prostrate+1","Meditate+1","Protect+1","Devotion+1","Apotheosis+1","Vault+1"],"relics":["animator:TheEruzaStone","animator:AncientMedallion"],"acts_visited":["Exordium","TheCity","TheBeyond","TheEnding","EYB:TheUnnamedReign"],"potions_floor_usage":[7,31,60,60,67,67,67,69],"damage_taken":[{"damage":1.0,"enemies":"Jaw Worm","floor":1.0,"turns":6.0},{"damage":0.0,"enemies":"Cultist","floor":2.0,"turns":3.0},{"damage":12.0,"enemies":"Small Slimes","floor":4.0,"turns":3.0},{"damage":5,"enemies":"Lagavulin","floor":7,"turns":4},{"damage":1,"enemies":"3 Louse","floor":10,"turns":2},{"damage":0,"enemies":"2 Fungi Beasts","floor":11,"turns":1},{"damage":3,"enemies":"Slime Boss","floor":16,"turns":7},{"damage":0,"enemies":"Spheric Guardian","floor":18,"turns":5},{"damage":6,"enemies":"2 Thieves","floor":19,"turns":4},{"damage":12,"enemies":"Centurion and Healer","floor":21,"turns":3},{"damage":44,"enemies":"Slavers","floor":24,"turns":6},{"damage":8,"enemies":"Sentry and Sphere","floor":27,"turns":3},{"damage":15,"enemies":"Snecko","floor":29,"turns":3},{"damage":12,"enemies":"Gremlin Leader","floor":31,"turns":6},{"damage":17,"enemies":"Automaton","floor":33,"turns":6},{"damage":0,"enemies":"Orb Walker","floor":35,"turns":3},{"damage":18,"enemies":"3 Shapes","floor":37,"turns":3},{"damage":22,"enemies":"Jaw Worm Horde","floor":38,"turns":3},{"damage":10,"enemies":"Giant Head","floor":40,"turns":5},{"damage":10,"enemies":"Reptomancer","floor":42,"turns":4},{"damage":0,"enemies":"Mind Bloom Boss Battle","floor":45,"turns":3},{"damage":0,"enemies":"Donu and Deca","floor":50,"turns":5},{"damage":0,"enemies":"animator:UNNAMED_HAT","floor":54,"turns":6},{"damage":0,"enemies":"animator:UNNAMED_CULTIST_1","floor":55,"turns":4},{"damage":0,"enemies":"animator:TRIPLE_LAGAVULIN","floor":59,"turns":5},{"damage":11,"enemies":"animator:UNNAMED_CULTIST_2","floor":60,"turns":6},{"damage":77,"enemies":"animator:ULTIMATE_CUBE","floor":63,"turns":9},{"damage":26,"enemies":"animator:ULTIMATE_WISP","floor":67,"turns":8},{"damage":116,"enemies":"animator:TheUnnamed","floor":69,"turns":6}],"seed_played":"-6749978284757326551","potions_obtained":[{"floor":1.0,"key":"Energy Potion"},{"floor":2.0,"key":"AttackPotion"},{"floor":11,"key":"DuplicationPotion"},{"floor":54,"key":"animator:FalseLifePotion"},{"floor":55,"key":"animator:FalseLifePotion"},{"floor":59,"key":"animator:FalseLifePotion"},{"floor":60,"key":"animator:FalseLifePotion"},{"floor":63,"key":"animator:FalseLifePotion"},{"floor":67,"key":"animator:FalseLifePotion"}],"is_trial":false,"path_per_floor":["M","M","?","M","$","R","E","R","T","M","M","R","?","$","R","B",null,"M","M","?","M","?","R","E","R","T","M","$","M","$","E","R","B",null,"M","?","M","M","$","E","R","E","T","R","?","R","T","$","R","B",null,"R","??","M","M","T","?","$","M","M","?","$","E","T","?","R","E","R","B"],"character_chosen":"WATCHER","items_purchased":["Matryoshka","Mayhem","Study","Strange Spoon","FlyingSleeves","Lantern","Panache","Nirvana","Omniscience","Meditate+1","Apotheosis","animator:AncientMedallion","animator:AncientMedallion"],"campfire_rested":5,"item_purchase_floors":[0,0,0,0,0,5,28,30,39,48,58,58,62],"current_hp_per_floor":[35,35,35,23,23,23,18,18,18,17,17,38,24,24,24,21,72,72,66,66,54,54,54,10,31,31,23,38,23,38,26,26,9,72,72,63,45,23,38,28,49,39,39,39,39,39,39,54,54,54,72,72,100,100,100,100,100,100,100,89,89,89,16,16,16,46,32,62,0,0],"gold":255,"neow_bonus":"","is_daily":false,"chose_seed":false,"campfire_upgraded":8,"win_rate":0.0,"timestamp":1611012327,"path_taken":["M","M","?","M","$","R","E","R","T","M","?","R","?","$","R","BOSS","M","M","?","M","?","R","E","R","T","?","$","M","?","E","R","BOSS","M","?","M","M","$","E","R","E","T","R","?","R","?","$","R","BOSS","R","??","M","M","T","?","$","M","M","?","$","E","T","?","R","E","R","BOSS"],"items_purchased_type":["Relic","Card","Card","Relic","Card","Relic","Card","Card","Card","Card","Card","Relic","Relic"],"build_version":"2020-12-22","purchased_purges":1,"victory":false,"max_hp_per_floor":[72,72,72,72,72,72,72,72,72,72,72,72,72,72,72,72,72,72,72,72,72,72,72,72,72,72,72,72,72,72,72,72,72,72,72,72,72,72,72,72,72,72,72,72,72,72,72,72,72,72,72,72,100,100,100,100,100,100,100,100,100,100,100,100,100,100,100,100,100,100],"relic_stats":{"counters":[126,528],"obtain_stats":[{"Calipers":40,"Gremlin Horn":14,"Vajra":44,"EVO:Axolotl":0,"Whetstone":25,"Boot":45,"Old Coin":31,"Blood Vial":10,"Sozu":17,"Centennial Puzzle":28,"HornCleat":1,"Sundial":28,"MealTicket":11,"Prayer Wheel":30,"Philosopher\u0027s Stone":34,"Toxic Egg 2":41,"Pear":43,"Happy Flower":4,"Blue Candle":48,"Oddly Smooth Stone":39,"Charon\u0027s Ashes":45,"animator:TheEruzaStone":53,"Letter Opener":27,"Paper Crane":9,"War Paint":42,"animator:CerealBox":0,"WarpedTongs":10,"Du-Vu Doll":0,"SlaversCollar":34,"Bottled Flame":41,"Shuriken":4,"Bronze Scales":38,"Molten Egg 2":23,"Black Star":17,"animator:HeavyHalberd":0,"Unceasing Top":8,"Meat on the Bone":22,"Pocketwatch":42,"Darkstone Periapt":0,"animator:ShionDessert":44,"Lantern":47,"Torii":4,"animator:TheMissingPiece":0,"StoneCalendar":40,"Mango":44,"Bag of Preparation":14,"Juzu Bracelet":0,"Cursed Key":0,"Smiling Mask":5,"Ancient Tea Set":27,"PrismaticShard":0,"Empty Cage":34,"Nunchaku":29,"Shovel":18,"Matryoshka":0,"animator:AncientMedallion":53,"Mummified Hand":26,"Tiny Chest":30,"WingedGreaves":0,"animator:HallowedScabbard":26,"animator:VividPicture":17,"Red Skull":36,"Paper Frog":31,"Potion Belt":37,"animator:Buoy":44,"Lee\u0027s Waffle":25,"Damaru":9,"Thread and Needle":41,"The Courier":3,"PreservedInsect":35,"Frozen Egg 2":46,"Medical Kit":44,"MawBank":46,"White Beast Statue":21,"Peace Pipe":0,"Strange Spoon":0,"animator:TheEgnaroPiece":53,"Anchor":30,"Ornamental Fan":23,"animator:EngravedStaff":25,"animator:LivingPicture":0,"Turnip":0,"Art of War":12,"Bag of Marbles":19,"Bottled Lightning":20,"Champion Belt":0,"PureWater":0,"FossilizedHelix":6,"TungstenRod":48,"Toy Ornithopter":49},{"Calipers":29,"Gremlin Horn":67,"Vajra":31,"EVO:Axolotl":0,"Whetstone":18,"Boot":32,"Old Coin":23,"Blood Vial":7,"Sozu":68,"Centennial Puzzle":20,"HornCleat":1,"Sundial":20,"MealTicket":8,"Prayer Wheel":22,"Philosopher\u0027s Stone":24,"Toxic Egg 2":53,"Pear":31,"Happy Flower":37,"Blue Candle":34,"Oddly Smooth Stone":28,"Charon\u0027s Ashes":32,"animator:TheEruzaStone":119,"Letter Opener":19,"Paper Crane":6,"War Paint":31,"animator:CerealBox":35,"WarpedTongs":64,"Du-Vu Doll":0,"SlaversCollar":49,"Bottled Flame":30,"Shuriken":3,"Bronze Scales":27,"Molten Egg 2":17,"Black Star":11,"animator:HeavyHalberd":0,"Unceasing Top":6,"Meat on the Bone":16,"Pocketwatch":31,"Darkstone Periapt":0,"animator:ShionDessert":31,"Lantern":33,"Torii":77,"animator:TheMissingPiece":0,"StoneCalendar":29,"Mango":31,"Bag of Preparation":10,"Juzu Bracelet":60,"Cursed Key":0,"Smiling Mask":4,"Ancient Tea Set":19,"PrismaticShard":76,"Empty Cage":112,"Nunchaku":21,"Shovel":12,"Matryoshka":97,"animator:AncientMedallion":57,"Mummified Hand":18,"Tiny Chest":47,"WingedGreaves":35,"animator:HallowedScabbard":72,"animator:VividPicture":41,"Red Skull":26,"Paper Frog":23,"Potion Belt":27,"animator:Buoy":31,"Lee\u0027s Waffle":87,"Damaru":101,"Thread and Needle":30,"The Courier":2,"PreservedInsect":25,"Frozen Egg 2":33,"Medical Kit":31,"MawBank":33,"White Beast Statue":15,"Peace Pipe":35,"Strange Spoon":97,"animator:TheEgnaroPiece":57,"Anchor":74,"Ornamental Fan":17,"animator:EngravedStaff":18,"animator:LivingPicture":0,"Turnip":97,"Art of War":9,"Bag of Marbles":13,"Bottled Lightning":14,"Champion Belt":60,"PureWater":0,"FossilizedHelix":5,"TungstenRod":34,"Toy Ornithopter":34},{"Calipers":94,"Gremlin Horn":283,"Vajra":99,"EVO:Axolotl":0,"Whetstone":66,"Boot":102,"Old Coin":80,"Blood Vial":24,"Sozu":288,"Centennial Puzzle":72,"HornCleat":3,"Sundial":72,"MealTicket":28,"Prayer Wheel":77,"Philosopher\u0027s Stone":84,"Toxic Egg 2":189,"Pear":99,"Happy Flower":112,"Blue Candle":104,"Oddly Smooth Stone":91,"Charon\u0027s Ashes":102,"animator:TheEruzaStone":485,"Letter Opener":69,"Paper Crane":19,"War Paint":99,"animator:CerealBox":105,"WarpedTongs":272,"Du-Vu Doll":0,"SlaversCollar":173,"Bottled Flame":97,"Shuriken":8,"Bronze Scales":88,"Molten Egg 2":64,"Black Star":39,"animator:HeavyHalberd":0,"Unceasing Top":19,"Meat on the Bone":59,"Pocketwatch":99,"Darkstone Periapt":0,"animator:ShionDessert":99,"Lantern":103,"Torii":323,"animator:TheMissingPiece":0,"StoneCalendar":94,"Mango":99,"Bag of Preparation":33,"Juzu Bracelet":251,"Cursed Key":0,"Smiling Mask":11,"Ancient Tea Set":69,"PrismaticShard":320,"Empty Cage":459,"Nunchaku":74,"Shovel":41,"Matryoshka":397,"animator:AncientMedallion":214,"Mummified Hand":66,"Tiny Chest":158,"WingedGreaves":105,"animator:HallowedScabbard":302,"animator:VividPicture":130,"Red Skull":86,"Paper Frog":80,"Potion Belt":88,"animator:Buoy":99,"Lee\u0027s Waffle":361,"Damaru":413,"Thread and Needle":97,"The Courier":5,"PreservedInsect":85,"Frozen Egg 2":103,"Medical Kit":99,"MawBank":103,"White Beast Statue":55,"Peace Pipe":105,"Strange Spoon":397,"animator:TheEgnaroPiece":214,"Anchor":313,"Ornamental Fan":64,"animator:EngravedStaff":66,"animator:LivingPicture":0,"Turnip":397,"Art of War":31,"Bag of Marbles":45,"Bottled Lightning":50,"Champion Belt":251,"PureWater":0,"FossilizedHelix":14,"TungstenRod":104,"Toy Ornithopter":104}]},"card_choices":[{"not_picked":["Consecrate","BowlingBash"],"picked":"BattleHymn","floor":1.0},{"not_picked":["FlurryOfBlows","JustLucky","Wallop"],"picked":"SKIP","floor":2.0},{"not_picked":["Consecrate","ClearTheMind","Halt"],"picked":"SKIP","floor":4.0},{"not_picked":["CrushJoints","FollowUp"],"picked":"ForeignInfluence","floor":7},{"not_picked":["InnerPeace","Worship"],"picked":"JustLucky","floor":10},{"not_picked":["CrushJoints","JustLucky"],"picked":"ThirdEye","floor":11},{"not_picked":["Judgement","Ragnarok"],"picked":"Omniscience","floor":16},{"not_picked":["WreathOfFlame","BowlingBash"],"picked":"Collect","floor":18},{"not_picked":["CutThroughFate","DeceiveReality","FlyingSleeves"],"picked":"SKIP","floor":19},{"not_picked":["Crescendo+1","Consecrate"],"picked":"Wallop+1","floor":21},{"not_picked":["CutThroughFate","Prostrate"],"picked":"WindmillStrike+1","floor":24},{"not_picked":["PathToVictory","JustLucky"],"picked":"Establishment","floor":27},{"not_picked":["WaveOfTheHand","Conclude+1"],"picked":"BattleHymn","floor":29},{"not_picked":["Consecrate+1","Pray","Study"],"picked":"SKIP","floor":31},{"not_picked":["Judgement","Blasphemy"],"picked":"Omniscience","floor":33},{"not_picked":["Crescendo+1","Nirvana"],"picked":"ForeignInfluence","floor":35},{"not_picked":["CutThroughFate+1","EmptyFist","FlurryOfBlows+1"],"picked":"SKIP","floor":37},{"not_picked":["EmptyFist+1","ThirdEye","Tantrum+1"],"picked":"SKIP","floor":38},{"not_picked":["Consecrate+1","ReachHeaven","Alpha"],"picked":"SKIP","floor":40},{"not_picked":["Crescendo+1","SignatureMove+1","Evaluate"],"picked":"SKIP","floor":42},{"not_picked":["LikeWater","Halt+1"],"picked":"Prostrate+1","floor":45},{"not_picked":["Conclude","FlurryOfBlows+1"],"picked":"Protect+1","floor":54},{"not_picked":["Wallop","ThirdEye","JustLucky"],"picked":"SKIP","floor":55},{"not_picked":["Blasphemy+1","Brilliance+1"],"picked":"Devotion+1","floor":57},{"not_picked":["PathToVictory","Meditate","Halt"],"picked":"SKIP","floor":59},{"not_picked":["Consecrate","ThirdEye","DeceiveReality"],"picked":"SKIP","floor":60},{"not_picked":["Sanctity+1","WheelKick+1"],"picked":"Vault","floor":63},{"not_picked":["LikeWater","Establishment","WheelKick"],"picked":"SKIP","floor":67}],"player_experience":426995,"relics_obtained":[{"floor":7,"key":"Mummified Hand"},{"floor":9,"key":"Damaru"},{"floor":9,"key":"Gremlin Horn"},{"floor":24,"key":"HornCleat"},{"floor":26,"key":"MealTicket"},{"floor":31,"key":"Ornamental Fan"},{"floor":40,"key":"Juzu Bracelet"},{"floor":42,"key":"Toy Ornithopter"},{"floor":43,"key":"Toxic Egg 2"},{"floor":45,"key":"FossilizedHelix"},{"floor":47,"key":"PreservedInsect"},{"floor":53,"key":"animator:TheEruzaStone"},{"floor":53,"key":"animator:AncientMedallion"},{"floor":56,"key":"animator:AncientMedallion"},{"floor":61,"key":"animator:AncientMedallion"},{"floor":63,"key":"animator:AncientMedallion"},{"floor":64,"key":"animator:AncientMedallion"},{"floor":67,"key":"animator:AncientMedallion"}],"event_choices":[{"cards_removed":["Strike_P"],"damage_healed":0.0,"max_hp_gain":0.0,"max_hp_loss":0.0,"gold_gain":0.0,"event_name":"Purifier","player_choice":"Purged","floor":3.0,"gold_loss":0.0,"damage_taken":0.0},{"damage_healed":0,"gold_gain":0,"player_choice":"Entered Light","damage_taken":14,"max_hp_gain":0,"max_hp_loss":0,"event_name":"Shining Light","floor":13,"gold_loss":0,"cards_upgraded":["Defend_P","Strike_P"]},{"damage_healed":0,"gold_gain":0,"player_choice":"Copied","damage_taken":0,"max_hp_gain":0,"max_hp_loss":0,"event_name":"Duplicator","floor":20,"gold_loss":0,"cards_obtained":["Mayhem"]},{"damage_healed":0,"gold_gain":0,"player_choice":"Rummage","damage_taken":0,"relics_obtained":["WarpedTongs"],"max_hp_gain":0,"max_hp_loss":0,"event_name":"Accursed Blacksmith","floor":22,"gold_loss":0,"cards_obtained":["Pain"]},{"damage_healed":0,"gold_gain":0,"player_choice":"Embrace Madness","damage_taken":9,"max_hp_gain":0,"max_hp_loss":0,"event_name":"Winding Halls","floor":36,"gold_loss":0,"cards_obtained":["Madness","Madness"]},{"damage_healed":0,"gold_gain":0,"player_choice":"Fight","damage_taken":0,"max_hp_gain":0,"max_hp_loss":0,"event_name":"MindBloom","floor":45,"gold_loss":0},{"damage_healed":0,"gold_gain":0,"player_choice":"Memory 1","damage_taken":0,"max_hp_gain":0,"max_hp_loss":0,"event_name":"SensoryStone","floor":65,"gold_loss":0}],"is_beta":false,"boss_relics":[{"not_picked":["Busted Crown","Snecko Eye"],"picked":"Sozu"},{"not_picked":["Calling Bell","Cursed Key"],"picked":"Empty Cage"}],"items_purged_floors":[48],"is_endless":false,"potions_floor_spawned":[1,2,11,19,21,24,31,33,38,40,42,60,63],"killed_by":"animator:TheUnnamed","ascension_level":0}}