{"host":"uoq8e77duj6rs50g","time":1611007414,"event":{"mods":["BaseMod","Better Altar","Better Match","Better Note","Better Sensory Stone","Better Skull","Better Third Choice","BetterRewards","Block Reminder","ChefMod","Curses Come First","Hermit","Hubris","Ironclad Rager","Minty Spire (QoL Compilation)","Relic Stats","Replay The Spire","Shade Mod","StSLib","The Blue Laboratory","The Cursed","The Dragon Tamer","The Exalted","The Judge","The Marked","The Runesmith","The Servant 0.9.4","TheSwordswoman","Uncapped","WarShipGirlsR/????R mod"],"gold_per_floor":[118,118,131,141,141,141,141,154,207,150,163,163,179,189,189,285,285,275,288,300,300,300],"floor_reached":21,"language":"ENG","playtime":1367,"items_purged":[],"score":175,"play_id":"0fc5f2e8-6ab8-44c9-9429-69379d638b44","local_time":"20210118170334","is_ascension_mode":false,"campfire_choices":[{"data":"Runesmith:CraftObretio","floor":7,"key":"SMITH"},{"floor":15,"key":"REST"}],"circlet_count":0,"master_deck":["Runesmith:Strike_RS","Runesmith:Strike_RS","Runesmith:Strike_RS","Runesmith:Strike_RS","Runesmith:Defend_RS","Runesmith:Defend_RS","Runesmith:Defend_RS","Runesmith:CraftFirestone","Runesmith:Fortify","Runesmith:CraftProtectio","Runesmith:CraftObretio+1","Runesmith:CraftMagma+1","Runesmith:RuneHurl","Runesmith:CraftIncendium+1","Runesmith:PerfectChisel","Runesmith:RuneHurl","Runesmith:CraftMedicinae","Runesmith:Malloc+1","Runesmith:FrozenChisel+1","Runesmith:GoWithTheFlow"],"relics":["Runesmith:PocketReactor","Boot","hubris:MedicalManual","Painkiller Herb"],"acts_visited":["Exordium","TheCity"],"potions_floor_usage":[11,16,21],"damage_taken":[{"damage":0,"enemies":"Small Slimes","floor":1,"turns":5},{"damage":7,"enemies":"2 Louse","floor":3,"turns":4},{"damage":0,"enemies":"Cultist","floor":4,"turns":4},{"damage":7,"enemies":"2 Fungi Beasts","floor":8,"turns":4},{"damage":10,"enemies":"3 Louse","floor":11,"turns":3},{"damage":0,"enemies":"Large Slime","floor":13,"turns":4},{"damage":21,"enemies":"Gremlin Gang","floor":14,"turns":3},{"damage":34,"enemies":"Fading Forest","floor":16,"turns":11},{"damage":18,"enemies":"2 Thieves","floor":18,"turns":4},{"damage":24,"enemies":"Chosen","floor":19,"turns":6},{"damage":18,"enemies":"Centurion and Healer","floor":20,"turns":6},{"damage":12,"enemies":"Sentry and Sphere","floor":21,"turns":2}],"seed_played":"-8558537376357047231","potions_obtained":[{"floor":3,"key":"Energy Potion"},{"floor":8,"key":"Explosive Potion"},{"floor":11,"key":"Dexterity Potion"},{"floor":14,"key":"BlessingOfTheForge"},{"floor":19,"key":"blueLaboratory:PolymorphPotion"}],"is_trial":false,"path_per_floor":["M","?","M","M","?","?","R","M","T","?","M","?","M","M","R","B",null,"?","?","?","?"],"character_chosen":"RUNESMITH_CLASS","items_purchased":[],"campfire_rested":1,"item_purchase_floors":[],"current_hp_per_floor":[70,63,56,56,56,56,56,49,49,49,39,39,39,18,39,25,70,52,28,10,0,0],"gold":300,"neow_bonus":"BOSS_RELIC","is_daily":false,"chose_seed":false,"campfire_upgraded":1,"win_rate":0.0,"timestamp":1611007414,"path_taken":["M","?","M","M","?","?","R","M","T","?","?","?","M","M","R","BOSS","?","?","?","?"],"items_purchased_type":[],"build_version":"2020-12-22","purchased_purges":0,"victory":false,"max_hp_per_floor":[70,70,70,70,70,70,70,70,70,70,70,70,70,70,70,70,70,70,70,70,70,70],"relic_stats":{"counters":[12,56],"Boot":[16],"obtain_stats":[{"Runesmith:BrokenRuby":0,"Painkiller Herb":17,"hubris:MedicalManual":10,"Boot":9,"Runesmith:PocketReactor":0},{"Runesmith:BrokenRuby":0,"Painkiller Herb":8,"hubris:MedicalManual":4,"Boot":4,"Runesmith:PocketReactor":0},{"Runesmith:BrokenRuby":0,"Painkiller Herb":38,"hubris:MedicalManual":17,"Boot":17,"Runesmith:PocketReactor":0}]},"card_choices":[{"not_picked":["Runesmith:HeatedChisel","Runesmith:ShiftingStrike"],"picked":"Runesmith:CraftProtectio","floor":1},{"not_picked":["Runesmith:BackupBattery","Runesmith:WhiteBalance"],"picked":"Runesmith:CraftObretio","floor":3},{"not_picked":["Runesmith:Grindstone","Runesmith:ChiselStab"],"picked":"Runesmith:CraftMagma","floor":4},{"not_picked":["Runesmith:Terraform","Runesmith:Firestorm"],"picked":"Runesmith:RuneHurl","floor":8},{"not_picked":["Runesmith:NanitesCloud","Runesmith:HeatExchange"],"picked":"Runesmith:CraftIncendium","floor":11},{"not_picked":["Runesmith:CraftReservo","Runesmith:BackupBattery"],"picked":"Runesmith:PerfectChisel","floor":13},{"not_picked":["Runesmith:Grindstone","Runesmith:EarthShield"],"picked":"Runesmith:RuneHurl","floor":14},{"not_picked":["Runesmith:LightningRod","Runesmith:FissionHammer"],"picked":"Runesmith:CraftMedicinae","floor":16},{"not_picked":["Runesmith:MakeshiftArmor","Runesmith:WhiteBalance"],"picked":"Runesmith:Malloc+1","floor":18},{"not_picked":["Runesmith:Attraction","Runesmith:ChiselStab"],"picked":"Runesmith:FrozenChisel+1","floor":19},{"not_picked":["Runesmith:Terraform+1","Runesmith:NanitesCloud+1"],"picked":"Runesmith:GoWithTheFlow","floor":20}],"player_experience":414520,"relics_obtained":[{"floor":9,"key":"Boot"}],"event_choices":[{"cards_removed":["Runesmith:Defend_RS"],"damage_healed":0,"gold_gain":0,"player_choice":"Card Removal","damage_taken":7,"max_hp_gain":0,"max_hp_loss":0,"event_name":"Golden Wing","floor":2,"gold_loss":0},{"damage_healed":0,"gold_gain":0,"player_choice":"Ignored","damage_taken":0,"max_hp_gain":0,"max_hp_loss":0,"event_name":"Golden Idol","floor":6,"gold_loss":0},{"damage_healed":0,"gold_gain":0,"player_choice":"Paid Gold","damage_taken":0,"relics_obtained":["hubris:MedicalManual"],"max_hp_gain":0,"max_hp_loss":0,"event_name":"WeMeetAgain","floor":10,"gold_loss":57},{"damage_healed":0,"gold_gain":0,"player_choice":"Grow","damage_taken":0,"max_hp_gain":0,"max_hp_loss":0,"event_name":"Living Wall","floor":12,"gold_loss":0,"cards_upgraded":["Runesmith:CraftIncendium"]}],"is_beta":false,"boss_relics":[{"not_picked":["hubris:Stopwatch","Replay:Wanted Poster"],"picked":"Painkiller Herb"}],"items_purged_floors":[],"is_endless":false,"potions_floor_spawned":[3,8,11,14,19],"killed_by":"Sentry and Sphere","ascension_level":0}}