{"host":"mai03x2ekbjy4059","time":1611012601,"event":{"mods":["2.2 Compatiblity","BaseMod","DeckTracker","Keyboard Shortcuts","Minty Spire (QoL Compilation)","Permanent Neow","Quick Restart","SuperFastMode","everything is the same but u backflip on backflip"],"gold_per_floor":[109,59,59,77,90,119,119,144,144,26,26,56,56,56,56,56,56],"floor_reached":16,"language":"KOR","playtime":372,"items_purged":[],"score":122,"play_id":"513a70ce-1537-4e0a-9629-8f5c373ea776","local_time":"20210119083001","is_ascension_mode":true,"campfire_choices":[{"data":"Defend_R","floor":7.0,"key":"SMITH"},{"data":"Feel No Pain","floor":11.0,"key":"SMITH"},{"data":"Dark Embrace","floor":15.0,"key":"SMITH"}],"circlet_count":0,"master_deck":["Strike_R","Strike_R","Strike_R","Strike_R","Strike_R","Defend_R","Defend_R","Defend_R","Defend_R+1","Bash","Feel No Pain+1","Shrug It Off","Dark Embrace+1"],"relics":["Burning Blood","Calipers","Singing Bowl","WingedGreaves","Turnip","Pantograph"],"acts_visited":["Exordium"],"potions_floor_usage":[16],"damage_taken":[{"damage":6.0,"enemies":"Small Slimes","floor":1.0,"turns":4.0},{"damage":1.0,"enemies":"2 Louse","floor":4.0,"turns":4.0},{"damage":6.0,"enemies":"Cultist","floor":5.0,"turns":3.0},{"damage":38.0,"enemies":"3 Sentries","floor":6.0,"turns":10.0},{"damage":17.0,"enemies":"Gremlin Nob","floor":8.0,"turns":4.0},{"damage":7.0,"enemies":"3 Sentries","floor":12.0,"turns":14.0},{"damage":66,"enemies":"Slime Boss","floor":16,"turns":12}],"seed_played":"-2874898784360143086","potions_obtained":[{"floor":3.0,"key":"Regen Potion"},{"floor":3.0,"key":"DistilledChaos"},{"floor":3.0,"key":"Dexterity Potion"},{"floor":4.0,"key":"LiquidBronze"},{"floor":6.0,"key":"PowerPotion"}],"is_trial":false,"path_per_floor":["M","?","?","M","M","E","R","E","T","$","R","E","$","T","R","B"],"character_chosen":"IRONCLAD","items_purchased":["Feel No Pain","Shrug It Off"],"campfire_rested":0,"item_purchase_floors":[10,10],"current_hp_per_floor":[80,77,77,77,77,47,47,38,38,38,38,52,52,52,52,11,11],"gold":56,"neow_bonus":"ONE_RARE_RELIC","is_daily":false,"chose_seed":false,"campfire_upgraded":3,"win_rate":0.0,"timestamp":1611012601,"path_taken":["M","?","?","M","?","E","R","E","T","$","R","E","?","?","R","BOSS"],"items_purchased_type":["Card","Card"],"build_version":"2020-12-22","purchased_purges":0,"victory":false,"max_hp_per_floor":[80,77,77,77,77,79,79,81,81,81,81,81,81,81,81,81,81],"card_choices":[{"not_picked":["Perfected Strike","Combust","Twin Strike"],"picked":"SKIP","floor":1.0},{"not_picked":["Pummel","Iron Wave","Flex"],"picked":"SKIP","floor":4.0},{"not_picked":["Pommel Strike","Combust","Rage"],"picked":"SKIP","floor":5.0},{"not_picked":["Combust","Anger","Armaments"],"picked":"Singing Bowl","floor":6.0},{"not_picked":["Berserk","Sword Boomerang","Fiend Fire"],"picked":"Singing Bowl","floor":8.0},{"not_picked":["Spot Weakness","Twin Strike"],"picked":"Dark Embrace","floor":12.0}],"player_experience":1091646,"relics_obtained":[{"floor":6.0,"key":"Singing Bowl"},{"floor":8.0,"key":"WingedGreaves"},{"floor":9.0,"key":"Turnip"},{"floor":12.0,"key":"Pantograph"}],"event_choices":[{"cards_removed":["Parasite"],"damage_healed":0.0,"max_hp_gain":0.0,"max_hp_loss":0.0,"gold_gain":0.0,"event_name":"The Cleric","player_choice":"Card Removal","floor":2.0,"gold_loss":50.0,"damage_taken":0.0},{"damage_healed":0.0,"max_hp_gain":0.0,"max_hp_loss":0.0,"gold_gain":0.0,"event_name":"Lab","player_choice":"Got Potions","floor":3.0,"gold_loss":0.0,"damage_taken":0.0}],"is_beta":false,"boss_relics":[],"items_purged_floors":[],"is_endless":false,"potions_floor_spawned":[4,6],"killed_by":"Slime Boss","ascension_level":1}}