{"host":"fm9e0lfunjlbhzxv","time":1611005204,"event":{"mods":["2.2 Compatiblity","AchievementEnabler","Alarm Clock","BaseMod","Bestiary","Colored Map","Colored Powertips","Key Reminder","Minty Spire (QoL Compilation)","Permanent Neow","Random Character Button","Rare Cards Sparkle","Relic Stats","StSLib","slay the spire mod where everything is the same but ironclad has a cowboy hat"],"gold_per_floor":[16,16,16,36,49,374,392,420,420,450,468,468,499,516,516,618,618,635,655,402,417,417,417,447,447,447,465,480,490,564,564,564,661,661,680,700,167,181,181,181,197,223,223,254,264,264,310,329,329,329,329],"floor_reached":50,"language":"ENG","playtime":3471,"items_purged":["Strike_P","Strike_P"],"score":711,"play_id":"35c8c096-97f7-4426-9f81-f59243251962","local_time":"20210118132644","is_ascension_mode":true,"campfire_choices":[{"data":"Eruption","floor":15,"key":"SMITH"},{"data":"Ghostly","floor":23,"key":"SMITH"},{"data":"Ghostly","floor":25,"key":"SMITH"},{"floor":32,"key":"REST"},{"data":"Ghostly","floor":40,"key":"SMITH"},{"data":"Ghostly","floor":46,"key":"SMITH"},{"floor":49,"key":"RECALL"}],"circlet_count":0,"master_deck":["Defend_P","Defend_P","Defend_P","Defend_P","Eruption+1","Vigilance","DeusExMachina","SashWhip","Swivel","CutThroughFate","Wallop","EmptyMind","FearNoEvil","Consecrate","ThirdEye","Wallop","ThirdEye","ConjureBlade","SashWhip","FearNoEvil","ClearTheMind","Ghostly+1","Ghostly+1","Ghostly+1","Ghostly+1","Ghostly","TalkToTheHand+1","Wireheading","Indignation+1","Vault","CutThroughFate+1","Adaptation","MentalFortress","WheelKick+1","JustLucky+1","SandsOfTime+1","CutThroughFate+1","WaveOfTheHand"],"relics":["PureWater","Old Coin","Tiny Chest","Dream Catcher","Meat on the Bone","Centennial Puzzle","Philosopher\u0027s Stone","Toolbox","Pen Nib","InkBottle","Prayer Wheel","SlaversCollar","OrangePellets","Happy Flower","Akabeko","Strawberry","Anchor","Bag of Preparation"],"acts_visited":["Exordium","TheCity","TheBeyond"],"potions_floor_usage":[19,21,21,29,50,50],"damage_taken":[{"damage":3,"enemies":"Small Slimes","floor":1,"turns":4},{"damage":2,"enemies":"Jaw Worm","floor":4,"turns":4},{"damage":0,"enemies":"Cultist","floor":5,"turns":1},{"damage":10,"enemies":"Gremlin Nob","floor":6,"turns":3},{"damage":0,"enemies":"Large Slime","floor":7,"turns":2},{"damage":14,"enemies":"3 Sentries","floor":8,"turns":8},{"damage":16,"enemies":"Gremlin Nob","floor":10,"turns":4},{"damage":0,"enemies":"2 Fungi Beasts","floor":11,"turns":3},{"damage":3,"enemies":"3 Sentries","floor":13,"turns":5},{"damage":1,"enemies":"Exordium Thugs","floor":14,"turns":3},{"damage":2,"enemies":"Slime Boss","floor":16,"turns":7},{"damage":0,"enemies":"Spheric Guardian","floor":18,"turns":3},{"damage":8,"enemies":"3 Byrds","floor":19,"turns":6},{"damage":19,"enemies":"Snake Plant","floor":21,"turns":5},{"damage":1,"enemies":"Gremlin Leader","floor":24,"turns":6},{"damage":0,"enemies":"3 Cultists","floor":27,"turns":5},{"damage":18,"enemies":"Cultist and Chosen","floor":28,"turns":7},{"damage":7,"enemies":"Shelled Parasite and Fungi","floor":29,"turns":5},{"damage":24,"enemies":"Collector","floor":33,"turns":9},{"damage":0,"enemies":"3 Darklings","floor":35,"turns":6},{"damage":21,"enemies":"Orb Walker","floor":36,"turns":3},{"damage":0,"enemies":"Writhing Mass","floor":38,"turns":5},{"damage":3,"enemies":"3 Darklings","floor":41,"turns":5},{"damage":0,"enemies":"Nemesis","floor":42,"turns":5},{"damage":0,"enemies":"Reptomancer","floor":44,"turns":5},{"damage":1,"enemies":"Jaw Worm Horde","floor":45,"turns":3},{"damage":1,"enemies":"Sphere and 2 Shapes","floor":48,"turns":3},{"damage":58,"enemies":"Donu and Deca","floor":50,"turns":8}],"seed_played":"-2973231039162224349","potions_obtained":[{"floor":5,"key":"Ancient Potion"},{"floor":8,"key":"LiquidMemories"},{"floor":11,"key":"SpeedPotion"},{"floor":13,"key":"Block Potion"},{"floor":18,"key":"BottledMiracle"},{"floor":19,"key":"SpeedPotion"},{"floor":24,"key":"SpeedPotion"},{"floor":29,"key":"SpeedPotion"},{"floor":42,"key":"BlessingOfTheForge"}],"is_trial":false,"path_per_floor":["M","?","$","M","M","E","M","E","T","E","M","?","E","M","R","B",null,"M","M","$","M","?","R","E","R","T","M","M","M","T","T","R","B",null,"M","M","$","M","?","R","M","E","T","E","M","R","T","M","R","B"],"character_chosen":"WATCHER","items_purchased":["Toolbox","FearNoEvil","OrangePellets","Adaptation","Happy Flower","Block Potion"],"campfire_rested":1,"item_purchase_floors":[20,20,37,37,37,37],"current_hp_per_floor":[69,69,69,67,67,57,57,43,43,27,39,32,41,40,40,38,72,72,64,64,45,36,36,35,35,35,35,29,22,22,22,32,20,36,36,27,27,27,27,27,24,24,31,31,30,30,30,29,29,0,0],"gold":329,"neow_bonus":"THREE_RARE_CARDS","is_daily":false,"chose_seed":false,"campfire_upgraded":5,"win_rate":0.0,"timestamp":1611005204,"path_taken":["M","?","?","M","M","E","?","E","T","E","M","?","E","M","R","BOSS","M","M","$","M","?","R","E","R","T","M","M","M","?","?","R","BOSS","M","M","$","M","?","R","?","E","T","E","?","R","?","M","R","BOSS"],"items_purchased_type":["Relic","Card","Relic","Card","Relic","Potion"],"build_version":"2020-12-22","purchased_purges":2,"victory":false,"max_hp_per_floor":[72,72,72,72,72,72,72,72,72,72,72,72,72,72,72,72,72,72,72,72,72,36,36,36,36,36,36,36,36,36,36,36,36,36,36,36,36,36,36,36,36,36,43,43,43,43,43,43,43,43,43],"relic_stats":{"OrangePellets":[3],"Dream Catcher":1,"Centennial Puzzle":[39],"Happy Flower":[11],"counters":[28,133],"Tiny Chest":2,"Prayer Wheel":6,"Pen Nib":[17],"Bag of Preparation":[5],"obtain_stats":[{"Happy Flower":37,"Pen Nib":24,"Bag of Preparation":47,"Akabeko":42,"Old Coin":6,"keyreminder:keyreminder":24,"SlaversCollar":34,"OrangePellets":37,"Dream Catcher":9,"Centennial Puzzle":13,"Anchor":44,"Strawberry":43,"Toolbox":20,"Tiny Chest":8,"Philosopher\u0027s Stone":17,"Prayer Wheel":31,"PureWater":0,"InkBottle":30,"Meat on the Bone":10},{"Happy Flower":21,"Pen Nib":15,"Bag of Preparation":26,"Akabeko":24,"Old Coin":4,"keyreminder:keyreminder":15,"SlaversCollar":19,"OrangePellets":21,"Dream Catcher":6,"Centennial Puzzle":9,"Anchor":25,"Strawberry":24,"Toolbox":13,"Tiny Chest":6,"Philosopher\u0027s Stone":11,"Prayer Wheel":18,"PureWater":0,"InkBottle":18,"Meat on the Bone":7},{"Happy Flower":99,"Pen Nib":64,"Bag of Preparation":122,"Akabeko":114,"Old Coin":12,"keyreminder:keyreminder":64,"SlaversCollar":90,"OrangePellets":99,"Dream Catcher":22,"Centennial Puzzle":34,"Anchor":119,"Strawberry":114,"Toolbox":53,"Tiny Chest":22,"Philosopher\u0027s Stone":44,"Prayer Wheel":81,"PureWater":0,"InkBottle":81,"Meat on the Bone":26}],"InkBottle":[28],"Meat on the Bone":60},"card_choices":[{"not_picked":["Alpha","SpiritShield"],"picked":"DeusExMachina","floor":0},{"not_picked":["FlurryOfBlows","Halt"],"picked":"SashWhip","floor":1},{"not_picked":["BowlingBash","FollowUp"],"picked":"CutThroughFate","floor":4},{"not_picked":["PathToVictory","Vengeance"],"picked":"Wallop","floor":5},{"not_picked":["Crescendo","WaveOfTheHand"],"picked":"EmptyMind","floor":6},{"not_picked":["Perseverance","PathToVictory"],"picked":"FearNoEvil","floor":7},{"not_picked":["Alpha","Protect"],"picked":"Consecrate","floor":8},{"not_picked":["EmptyFist","Halt"],"picked":"ThirdEye","floor":10},{"not_picked":["CrushJoints","Evaluate"],"picked":"Wallop","floor":11},{"not_picked":["Weave","Consecrate"],"picked":"ThirdEye","floor":13},{"not_picked":["Crescendo","WindmillStrike","CrushJoints"],"picked":"SKIP","floor":14},{"not_picked":["Alpha","MasterReality"],"picked":"ConjureBlade","floor":16},{"not_picked":["Swivel","JustLucky","Protect"],"picked":"SKIP","floor":18},{"not_picked":["Evaluate","Sanctity+1"],"picked":"SashWhip","floor":19},{"not_picked":["FollowUp","Consecrate+1"],"picked":"ClearTheMind","floor":21},{"not_picked":["FlyingSleeves","JustLucky"],"picked":"TalkToTheHand+1","floor":24},{"not_picked":["PathToVictory","Vengeance","Sanctity"],"picked":"SKIP","floor":27},{"not_picked":["Consecrate","FlyingSleeves"],"picked":"Wireheading","floor":28},{"not_picked":["Fasting2","ThirdEye"],"picked":"Indignation+1","floor":29},{"not_picked":["Wish","Devotion"],"picked":"Vault","floor":33},{"not_picked":["Evaluate+1","Halt"],"picked":"CutThroughFate+1","floor":35},{"not_picked":["FlurryOfBlows","BowlingBash+1","JustLucky"],"picked":"SKIP","floor":35},{"not_picked":["ThirdEye","JustLucky","CrushJoints+1"],"picked":"SKIP","floor":36},{"not_picked":["Perseverance","WindmillStrike","Establishment"],"picked":"SKIP","floor":36},{"not_picked":["PathToVictory+1","Evaluate+1"],"picked":"MentalFortress","floor":38},{"not_picked":["Protect","Prostrate"],"picked":"WheelKick+1","floor":38},{"not_picked":["InnerPeace","Consecrate+1"],"picked":"JustLucky+1","floor":41},{"not_picked":["SignatureMove","CarveReality","BowlingBash"],"picked":"SKIP","floor":41},{"not_picked":["Perseverance+1","FollowUp+1"],"picked":"SandsOfTime+1","floor":42},{"not_picked":["BowlingBash","SignatureMove","FlurryOfBlows"],"picked":"SKIP","floor":44},{"not_picked":["PathToVictory","Conclude+1","BowlingBash"],"picked":"SKIP","floor":45},{"not_picked":["Halt","ForeignInfluence+1","CrushJoints"],"picked":"SKIP","floor":45},{"not_picked":["Wish","WindmillStrike+1"],"picked":"CutThroughFate+1","floor":48},{"not_picked":["EmptyBody","WheelKick+1"],"picked":"WaveOfTheHand","floor":48}],"player_experience":429950,"relics_obtained":[{"floor":6,"key":"Old Coin"},{"floor":8,"key":"Tiny Chest"},{"floor":9,"key":"Dream Catcher"},{"floor":10,"key":"Meat on the Bone"},{"floor":13,"key":"Centennial Puzzle"},{"floor":24,"key":"Pen Nib"},{"floor":30,"key":"InkBottle"},{"floor":31,"key":"Prayer Wheel"},{"floor":42,"key":"Akabeko"},{"floor":43,"key":"Strawberry"},{"floor":44,"key":"Anchor"},{"floor":47,"key":"Bag of Preparation"}],"event_choices":[{"damage_healed":0,"gold_gain":0,"cards_transformed":["Strike_P"],"player_choice":"Change","damage_taken":0,"max_hp_gain":0,"max_hp_loss":0,"event_name":"Living Wall","floor":2,"gold_loss":0,"cards_obtained":["Swivel"]},{"cards_removed":["Strike_P"],"damage_healed":0,"gold_gain":0,"player_choice":"Card Removal","damage_taken":7,"max_hp_gain":0,"max_hp_loss":0,"event_name":"Golden Wing","floor":12,"gold_loss":0},{"damage_healed":0,"gold_gain":0,"player_choice":"Became a Ghost","damage_taken":0,"max_hp_gain":0,"max_hp_loss":36,"event_name":"Ghosts","floor":22,"gold_loss":0,"cards_obtained":["Ghostly","Ghostly","Ghostly","Ghostly","Ghostly"]},{"damage_healed":0,"gold_gain":0,"player_choice":"Ignored","damage_taken":0,"max_hp_gain":0,"max_hp_loss":0,"event_name":"SecretPortal","floor":39,"gold_loss":0}],"is_beta":false,"boss_relics":[{"not_picked":["Calling Bell","Velvet Choker"],"picked":"Philosopher\u0027s Stone"},{"not_picked":["Black Star","Runic Dome"],"picked":"SlaversCollar"}],"items_purged_floors":[20,37],"is_endless":false,"potions_floor_spawned":[5,8,11,13,14,18,19,24,29,42,44,45],"killed_by":"Donu and Deca","ascension_level":1}}