{"host":"y3h3n3f7seyagppx","time":1611013681,"event":{"mods":["AlwaysNeverKeys","BaseMod","Better Vampires","Colored Powertips","DeckTracker","Emptier Cage","Minty Spire (QoL Compilation)","Permanent Neow","Quick Restart","Rare Cards Sparkle","Relic Sorter","Relic Stats","StSLib","Transform Curses"],"gold_per_floor":[113,130,144,161,0,0,27,27,53,53,68,99,99,133,133,204,204,204,204,204,31,31,31,31,31,31,31,31,31,31,31,31,31,31,31,31,31,31,31,31,31,31,31,31,31,31],"floor_reached":45,"language":"ENG","playtime":4110,"items_purged":[],"score":1279,"play_id":"c794ea38-e74f-4402-9036-770e56cb78b5","local_time":"20210118184801","is_ascension_mode":true,"campfire_choices":[{"data":"Carnage","floor":6.0,"key":"SMITH"},{"data":"Whirlwind","floor":10.0,"key":"SMITH"},{"data":"Sword Boomerang","floor":13.0,"key":"SMITH"},{"data":"Armaments","floor":15.0,"key":"SMITH"},{"data":"Bash","floor":28.0,"key":"SMITH"},{"data":"Pommel Strike","floor":32.0,"key":"SMITH"},{"data":"Disarm","floor":41,"key":"SMITH"}],"circlet_count":0,"master_deck":["AscendersBane","Strike_R","Strike_R","Strike_R","Strike_R","Strike_R","Defend_R","Defend_R","Defend_R","Defend_R","Bash+1","Twin Strike","Pommel Strike+1","Carnage+1","Whirlwind+1","Sword Boomerang+1","Dropkick","Armaments+1","Feed","Shrug It Off","Evolve","Reaper","RitualDagger","Brutality","Corruption","Shrug It Off","Offering","Clothesline+1","Discovery","Secret Weapon","Disarm+1","Battle Trance","Ghostly Armor","Sentinel+1","Clumsy","Sword Boomerang+1"],"relics":["Burning Blood","Vajra","HandDrill","Red Skull","Bag of Marbles","Centennial Puzzle","Unceasing Top","Ectoplasm","Red Mask","ClockworkSouvenir","Ancient Tea Set","Bag of Preparation","MealTicket","Gremlin Horn","Cursed Key","Toy Ornithopter","Shovel","Oddly Smooth Stone","Frozen Egg 2"],"acts_visited":["Exordium","TheCity","TheBeyond"],"potions_floor_usage":[44],"damage_taken":[{"damage":1.0,"enemies":"Cultist","floor":1.0,"turns":3.0},{"damage":4.0,"enemies":"Small Slimes","floor":2.0,"turns":4.0},{"damage":7.0,"enemies":"Jaw Worm","floor":3.0,"turns":3.0},{"damage":12.0,"enemies":"3 Louse","floor":4.0,"turns":3.0},{"damage":8.0,"enemies":"Gremlin Nob","floor":7.0,"turns":3.0},{"damage":9.0,"enemies":"Large Slime","floor":11.0,"turns":3.0},{"damage":15.0,"enemies":"Lagavulin","floor":12.0,"turns":3.0},{"damage":15.0,"enemies":"3 Sentries","floor":14.0,"turns":4.0},{"damage":23.0,"enemies":"The Guardian","floor":16.0,"turns":10.0},{"damage":7.0,"enemies":"3 Byrds","floor":18.0,"turns":4.0},{"damage":0.0,"enemies":"Masked Bandits","floor":19.0,"turns":1.0},{"damage":20.0,"enemies":"Gremlin Leader","floor":23.0,"turns":6.0},{"damage":12.0,"enemies":"Chosen","floor":24.0,"turns":3.0},{"damage":37.0,"enemies":"Book of Stabbing","floor":27.0,"turns":4.0},{"damage":13.0,"enemies":"Slavers","floor":30.0,"turns":3.0},{"damage":32.0,"enemies":"Centurion and Healer","floor":31.0,"turns":10.0},{"damage":45.0,"enemies":"Champ","floor":33.0,"turns":9.0},{"damage":19.0,"enemies":"3 Shapes","floor":35.0,"turns":10.0},{"damage":1.0,"enemies":"Orb Walker","floor":37.0,"turns":2.0},{"damage":11,"enemies":"Maw","floor":39,"turns":6},{"damage":10,"enemies":"Reptomancer","floor":40,"turns":5},{"damage":29,"enemies":"Nemesis","floor":42,"turns":5},{"damage":32,"enemies":"Giant Head","floor":44,"turns":5},{"damage":102,"enemies":"Transient","floor":45,"turns":6}],"seed_played":"-7211954897018412454","potions_obtained":[{"floor":2.0,"key":"DuplicationPotion"},{"floor":3.0,"key":"Energy Potion"},{"floor":4.0,"key":"Regen Potion"},{"floor":12.0,"key":"SmokeBomb"},{"floor":19.0,"key":"Swift Potion"},{"floor":23.0,"key":"Energy Potion"},{"floor":29.0,"key":"Weak Potion"},{"floor":30.0,"key":"Block Potion"},{"floor":33.0,"key":"ElixirPotion"},{"floor":39,"key":"SneckoOil"}],"is_trial":false,"path_per_floor":["M","M","M","M","$","R","E","?","T","R","M","E","R","E","R","B",null,"M","?","?","$","$","E","M","?","T","E","R","?","E","M","R","B",null,"M","?","M","T","M","E","R","E","T","E","M"],"character_chosen":"IRONCLAD","items_purchased":["HandDrill","ClockworkSouvenir"],"campfire_rested":0,"item_purchase_floors":[5,21],"current_hp_per_floor":[73,75,74,68,68,68,66,66,66,66,63,54,54,57,57,40,66,68,74,74,74,74,81,75,69,69,50,50,50,47,44,44,17,71,61,51,61,61,65,61,61,38,38,31,0,0],"gold":31,"neow_bonus":"RANDOM_COMMON_RELIC","is_daily":false,"chose_seed":false,"campfire_upgraded":7,"win_rate":0.0,"timestamp":1611013681,"path_taken":["M","?","M","?","?","R","E","?","T","R","M","E","R","E","R","BOSS","M","?","?","?","$","E","M","?","T","E","R","?","E","?","R","BOSS","M","?","M","?","?","E","R","E","T","E","M"],"items_purchased_type":["Relic","Relic"],"build_version":"2020-12-22","purchased_purges":0,"victory":false,"max_hp_per_floor":[75,75,75,75,75,75,75,75,75,75,75,75,75,75,75,75,75,78,78,78,78,78,82,82,82,82,82,82,82,86,89,89,89,89,92,92,92,92,92,92,92,92,92,92,92,92],"relic_stats":{"Gremlin Horn":[10,10],"counters":[24,115],"Bag of Preparation":[22],"Cursed Key":1,"Burning Blood":138,"Centennial Puzzle":[48],"Shovel":0,"MealTicket":0,"Ectoplasm":411,"HandDrill":[24],"obtain_stats":[{"Gremlin Horn":30,"Vajra":0,"Oddly Smooth Stone":43,"Bag of Preparation":26,"Frozen Egg 2":44,"Ancient Tea Set":23,"Cursed Key":34,"Burning Blood":0,"ClockworkSouvenir":21,"Centennial Puzzle":12,"Shovel":42,"MealTicket":27,"Ectoplasm":17,"HandDrill":5,"Bag of Marbles":9,"Red Mask":19,"Red Skull":7,"Unceasing Top":14,"Toy Ornithopter":40},{"Gremlin Horn":15,"Vajra":0,"Oddly Smooth Stone":22,"Bag of Preparation":13,"Frozen Egg 2":23,"Ancient Tea Set":12,"Cursed Key":17,"Burning Blood":0,"ClockworkSouvenir":11,"Centennial Puzzle":7,"Shovel":22,"MealTicket":14,"Ectoplasm":9,"HandDrill":4,"Bag of Marbles":5,"Red Mask":11,"Red Skull":5,"Unceasing Top":8,"Toy Ornithopter":21},{"Gremlin Horn":57,"Vajra":0,"Oddly Smooth Stone":104,"Bag of Preparation":50,"Frozen Egg 2":109,"Ancient Tea Set":47,"Cursed Key":76,"Burning Blood":0,"ClockworkSouvenir":41,"Centennial Puzzle":22,"Shovel":104,"MealTicket":54,"Ectoplasm":36,"HandDrill":13,"Bag of Marbles":16,"Red Mask":41,"Red Skull":16,"Unceasing Top":26,"Toy Ornithopter":99}],"Unceasing Top":[1],"Toy Ornithopter":5},"card_choices":[{"not_picked":["Clash","Flex"],"picked":"Twin Strike","floor":1.0},{"not_picked":["Dual Wield","Ghostly Armor","Havoc"],"picked":"SKIP","floor":2.0},{"not_picked":["Fire Breathing","Perfected Strike"],"picked":"Pommel Strike","floor":3.0},{"not_picked":["Shrug It Off","Pummel"],"picked":"Carnage","floor":4.0},{"not_picked":["Pommel Strike","Warcry"],"picked":"Whirlwind","floor":7.0},{"not_picked":["Inflame","Carnage"],"picked":"Sword Boomerang","floor":11.0},{"not_picked":["Flex","Demon Form"],"picked":"Dropkick","floor":12.0},{"not_picked":["Warcry","Flex"],"picked":"Armaments","floor":14.0},{"not_picked":["Offering","Exhume"],"picked":"Feed","floor":16.0},{"not_picked":["Warcry","Reckless Charge"],"picked":"Shrug It Off","floor":18.0},{"not_picked":["Armaments","Iron Wave"],"picked":"Evolve","floor":19.0},{"not_picked":["Fire Breathing+1","Heavy Blade","Flex"],"picked":"SKIP","floor":23.0},{"not_picked":["Flex","True Grit","Wild Strike"],"picked":"SKIP","floor":24.0},{"not_picked":["Armaments","Wild Strike"],"picked":"Brutality","floor":27.0},{"not_picked":["Shrug It Off+1","Armaments"],"picked":"Corruption","floor":30.0},{"not_picked":["Intimidate+1","Thunderclap"],"picked":"Shrug It Off","floor":31.0},{"not_picked":["Feed","Brutality"],"picked":"Offering","floor":33.0},{"not_picked":["Armaments","Sever Soul"],"picked":"Clothesline+1","floor":35.0},{"not_picked":["Jack Of All Trades","Apotheosis"],"picked":"Discovery","floor":36.0},{"not_picked":["Panache","Deep Breath"],"picked":"Secret Weapon","floor":36.0},{"not_picked":["Pommel Strike","Rampage"],"picked":"Disarm","floor":37.0},{"not_picked":["Twin Strike","Pommel Strike"],"picked":"Battle Trance","floor":39},{"not_picked":["Brutality","Second Wind"],"picked":"Ghostly Armor","floor":40},{"not_picked":["Fire Breathing","Clash"],"picked":"Sentinel+1","floor":42},{"not_picked":["Anger","Sever Soul"],"picked":"Sword Boomerang+1","floor":44}],"player_experience":21341924,"relics_obtained":[{"floor":7.0,"key":"Red Skull"},{"floor":9.0,"key":"Bag of Marbles"},{"floor":12.0,"key":"Centennial Puzzle"},{"floor":14.0,"key":"Unceasing Top"},{"floor":19.0,"key":"Red Mask"},{"floor":23.0,"key":"Ancient Tea Set"},{"floor":26.0,"key":"Bag of Preparation"},{"floor":27.0,"key":"MealTicket"},{"floor":30.0,"key":"Gremlin Horn"},{"floor":40,"key":"Toy Ornithopter"},{"floor":42,"key":"Shovel"},{"floor":43,"key":"Oddly Smooth Stone"},{"floor":44,"key":"Frozen Egg 2"}],"event_choices":[{"damage_healed":0.0,"max_hp_gain":0.0,"max_hp_loss":0.0,"gold_gain":0.0,"event_name":"Match and Keep!","player_choice":"0 cards matched","floor":8.0,"gold_loss":0.0,"damage_taken":0.0,"cards_obtained":[]},{"damage_healed":0.0,"max_hp_gain":0.0,"max_hp_loss":0.0,"gold_gain":0.0,"event_name":"Masked Bandits","player_choice":"Fought Bandits","floor":19.0,"gold_loss":0.0,"damage_taken":0.0},{"damage_healed":0.0,"max_hp_gain":0.0,"max_hp_loss":0.0,"gold_gain":0.0,"event_name":"The Library","player_choice":"Read","floor":20.0,"gold_loss":0.0,"damage_taken":0.0,"cards_obtained":["Reaper"]},{"damage_healed":0.0,"max_hp_gain":0.0,"max_hp_loss":0.0,"gold_gain":0.0,"event_name":"Nest","player_choice":"Joined the Cult","floor":25.0,"gold_loss":0.0,"damage_taken":6.0,"cards_obtained":["RitualDagger"]},{"damage_healed":0.0,"max_hp_gain":0.0,"max_hp_loss":0.0,"gold_gain":0.0,"event_name":"Lab","player_choice":"Got Potions","floor":29.0,"gold_loss":0.0,"damage_taken":0.0},{"damage_healed":0.0,"max_hp_gain":0.0,"max_hp_loss":0.0,"gold_gain":0.0,"event_name":"SensoryStone","player_choice":"Memory 3","floor":36.0,"gold_loss":0.0,"damage_taken":10.0}],"is_beta":false,"boss_relics":[{"not_picked":["Astrolabe","Black Star"],"picked":"Ectoplasm"},{"not_picked":["Empty Cage","Pandora\u0027s Box"],"picked":"Cursed Key"}],"items_purged_floors":[],"is_endless":false,"potions_floor_spawned":[2,3,4,12,19,23,30,31,33,39],"killed_by":"Transient","ascension_level":20}}