{"host":"b1dzdo8uo7e6jx8g","time":1611009965,"event":{"mods":["AchievementEnabler","BaseMod","BetterRewards","Colored Map","Highlight Path","Minty Spire (QoL Compilation)","StSLib"],"gold_per_floor":[112,112,37,54,54,54,85,103,128,138,151,151,151,165,165,293,293,314,71,71,85,85,124,124,124,124,124,124,142,142,156,156,156,156],"floor_reached":33,"language":"ENG","playtime":851,"items_purged":["Regret","Injury"],"score":290,"play_id":"e0235ab1-698f-428f-a017-297a7113b16d","local_time":"20210118234605","is_ascension_mode":false,"campfire_choices":[{"data":"Bash","floor":6,"key":"SMITH"},{"data":"Armaments","floor":12,"key":"SMITH"},{"floor":15,"key":"REST"},{"floor":24,"key":"REST"},{"floor":27,"key":"RECALL"},{"data":"Ghostly","floor":32,"key":"SMITH"}],"circlet_count":0,"master_deck":["Strike_R","Strike_R","Strike_R","Strike_R","Strike_R","Defend_R","Defend_R","Defend_R","Defend_R","Bash+1","Cleave","Heavy Blade","Clash","Armaments+1","Thunderclap","Bludgeon","Demon Form","Ghostly+1","Ghostly","Ghostly","Ghostly","Ghostly","Pummel+1","Armaments","Spot Weakness"],"relics":["Burning Blood","Oddly Smooth Stone","Bronze Scales","Golden Idol","SlaversCollar","Blood Vial","MutagenicStrength","Strawberry","Centennial Puzzle","Bottled Flame"],"acts_visited":["Exordium","TheCity"],"potions_floor_usage":[7,16,33,33,33],"damage_taken":[{"damage":7,"enemies":"2 Louse","floor":1,"turns":3},{"damage":10,"enemies":"Small Slimes","floor":4,"turns":3},{"damage":35,"enemies":"Gremlin Nob","floor":7,"turns":5},{"damage":0,"enemies":"Cultist","floor":8,"turns":3},{"damage":19,"enemies":"Exordium Wildlife","floor":10,"turns":3},{"damage":6,"enemies":"3 Louse","floor":11,"turns":2},{"damage":9,"enemies":"Exordium Thugs","floor":14,"turns":4},{"damage":45,"enemies":"Slime Boss","floor":16,"turns":11},{"damage":23,"enemies":"3 Byrds","floor":18,"turns":3},{"damage":3,"enemies":"Chosen","floor":21,"turns":7},{"damage":25,"enemies":"Book of Stabbing","floor":23,"turns":6},{"damage":15,"enemies":"Shelled Parasite and Fungi","floor":29,"turns":8},{"damage":1,"enemies":"Snecko","floor":31,"turns":5},{"damage":47,"enemies":"Collector","floor":33,"turns":7}],"seed_played":"4907948098722077651","potions_obtained":[{"floor":1,"key":"ColorlessPotion"},{"floor":8,"key":"SpeedPotion"},{"floor":10,"key":"ElixirPotion"},{"floor":14,"key":"Explosive Potion"},{"floor":18,"key":"GamblersBrew"},{"floor":29,"key":"Block Potion"}],"is_trial":false,"path_per_floor":["M","?","$","M","?","R","E","M","T","M","M","R","?","M","R","B",null,"M","$","?","M","?","E","R","?","T","R","T","M","?","M","R","B"],"character_chosen":"IRONCLAD","items_purchased":["Blood Vial"],"campfire_rested":2,"item_purchase_floors":[19],"current_hp_per_floor":[79,79,79,75,75,75,46,52,52,39,39,39,39,36,60,21,80,63,63,40,40,40,28,42,42,42,42,42,35,47,47,47,0,0],"gold":156,"neow_bonus":"","is_daily":false,"chose_seed":false,"campfire_upgraded":3,"win_rate":0.0,"timestamp":1611009965,"path_taken":["M","?","$","M","?","R","E","M","T","M","M","R","?","M","R","BOSS","M","$","?","M","?","E","R","?","T","R","?","M","?","M","R","BOSS"],"items_purchased_type":["Relic"],"build_version":"2020-12-22","purchased_purges":2,"victory":false,"max_hp_per_floor":[80,80,80,80,80,80,80,80,80,80,80,80,80,80,80,80,80,80,80,40,40,40,47,47,47,47,47,47,47,47,47,47,47,47],"card_choices":[{"not_picked":["Wild Strike","Havoc"],"picked":"Cleave","floor":1},{"not_picked":["Flex","Twin Strike"],"picked":"Heavy Blade","floor":4},{"not_picked":["Perfected Strike","Warcry"],"picked":"Searing Blow","floor":7},{"not_picked":["Rage","Shrug It Off"],"picked":"Clash","floor":8},{"not_picked":["Burning Pact","Second Wind"],"picked":"Armaments","floor":10},{"not_picked":["Metallicize","Entrench"],"picked":"Thunderclap","floor":11},{"not_picked":["Burning Pact","Blood for Blood"],"picked":"Bludgeon","floor":14},{"not_picked":["Limit Break","Brutality"],"picked":"Demon Form","floor":16},{"not_picked":["Anger","Hemokinesis","Carnage"],"picked":"SKIP","floor":18},{"not_picked":["Cleave+1","Ghostly Armor+1"],"picked":"Pummel+1","floor":21},{"not_picked":["Cleave+1","Infernal Blade"],"picked":"Armaments","floor":23},{"not_picked":["Twin Strike","True Grit","Reckless Charge"],"picked":"SKIP","floor":29},{"not_picked":["Clothesline","Headbutt"],"picked":"Spot Weakness","floor":31}],"player_experience":212693,"relics_obtained":[{"floor":7,"key":"Bronze Scales"},{"floor":23,"key":"Strawberry"},{"floor":26,"key":"Centennial Puzzle"},{"floor":28,"key":"Bottled Flame"}],"event_choices":[{"damage_healed":0,"gold_gain":0,"player_choice":"Box","damage_taken":0,"relics_obtained":["Oddly Smooth Stone"],"max_hp_gain":0,"max_hp_loss":0,"event_name":"Big Fish","floor":2,"gold_loss":0,"cards_obtained":["Regret"]},{"damage_healed":0,"gold_gain":0,"player_choice":"Leave","damage_taken":0,"max_hp_gain":0,"max_hp_loss":0,"event_name":"The Cleric","floor":5,"gold_loss":0},{"damage_healed":0,"gold_gain":0,"player_choice":"Take Wound","damage_taken":0,"relics_obtained":["Golden Idol"],"max_hp_gain":0,"max_hp_loss":0,"event_name":"Golden Idol","floor":13,"gold_loss":0,"cards_obtained":["Injury"]},{"damage_healed":0,"gold_gain":0,"player_choice":"Became a Ghost","damage_taken":0,"max_hp_gain":0,"max_hp_loss":40,"event_name":"Ghosts","floor":20,"gold_loss":0,"cards_obtained":["Ghostly","Ghostly","Ghostly","Ghostly","Ghostly"]},{"damage_healed":0,"gold_gain":0,"player_choice":"Inject Mutagens","damage_taken":0,"relics_obtained":["MutagenicStrength"],"max_hp_gain":0,"max_hp_loss":0,"event_name":"Drug Dealer","floor":22,"gold_loss":0},{"damage_healed":0,"gold_gain":0,"player_choice":"Ignored","damage_taken":0,"max_hp_gain":0,"max_hp_loss":0,"event_name":"Cursed Tome","floor":25,"gold_loss":0},{"cards_removed":["Searing Blow"],"damage_healed":12,"gold_gain":0,"player_choice":"Offered Uncommon","damage_taken":0,"max_hp_gain":0,"max_hp_loss":0,"event_name":"Bonfire Elementals","floor":30,"gold_loss":0}],"is_beta":false,"boss_relics":[{"not_picked":["Astrolabe","Velvet Choker"],"picked":"SlaversCollar"}],"items_purged_floors":[3,19],"is_endless":false,"potions_floor_spawned":[1,8,10,14,18,29,31],"killed_by":"Collector","ascension_level":0}}