{"host":"k3cqai9776irl0xe","time":1611009884,"event":{"mods":["BaseMod","Duelist Mod","GifTheSpireLib","Minty Spire (QoL Compilation)","StSLib","The Alterego","The Bug Knight"],"gold_per_floor":[117,117,137,147,95,95,95],"floor_reached":6,"language":"ENG","playtime":581,"items_purged":[],"score":36,"play_id":"ba4a7876-f396-4a9b-8fea-7e14facd6859","local_time":"20210118174444","is_ascension_mode":false,"campfire_choices":[],"circlet_count":0,"master_deck":["HollowMod:NailStrikeStart","HollowMod:NailStrikeStart","HollowMod:NailStrikeStart","HollowMod:NailStrikeStart","HollowMod:QuickDashStart","HollowMod:QuickDashStart","HollowMod:QuickDashStart","HollowMod:QuickDashStart","HollowMod:FocusHealStart","HollowMod:PogoStrike","HollowMod:SoulSplash","HollowMod:SoulMaster","HollowMod:SiblingsSouls","HollowMod:SoulStrike"],"relics":["HollowMod:VesselMask","Eternal Feather"],"acts_visited":["Exordium"],"potions_floor_usage":[],"damage_taken":[{"damage":0,"enemies":"Small Slimes","floor":1,"turns":3},{"damage":1,"enemies":"Jaw Worm","floor":3,"turns":4},{"damage":6,"enemies":"Cultist","floor":4,"turns":4},{"damage":21,"enemies":"Lagavulin","floor":6,"turns":6}],"seed_played":"3703084005668969927","potions_obtained":[{"floor":4,"key":"EssenceOfSteel"}],"is_trial":false,"path_per_floor":["M","?","M","M","$","E"],"character_chosen":"THE_BUGKNIGHT","items_purchased":["HollowMod:SoulStrike"],"campfire_rested":0,"item_purchase_floors":[5],"current_hp_per_floor":[82,75,80,80,80,65,65],"gold":95,"neow_bonus":"TEN_PERCENT_HP_BONUS","is_daily":false,"chose_seed":false,"campfire_upgraded":0,"win_rate":0.0,"timestamp":1611009884,"path_taken":["M","?","M","M","?","E"],"items_purchased_type":["Card"],"build_version":"2020-12-22","purchased_purges":0,"victory":false,"max_hp_per_floor":[82,82,82,82,82,82,82],"card_choices":[{"not_picked":["HollowMod:GoodIntentions","HollowMod:VengefulVoid"],"picked":"HollowMod:SoulSplash","floor":1},{"not_picked":["HollowMod:FallenFury","HollowMod:InfectionAssault"],"picked":"HollowMod:SoulMaster","floor":3},{"not_picked":["HollowMod:TaintedHusks","HollowMod:NewJinnsSoul"],"picked":"HollowMod:SiblingsSouls","floor":4}],"player_experience":29142,"relics_obtained":[],"event_choices":[{"damage_healed":0,"gold_gain":0,"player_choice":"Success","damage_taken":7,"relics_obtained":["Eternal Feather"],"max_hp_gain":0,"max_hp_loss":0,"event_name":"Scrap Ooze","floor":2,"gold_loss":0}],"is_beta":false,"boss_relics":[],"items_purged_floors":[],"is_endless":false,"potions_floor_spawned":[4],"killed_by":"Lagavulin","ascension_level":0}}