{"host":"56d873i5r3uhle0q","time":1611012365,"event":{"mods":["100% Spire Juice","Act Like it!","Aspiration","BaseMod","Block Reminder","Conspire","Gensokyo","Hermit","Hubris","Infinite Spire","Jedi Mod","Marisa????????","Marked Mod","Minty Spire (QoL Compilation)","Replay The Spire","StSLib","The Animator","The Bug Knight","The Cursed","The Marked","The Servant 0.9.4","everything is the same but u backflip on backflip","vexMod","??????REMEMod"],"gold_per_floor":[112,212,212,261,277,277,304,321,321,321,333,241,259,3,3,101,101,117,117,117,132,132,159,159,159,159,159,159,159,159],"floor_reached":29,"language":"ENG","playtime":1276,"items_purged":[],"score":315,"play_id":"f52df8ac-c528-4754-a1fc-0abc8ad72bc4","local_time":"20210118162605","is_ascension_mode":true,"campfire_choices":[{"data":"DevaForm","floor":6.0,"key":"SMITH"},{"data":"Gensokyo:TekeTeke","floor":15.0,"key":"SMITH"}],"circlet_count":0,"master_deck":["Strike_P","Strike_P","Strike_P","Defend_P","Defend_P","Defend_P","Defend_P","Eruption","Vigilance","DevaForm+1","REME_MusicOfDeath","Perseverance+1","Forethought","Gensokyo:TekeTeke+1","Replay:LoomingThreat","Gensokyo:LochNessMonster","ConjureBlade"],"relics":["PureWater","REME_ComplimentaryCards","NeowsBlessing","hubris:Icosahedron","vexMod:Dragonfruit","MealTicket","vexMod:RedPlottingStone","REME_ChargedStone","infinitespire:Eraser","Lantern","Mirror"],"acts_visited":["Gensokyo:Gensokyo","Gensokyo:Gensokyoer"],"potions_floor_usage":[29],"damage_taken":[{"damage":0.0,"enemies":"Gensokyo:Python","floor":1.0,"turns":1.0},{"damage":0.0,"enemies":"Gensokyo:2_Kodama","floor":5.0,"turns":1.0},{"damage":0.0,"enemies":"Gensokyo:Aya","floor":7.0,"turns":1.0},{"damage":9.0,"enemies":"Gensokyo:3_Fairies","floor":8.0,"turns":5.0},{"damage":7.0,"enemies":"Gensokyo:Python_and_Kodama","floor":11.0,"turns":6.0},{"damage":21.0,"enemies":"Gensokyo:2_Rabbits","floor":13.0,"turns":6.0},{"damage":18.0,"enemies":"Gensokyo:Reimu","floor":16.0,"turns":7.0},{"damage":38.0,"enemies":"Gensokyo:CosmicMonolith","floor":18.0,"turns":7.0},{"damage":28.0,"enemies":"Gensokyo:AngelMirror","floor":21.0,"turns":5.0},{"damage":14.0,"enemies":"Gensokyo:Koishi","floor":23.0,"turns":4.0},{"damage":37,"enemies":"Gensokyo:Chomper_and_Gloop","floor":29,"turns":4}],"seed_played":"-4326043371715611489","potions_obtained":[{"floor":1.0,"key":"Death Potion"},{"floor":4.0,"key":"Swift Potion"},{"floor":7.0,"key":"Adrenaline Potion"},{"floor":18.0,"key":"PowerPotion"},{"floor":21.0,"key":"SteroidPotion"}],"is_trial":false,"path_per_floor":["M","?","?","?","M","R","E","M","T","?","M","$","M","COS","R","B",null,"M","?","?","M","$","E","PTL","PTL","?","AVR","T","M"],"character_chosen":"WATCHER","items_purchased":["Forethought"],"campfire_rested":0,"item_purchase_floors":[12],"current_hp_per_floor":[72,72,72,77,77,77,77,68,68,68,61,76,56,56,56,38,77,39,39,39,11,26,12,12,12,12,12,12,0,0],"gold":159,"neow_bonus":"THREE_ENEMY_KILL","is_daily":false,"chose_seed":false,"campfire_upgraded":2,"win_rate":0.0,"timestamp":1611012365,"path_taken":["M","?","?","?","?","R","E","M","T","?","M","$","M","COS","R","BOSS","M","?","?","M","$","E","PTL","PTL","?","AVR","T","M"],"items_purchased_type":["Card"],"build_version":"2020-12-22","purchased_purges":0,"victory":false,"max_hp_per_floor":[72,72,72,77,77,77,77,77,77,77,77,77,77,77,77,77,77,77,70,70,70,70,70,70,70,70,70,70,70,70],"card_choices":[{"not_picked":["Collect","PathToVictory"],"picked":"REME_MusicOfDeath","floor":1.0},{"not_picked":["Evaluate","MarkedMod:FirstStrike","Halt"],"picked":"SKIP","floor":5.0},{"not_picked":["Replay:BluntJabs","ReachHeaven","FollowUp"],"picked":"SKIP","floor":7.0},{"not_picked":["ClearTheMind","SandsOfTime"],"picked":"Perseverance","floor":8.0},{"not_picked":["BowlingBash","Swivel","Replay:Vibes"],"picked":"SKIP","floor":11.0},{"not_picked":["Replay:BluntJabs","FollowUp","WaveOfTheHand"],"picked":"SKIP","floor":13.0},{"not_picked":["Blasphemy","Alpha"],"picked":"Replay:LoomingThreat","floor":16.0},{"not_picked":["EmptyMind+1","Replay:Battleflow","MarkedMod:FirstStrike+1"],"picked":"SKIP","floor":18.0},{"not_picked":["Gensokyo:MenInBlack","Gensokyo:MissMary"],"picked":"Gensokyo:LochNessMonster","floor":19.0},{"not_picked":["EmptyFist+1","Replay:ManipulateFuture+1","SashWhip"],"picked":"SKIP","floor":21.0},{"not_picked":["Swivel+1","Conclude"],"picked":"ConjureBlade","floor":23.0}],"player_experience":553651,"relics_obtained":[{"floor":4.0,"key":"vexMod:Dragonfruit"},{"floor":7.0,"key":"MealTicket"},{"floor":9.0,"key":"vexMod:RedPlottingStone"},{"floor":23.0,"key":"Lantern"},{"floor":28,"key":"Mirror"}],"event_choices":[],"is_beta":false,"boss_relics":[{"not_picked":["conspire:RoyalGoblet","vexMod:FluxCapacitor"],"picked":"REME_ChargedStone"}],"items_purged_floors":[],"is_endless":false,"potions_floor_spawned":[1,7,8,18,21],"killed_by":"Gensokyo:Chomper_and_Gloop","ascension_level":2}}