{"host":"igi9xpgoc000gxf5","time":1611006568,"event":{"mods":["BaseMod","Colored Powertips","Downfall","Googly Eyes","Minty Spire (QoL Compilation)","StSLib"],"gold_per_floor":[99,119,134,147,165,115,115,25,25,39,39,51,51,67,77,174,174,174,192,212,232,232,232],"floor_reached":22,"language":"ENG","playtime":1319,"items_purged":[],"score":182,"play_id":"70cfe4f7-65b2-4b96-9dc3-c232fbd07e1c","local_time":"20210118224928","is_ascension_mode":false,"campfire_choices":[{"data":"bronze:Goto","floor":1,"key":"SMITH"},{"data":"bronze:BugBarrage","floor":11,"key":"SMITH"},{"data":"bronze:Verify","floor":18,"key":"SMITH"}],"circlet_count":0,"master_deck":["bronze:Strike","bronze:Strike","bronze:Strike","bronze:Strike","bronze:Defend","bronze:Defend","bronze:Defend","bronze:Defend","bronze:Replicate+1","bronze:Goto+1","bronze:Constructor+1","bronze:WildBeam","bronze:Frontload","bronze:BugBarrage+1","bronze:ChosenStrike","bronze:ChosenStrike","bronze:ChosenStrike","bronze:Optimize","bronze:Repair","bronze:Terminator","bronze:Branch","bronze:FineTuning","bronze:Verify+1","bronze:Invalidate","bronze:ChildClass","bronze:Turbo+1"],"relics":["bronze:BronzeCore","InkBottle","SlaversCollar"],"acts_visited":["Exordium","TheCity"],"potions_floor_usage":[16],"damage_taken":[{"damage":0,"enemies":"Cultist","floor":2,"turns":4},{"damage":0,"enemies":"Jaw Worm","floor":3,"turns":3},{"damage":2,"enemies":"Small Slimes","floor":4,"turns":3},{"damage":8,"enemies":"Gremlin Gang","floor":5,"turns":6},{"damage":0,"enemies":"downfall:FleeingMerchant","floor":6,"turns":4},{"damage":0,"enemies":"downfall:FleeingMerchant","floor":8,"turns":4},{"damage":0,"enemies":"Red Slaver","floor":10,"turns":2},{"damage":0,"enemies":"Large Slime","floor":12,"turns":4},{"damage":16,"enemies":"Gremlin Gang","floor":14,"turns":6},{"damage":0,"enemies":"Exordium Wildlife","floor":15,"turns":2},{"damage":68,"enemies":"SI_SHIV_ARCHETYPE","floor":16,"turns":13},{"damage":28,"enemies":"Shell Parasite","floor":19,"turns":6},{"damage":34,"enemies":"Spheric Guardian","floor":20,"turns":6},{"damage":6,"enemies":"Cultist and Chosen","floor":21,"turns":4},{"damage":27,"enemies":"Shelled Parasite and Fungi","floor":22,"turns":2}],"seed_played":"171319804235207767","potions_obtained":[{"floor":2,"key":"AttackPotion"},{"floor":10,"key":"Ancient Potion"},{"floor":14,"key":"bronze:CleanCodePotion"},{"floor":16,"key":"Weak Potion"},{"floor":20,"key":"LiquidBronze"}],"is_trial":false,"path_per_floor":["R","M","M","M","M","$","T","$","?","M","R","M","?","M","M","B",null,"R","M","M","M","M"],"character_chosen":"THE_AUTOMATON","items_purchased":["bronze:ChosenStrike","bronze:Optimize"],"campfire_rested":0,"item_purchase_floors":[6,8],"current_hp_per_floor":[70,70,70,68,60,60,60,60,60,60,60,70,70,64,64,2,70,70,52,26,27,0,0],"gold":232,"neow_bonus":"UPGRADE_CARD","is_daily":false,"chose_seed":false,"campfire_upgraded":3,"win_rate":0.0,"timestamp":1611006568,"path_taken":["R","M","M","?","M","$","T","$","?","M","R","M","?","M","M","BOSS","R","M","M","?","M"],"items_purchased_type":["Card","Card"],"build_version":"2020-12-22","purchased_purges":0,"victory":false,"max_hp_per_floor":[70,70,70,70,70,70,70,70,70,70,70,70,70,70,70,70,70,70,70,70,70,70,70],"card_choices":[{"not_picked":["bronze:Return","bronze:BuggyMess"],"picked":"bronze:Constructor","floor":2},{"not_picked":["bronze:BitShift","bronze:Return"],"picked":"bronze:WildBeam","floor":3},{"not_picked":["bronze:FineTuning","bronze:DelayedSlice"],"picked":"bronze:Frontload","floor":4},{"not_picked":["bronze:Frontload","bronze:Shield"],"picked":"bronze:BugBarrage","floor":5},{"not_picked":["bronze:WhirlingStrike","bronze:WildBeam"],"picked":"bronze:ChosenStrike","floor":6},{"not_picked":["bronze:ForLoop","bronze:MaxOutput"],"picked":"bronze:ChosenStrike","floor":8},{"not_picked":["bronze:ChosenStrike","bronze:CutThrough"],"picked":"bronze:Repair","floor":10},{"not_picked":["bronze:BugBarrage","bronze:Iterate"],"picked":"bronze:Terminator","floor":12},{"not_picked":["bronze:BuggyMess","bronze:Terminator"],"picked":"bronze:Branch","floor":14},{"not_picked":["bronze:MaxOutput","bronze:Boost"],"picked":"bronze:FineTuning","floor":15},{"not_picked":["bronze:Virus","bronze:FindAndReplace"],"picked":"bronze:Verify","floor":16},{"not_picked":["bronze:Shield","bronze:BugBarrage"],"picked":"bronze:Invalidate","floor":19},{"not_picked":["bronze:Repulsor","bronze:NullPointer"],"picked":"bronze:ChildClass","floor":20},{"not_picked":["bronze:NullPointer","bronze:Iterate"],"picked":"bronze:Turbo+1","floor":21}],"player_experience":945179,"relics_obtained":[{"floor":7,"key":"InkBottle"}],"event_choices":[{"damage_healed":0,"gold_gain":0,"player_choice":"Grow","damage_taken":0,"max_hp_gain":0,"max_hp_loss":0,"event_name":"Living Wall","floor":9,"gold_loss":0,"cards_upgraded":["bronze:Constructor"]}],"is_beta":false,"boss_relics":[{"not_picked":["Snecko Eye","Empty Cage"],"picked":"SlaversCollar"}],"items_purged_floors":[],"is_endless":false,"potions_floor_spawned":[2,10,14,15,16,20],"killed_by":"Shelled Parasite and Fungi","ascension_level":0}}