{"host":"p7cjtxxrilhp4dw7","time":1611011363,"event":{"mods":["BaseMod","Block Reminder","Colored Map","Highlight Path","Minty Spire (QoL Compilation)","Replay The Spire","StSLib","The Hierophant"],"gold_per_floor":[110,152,177,177,177,206,206,232,232,257,271,271,271,281,281,378,378,392,392,410,426,445,445,464,464,514,549,560,560,591,591,591,693,693,713,275,235,247,265,290,290,290,313,313,326,326,351,363,363,363],"floor_reached":51,"language":"ENG","playtime":3149,"items_purged":["Strike_B"],"score":968,"play_id":"79b47071-b2ec-430e-b52c-b39cbe5df3a3","local_time":"20210118160923","is_ascension_mode":true,"campfire_choices":[{"floor":7,"key":"REST"},{"floor":13,"key":"REST"},{"data":"Double Energy","floor":15,"key":"SMITH"},{"data":"Zap","floor":15,"key":"SMITH"},{"data":"Beam Cell","floor":23,"key":"SMITH"},{"data":"Dualcast","floor":23,"key":"SMITH"},{"data":"Sunder","floor":25,"key":"SMITH"},{"data":"Beam Cell","floor":25,"key":"SMITH"},{"floor":29,"key":"RECALL"},{"data":"Leap","floor":32,"key":"SMITH"},{"data":"Go for the Eyes","floor":32,"key":"SMITH"},{"data":"Blind","floor":42,"key":"SMITH"},{"data":"Dramatic Entrance","floor":42,"key":"SMITH"},{"data":"All For One","floor":44,"key":"SMITH"},{"data":"Self Repair","floor":44,"key":"SMITH"},{"data":"Defend_B","floor":46,"key":"SMITH"},{"data":"Defend_B","floor":46,"key":"SMITH"},{"floor":49,"key":"REST"}],"circlet_count":0,"master_deck":["Strike_B+1","Strike_B+1","Defend_B+1","Defend_B+1","Defend_B","Defend_B","Zap+1","Dualcast+1","Sweeping Beam","Go for the Eyes+1","Beam Cell+1","Rebound","Core Surge","Double Energy+1","Self Repair+1","All For One+1","Leap+1","RitualDagger+1","Conserve Battery+1","Beam Cell+1","Gash","Sunder+1","ReplaySolidLightProjector+1","Go for the Eyes+1","CurseOfTheBell","Streamline+1","ReplayTheSpireMod:Omega Cannon+1","Dramatic Entrance+1","Core Surge","Sweeping Beam+1","Blind+1","Gash","White Noise+1"],"relics":["Cracked Core","NeowsBlessing","Replay:Arrowhead","Vajra","Replay:Ringing Soul","Blue Candle","Thread and Needle","Unceasing Top","Mango","Sozu","Whetstone","MutagenicStrength","Calling Bell","Orichalcum","White Beast Statue","Bird Faced Urn","Sling","Singing Bowl","ReplayTheSpireMod:Lightbulb","Lizard Tail"],"acts_visited":["Exordium","TheCity","TheBeyond"],"potions_floor_usage":[16,24,50],"damage_taken":[{"damage":0,"enemies":"Jaw Worm","floor":1,"turns":1},{"damage":0,"enemies":"3 Sentries","floor":6,"turns":1},{"damage":0,"enemies":"Replay:BlueRogue","floor":8,"turns":1},{"damage":34,"enemies":"Lagavulin","floor":10,"turns":7},{"damage":2,"enemies":"2 Louse","floor":11,"turns":2},{"damage":0,"enemies":"Small Slimes","floor":14,"turns":2},{"damage":78,"enemies":"Hexaghost","floor":16,"turns":10},{"damage":3,"enemies":"Chosen","floor":18,"turns":3},{"damage":0,"enemies":"Spheric Guardian","floor":20,"turns":3},{"damage":0,"enemies":"Chosen and Byrds","floor":21,"turns":4},{"damage":0,"enemies":"Snecko","floor":22,"turns":3},{"damage":4,"enemies":"Shelled Parasite and Fungi","floor":24,"turns":2},{"damage":7,"enemies":"Replay:Snechameleon","floor":27,"turns":3},{"damage":3,"enemies":"Centurion and Healer","floor":28,"turns":3},{"damage":7,"enemies":"Book of Stabbing","floor":30,"turns":3},{"damage":27,"enemies":"Champ","floor":33,"turns":7},{"damage":1,"enemies":"Orb Walker","floor":35,"turns":2},{"damage":0,"enemies":"3 Shapes","floor":38,"turns":1},{"damage":32,"enemies":"Maw","floor":39,"turns":6},{"damage":0,"enemies":"Reptomancer","floor":40,"turns":2},{"damage":1,"enemies":"Sphere and 2 Shapes","floor":45,"turns":1},{"damage":36,"enemies":"Nemesis","floor":47,"turns":4},{"damage":0,"enemies":"Transient","floor":48,"turns":5},{"damage":123,"enemies":"Replay:Hell Engine","floor":50,"turns":10}],"seed_played":"6955688320033677140","potions_obtained":[{"floor":6,"key":"Elixir"},{"floor":14,"key":"Dexterity Potion"},{"floor":16,"key":"AttackPotion"}],"is_trial":false,"path_per_floor":["M","?","T","?","?","E","R","E","T","E","M","?","R","M","R","B",null,"M","?","M","M","M","R","M","R","T","E","M","R","E","?","R","B",null,"M","$","?","M","M","E","?","R","T","R","M","R","E","M","R","B",null],"character_chosen":"DEFECT","items_purchased":["ReplayTheSpireMod:Omega Cannon+1","Sling","Dramatic Entrance"],"campfire_rested":3,"item_purchase_floors":[36,36,36],"current_hp_per_floor":[68,50,50,50,43,46,69,72,72,55,56,56,86,89,89,21,86,93,90,93,103,106,106,105,105,105,108,105,105,101,101,101,81,122,124,127,127,127,107,110,110,110,110,110,112,112,90,105,152,43],"gold":363,"neow_bonus":"THREE_ENEMY_KILL","is_daily":false,"chose_seed":false,"campfire_upgraded":14,"win_rate":0.0,"timestamp":1611011363,"path_taken":["M","?","?","?","?","E","R","E","T","E","M","?","R","M","R","BOSS","M","?","M","M","M","R","M","R","T","E","M","R","E","?","R","BOSS","M","$","?","M","?","E","?","R","T","R","M","R","E","M","R","BOSS"],"items_purchased_type":["Card","Relic","Card"],"build_version":"2020-12-22","purchased_purges":1,"victory":true,"max_hp_per_floor":[75,75,75,75,75,78,78,81,81,98,101,101,101,104,104,107,107,110,113,116,119,122,122,125,125,125,128,128,128,131,131,131,131,134,137,140,140,140,143,146,151,151,151,151,154,154,156,159,159,159],"card_choices":[{"not_picked":["FIFO Queue","Beam Cell"],"picked":"Sweeping Beam","floor":1},{"not_picked":["Stack","Hologram"],"picked":"Go for the Eyes","floor":2},{"not_picked":["Defragment","Time Bomb"],"picked":"Beam Cell","floor":6},{"not_picked":["Storm","Defragment"],"picked":"Rebound","floor":8},{"not_picked":["Storm","Lockon"],"picked":"Core Surge","floor":10},{"not_picked":["Coolheaded","BasicCrystalCard"],"picked":"Double Energy","floor":11},{"not_picked":["Rebound","Panic Button"],"picked":"Self Repair","floor":14},{"not_picked":["ReplayTheSpireMod:Fabricate Wheel","Electrodynamics"],"picked":"All For One","floor":16},{"not_picked":["Compile Driver","Steam Power"],"picked":"Leap","floor":18},{"not_picked":["Redo","Rebound"],"picked":"Conserve Battery+1","floor":20},{"not_picked":["Leap","Panic Button"],"picked":"Beam Cell","floor":21},{"not_picked":["Conserve Battery+1","Compile Driver"],"picked":"Gash","floor":22},{"not_picked":["Force Field","Storm+1"],"picked":"Sunder","floor":24},{"not_picked":["FTL","Turbo"],"picked":"ReplaySolidLightProjector+1","floor":27},{"not_picked":["BasicCrystalCard+1","Rebound","Barrage"],"picked":"SKIP","floor":28},{"not_picked":["Sweeping Beam+1","Heatsinks"],"picked":"Go for the Eyes+1","floor":30},{"not_picked":["Cold Snap","Loop+1"],"picked":"Streamline","floor":35},{"not_picked":["Rebound","Barrage+1","Leap"],"picked":"SKIP","floor":38},{"not_picked":["Time Bomb","Darkness"],"picked":"Core Surge","floor":39},{"not_picked":["Recycle+1","Compile Driver"],"picked":"Sweeping Beam+1","floor":40},{"not_picked":["Madness","Panache"],"picked":"Blind","floor":41},{"not_picked":["Dark Shackles","Forethought","Purity"],"picked":"Singing Bowl","floor":41},{"not_picked":["Fusion","Leap+1"],"picked":"Gash","floor":45},{"not_picked":["Steam+1","Compile Driver+1","Go for the Eyes+1"],"picked":"Singing Bowl","floor":47},{"not_picked":["Panic Button+1","ReplayTheSpireMod:Reroute Power+1"],"picked":"White Noise+1","floor":48}],"player_experience":490288,"relics_obtained":[{"floor":2,"key":"Replay:Arrowhead"},{"floor":3,"key":"Vajra"},{"floor":6,"key":"Blue Candle"},{"floor":8,"key":"Thread and Needle"},{"floor":9,"key":"Unceasing Top"},{"floor":10,"key":"Mango"},{"floor":30,"key":"Whetstone"},{"floor":34,"key":"Orichalcum"},{"floor":34,"key":"White Beast Statue"},{"floor":34,"key":"Bird Faced Urn"},{"floor":40,"key":"Singing Bowl"},{"floor":43,"key":"ReplayTheSpireMod:Lightbulb"},{"floor":47,"key":"Lizard Tail"}],"event_choices":[{"damage_healed":0,"gold_gain":0,"player_choice":"Success","damage_taken":7,"relics_obtained":["Replay:Ringing Soul"],"max_hp_gain":0,"max_hp_loss":0,"event_name":"Scrap Ooze","floor":5,"gold_loss":0},{"cards_removed":["Strike_B"],"damage_healed":0,"gold_gain":0,"player_choice":"Purged","damage_taken":0,"max_hp_gain":0,"max_hp_loss":0,"event_name":"Purifier","floor":12,"gold_loss":0},{"damage_healed":0,"gold_gain":0,"player_choice":"Joined the Cult","damage_taken":6,"max_hp_gain":0,"max_hp_loss":0,"event_name":"Nest","floor":19,"gold_loss":0,"cards_obtained":["RitualDagger"]},{"damage_healed":0,"gold_gain":0,"player_choice":"Inject Mutagens","damage_taken":0,"relics_obtained":["MutagenicStrength"],"max_hp_gain":0,"max_hp_loss":0,"event_name":"Drug Dealer","floor":31,"gold_loss":0},{"damage_healed":0,"gold_gain":0,"player_choice":"Upgraded Two","damage_taken":0,"max_hp_gain":0,"max_hp_loss":0,"event_name":"Designer","floor":37,"gold_loss":40,"cards_upgraded":["Streamline","Strike_B"]},{"damage_healed":0,"gold_gain":0,"player_choice":"Memory 2","damage_taken":5,"max_hp_gain":0,"max_hp_loss":0,"event_name":"SensoryStone","floor":41,"gold_loss":0}],"is_beta":false,"boss_relics":[{"not_picked":["Painkiller Herb","SlaversCollar"],"picked":"Sozu"},{"not_picked":["Replay:Grab Bag","Inserter"],"picked":"Calling Bell"}],"items_purged_floors":[36],"is_endless":false,"potions_floor_spawned":[6,14,16,18,20,22,28,33,35,38,39,40,45,47,48],"ascension_level":8}}