{"host":"38abhf7uonnoqlzr","time":1611014160,"event":{"mods":["Act Like it!","Aspiration","BaseMod","Better Note","Better Third Choice","Block Reminder","CapriCore","Colored Map","Conspire","Displayed Cursed Tome","Dota2Spire","Energized Spire","Friendly Minions","Hallownest","Hubris","Minty Spire (QoL Compilation)","Pale of the Ancients","Prisma Mod","Rare Cards Sparkle","Relic Stats","Replay The Spire","Spicy Shops","StSLib","Waifu the Spire"],"gold_per_floor":[61,73,73,73,92,218,234,261,288,78,94,127,127,139,139,242,242,261,261,73,73,73,134,153,153,176,176,232,332,381,76,76,208,208,222,32,81,146,189,253,350,399,399,399,444,5,5,45,45,175,222,302,316,26,26,100,100,100,100,130],"floor_reached":61,"language":"ENG","playtime":6704,"items_purged":["ReplayTheSpireMod:Splinters"],"score":1487,"play_id":"4c05ab6a-6b9a-48ce-a3b2-359bc68103c9","local_time":"20210119005600","is_ascension_mode":false,"campfire_choices":[{"data":"Metamorphosis","floor":13.0,"key":"SMITH"},{"data":"PrismaMod:IllyaUberChannel","floor":15.0,"key":"SMITH"},{"floor":25.0,"key":"DIG"},{"floor":27.0,"key":"REST"},{"floor":49.0,"key":"DIG"},{"floor":55.0,"key":"DIG"}],"circlet_count":0,"master_deck":["PrismaMod:IllyaCommonAttack","PrismaMod:IllyaCommonDefend","PrismaMod:IllyaCommonAttack","PrismaMod:IllyaCommonDefend","PrismaMod:IllyaCommonAttack","PrismaMod:IllyaCommonDefend","PrismaMod:IllyaCommonAttack+1","PrismaMod:IllyaCommonDefend","PrismaMod:IllyaCommonAttack+1","PrismaMod:IllyaCommonDefend","PrismaMod:IllyaUncommonAttack","PrismaMod:IllyaCommonAttack","PrismaMod:IllyaUberPoisonChannel+1","PrismaMod:IllyaPoisonTippedWeapons","PrismaMod:IllyaSaphire","PrismaMod:IllyaUberChannel+1","PrismaMod:IllyaMinorReinForce","PrismaMod:IllyaDualEvoke","PrismaMod:IllyaDetonatingBlow+1","Metamorphosis+1","PrismaMod:IllyaPoisonTippedWeapons+1","PrismaMod:IllyaFeed","PrismaMod:IllyaCommandSeal","PrismaMod:IllyaUncommonAOEAttack","PrismaMod:IllyaInstallLancer","PrismaMod:IllyaAlice","PrismaMod:IllyaGrail+1","PrismaMod:IllyaUpgradeOrbs+1","PrismaMod:IllyaCheapAttack+1","PrismaMod:IllyaStunPoison+1","PrismaMod:IllyaUberPoisonChannel+1","PrismaMod:IllyaSaphire+1","PrismaMod:IllyaBride+1","PrismaMod:IllyaGrail","PrismaMod:IllyaMinorRapidFire+1","PrismaMod:IllyaFriendMaker+1","PrismaMod:IllyaInstallShielder","PrismaMod:IllyaAlice+1","PrismaMod:IllyaCarnivalAttack+1","PrismaMod:IllyaCommandSeal","PrismaMod:IllyaAlice+1","PrismaMod:IllyaBerserCAR+1","PrismaMod:IllyaPoisonTippedWeapons","Parasite","PrismaMod:IllyaFeed","PrismaMod:IllyaCheapAttack+1","PrismaMod:IllyaCheapDefend+1","PrismaMod:IllyaUberDefendChannel+1","PrismaMod:IllyaBlindPoisonToss+1","ReplayTheSpireMod:Brewmster+1","PrismaMod:IllyaCarnivalPrismaAstolfo+1","PrismaMod:IllyaPartialInstallAssassin","PrismaMod:IllyaUncommonAttack+1","PrismaMod:IllyaStunPoison+1","PrismaMod:IllyaBoysLove+1","PrismaMod:IllyaUberAttackChannel+1","PrismaMod:IllyaPoisonTippedWeapons+1","PrismaMod:IllyaFeed"],"relics":["energizedSpire:HugeHouse","hubris:Icosahedron","Pocketwatch","Counterbalance","Simple Rune","Garlic","energizedSpire:MagnifyingGlass","Golden Egg","Replay:Wax Seal","Orrery","Dota2Spire:HandOfMidas","Darkstone Periapt","Replay:Multitool","CaptainsWheel","Dream Catcher","Lantern","hubris:BundleOfHerbs","energizedSpire:RedRose","Membership Card","Dota2Spire:Vanguard","Bottled Tornado","PrismaMod:AliceRelic","aspiration:ChemicalBlood","Dota2Spire:AghanimScepter","hubris:Spice","Orichalcum","paleoftheancients:Timepiece","paleoftheancients:KeyRelic","Gremlin Horn","Spirit Poop","paleoftheancients:SoulOfTheShowman","paleoftheancients:BlurryLens","conspire:DecoderRing","Dota2Spire:Mjollnir","Dota2Spire:MagicBottle","Ring of Misfortune","Ring of Peace","hubris:Metronome"],"acts_visited":["Exordium","TheCity","TheBeyond","TheBeyond"],"potions_floor_usage":[60,60,60,60,60,60,60,60,60,60,60,60,60],"damage_taken":[{"damage":0.0,"enemies":"Hallownest:monsterHuskGuard","floor":1.0,"turns":4.0},{"damage":0.0,"enemies":"Hallownest:2_MossCreeps","floor":2.0,"turns":4.0},{"damage":0.0,"enemies":"Hallownest:monsterHuskWarrior","floor":5.0,"turns":3.0},{"damage":9.0,"enemies":"Hallownest:eliteMossKnight","floor":6.0,"turns":6.0},{"damage":0.0,"enemies":"Hallownest:monsterFoolEater","floor":7.0,"turns":4.0},{"damage":9.0,"enemies":"Hallownest:eliteCrystalGuardian","floor":8.0,"turns":5.0},{"damage":22.0,"enemies":"Hallownest:2_Tiktiks_1_Baldur_1_Crawlid","floor":11.0,"turns":4.0},{"damage":18.0,"enemies":"Hallownest:eliteMossKnight","floor":12.0,"turns":6.0},{"damage":2.0,"enemies":"Hallownest:monsterMossCharger","floor":14.0,"turns":4.0},{"damage":18.0,"enemies":"Hallownest:BossFalseKnight","floor":16.0,"turns":6.0},{"damage":38.0,"enemies":"conspire:FuzzyDice","floor":18.0,"turns":5.0},{"damage":28.0,"enemies":"conspire:SneckoGhost","floor":23.0,"turns":6.0},{"damage":0.0,"enemies":"Spheric Guardian","floor":24.0,"turns":3.0},{"damage":2.0,"enemies":"Gremlin Leader","floor":28.0,"turns":5.0},{"damage":38.0,"enemies":"Chosen and Byrds","floor":30.0,"turns":5.0},{"damage":45.0,"enemies":"Collector","floor":33.0,"turns":9.0},{"damage":28.0,"enemies":"3 Shapes","floor":35.0,"turns":4.0},{"damage":18.0,"enemies":"3 Darklings","floor":37.0,"turns":3.0},{"damage":11.0,"enemies":"Writhing Mass","floor":39.0,"turns":5.0},{"damage":41.0,"enemies":"Nemesis","floor":40.0,"turns":7.0},{"damage":22.0,"enemies":"Spire Growth","floor":42.0,"turns":5.0},{"damage":13.0,"enemies":"Transient","floor":45.0,"turns":5.0},{"damage":19.0,"enemies":"3 Darklings","floor":48.0,"turns":5.0},{"damage":94.0,"enemies":"conspire:OrnateMirror","floor":50.0,"turns":8.0},{"damage":105.0,"enemies":"conspire:OrnateMirror","floor":51.0,"turns":9.0},{"damage":96.0,"enemies":"conspire:OrnateMirror","floor":52.0,"turns":9.0},{"damage":0.0,"enemies":"paleoftheancients:BASlime1","floor":53.0,"turns":1.0},{"damage":90.0,"enemies":"paleoftheancients:BASlime1","floor":56.0,"turns":9.0},{"damage":98,"enemies":"paleoftheancients:N","floor":60,"turns":9}],"seed_played":"-4588259587007390756","potions_obtained":[{"floor":1.0,"key":"Fruit Juice"},{"floor":6.0,"key":"Weak Potion"},{"floor":8.0,"key":"LiquidBronze"},{"floor":11.0,"key":"SneckoOil"},{"floor":16.0,"key":"Dexterity Potion"},{"floor":23.0,"key":"ColorlessPotion"},{"floor":24.0,"key":"LiquidBronze"},{"floor":30.0,"key":"Energy Potion"},{"floor":37.0,"key":"Adrenaline Potion"},{"floor":38.0,"key":"Fruit Juice"},{"floor":38.0,"key":"Reflective Coating"},{"floor":39.0,"key":"Swift Potion"},{"floor":42.0,"key":"CultistPotion"},{"floor":50.0,"key":"Explosive Potion"},{"floor":50.0,"key":"ColorlessPotion"},{"floor":51.0,"key":"PowerPotion"},{"floor":52.0,"key":"Dexterity Potion"},{"floor":56.0,"key":"Weak Potion"}],"is_trial":false,"path_per_floor":["M","M","?","?","M","E","M","E","T","$","M","E","R","M","R","B",null,"M","?","$","T","?","E","M","R","T","R","E","?","M","$","R","B",null,"M","$","M","?","M","E","R","M","T","R","M","$","?","M","R_BF","B","M","M","M","$","R","M","R","T","?","B",null],"character_chosen":"ILLYA","items_purchased":["Metamorphosis","PrismaMod:IllyaPoisonTippedWeapons","Replay:Wax Seal","Orrery","Dota2Spire:HandOfMidas","PrismaMod:IllyaInstallShielder","hubris:BundleOfHerbs","Membership Card","PrismaMod:IllyaAlice","ReplayTheSpireMod:Brewmster","aspiration:ChemicalBlood","Dota2Spire:AghanimScepter","hubris:Spice","conspire:DecoderRing","Dota2Spire:Mjollnir","PrismaMod:IllyaPoisonTippedWeapons"],"campfire_rested":1,"item_purchase_floors":[10,10,20,20,20,31,31,36,36,46,46,46,46,54,54,54],"current_hp_per_floor":[75,75,75,75,75,66,66,57,57,57,35,45,45,58,58,43,75,47,47,47,47,47,33,38,38,38,60,75,75,37,37,59,38,75,55,55,47,58,76,72,72,81,81,92,92,100,100,99,99,103,58,71,97,97,97,103,103,103,103,37],"gold":130,"neow_bonus":"BOSS_RELIC","is_daily":false,"chose_seed":false,"campfire_upgraded":2,"win_rate":0.0,"timestamp":1611014160,"path_taken":["M","?","?","?","M","E","M","E","T","$","M","E","R","?","R","BOSS","M","?","$","?","?","E","?","R","T","R","E","?","M","?","R","BOSS","M","$","M","?","M","E","R","M","T","R","M","$","?","M","R_BF","BOSS","M","M","?","$","R","M","R","T","?","BOSS"],"items_purchased_type":["Card","Card","Relic","Relic","Relic","Card","Relic","Relic","Card","Card","Relic","Relic","Relic","Relic","Relic","Card"],"build_version":"2020-12-22","purchased_purges":1,"victory":true,"max_hp_per_floor":[75,75,75,75,75,75,75,75,75,75,75,75,75,75,75,75,75,75,75,75,75,75,75,75,75,75,75,75,75,75,75,75,75,75,75,75,75,86,92,92,92,92,92,92,92,100,100,100,100,103,103,103,103,103,103,103,103,103,103,103],"relic_stats":{"Darkstone Periapt":12,"Dream Catcher":3,"Gremlin Horn":[8,8],"counters":[29,158],"Orichalcum":[66],"obtain_stats":[{"Darkstone Periapt":21,"Golden Egg":19,"Lantern":28,"hubris:Metronome":58,"Gremlin Horn":50,"Spirit Poop":50,"Dota2Spire:Vanguard":40,"Replay:Multitool":23,"Bottled Tornado":43,"Dota2Spire:MagicBottle":55,"PrismaMod:PrismaRuby":0,"Dream Catcher":26,"hubris:Icosahedron":3,"conspire:DecoderRing":54,"Ring of Peace":57,"Dota2Spire:Mjollnir":54,"energizedSpire:HugeHouse":0,"Replay:Wax Seal":20,"aspiration:ChemicalBlood":46,"energizedSpire:RedRose":34,"Dota2Spire:HandOfMidas":20,"paleoftheancients:KeyRelic":50,"paleoftheancients:BlurryLens":53,"Counterbalance":8,"Orichalcum":49,"PrismaMod:AliceRelic":45,"paleoftheancients:Timepiece":50,"CaptainsWheel":25,"Dota2Spire:AghanimScepter":46,"hubris:Spice":46,"Ring of Misfortune":57,"Orrery":20,"Simple Rune":9,"hubris:BundleOfHerbs":31,"Garlic":12,"energizedSpire:MagnifyingGlass":17,"Membership Card":36,"paleoftheancients:SoulOfTheShowman":51,"Pocketwatch":6},{"Darkstone Periapt":11,"Golden Egg":11,"Lantern":14,"hubris:Metronome":28,"Gremlin Horn":24,"Spirit Poop":24,"Dota2Spire:Vanguard":20,"Replay:Multitool":12,"Bottled Tornado":21,"Dota2Spire:MagicBottle":27,"PrismaMod:PrismaRuby":0,"Dream Catcher":13,"hubris:Icosahedron":2,"conspire:DecoderRing":27,"Ring of Peace":28,"Dota2Spire:Mjollnir":27,"energizedSpire:HugeHouse":0,"Replay:Wax Seal":11,"aspiration:ChemicalBlood":22,"energizedSpire:RedRose":16,"Dota2Spire:HandOfMidas":11,"paleoftheancients:KeyRelic":24,"paleoftheancients:BlurryLens":27,"Counterbalance":6,"Orichalcum":23,"PrismaMod:AliceRelic":22,"paleoftheancients:Timepiece":24,"CaptainsWheel":13,"Dota2Spire:AghanimScepter":22,"hubris:Spice":22,"Ring of Misfortune":28,"Orrery":11,"Simple Rune":6,"hubris:BundleOfHerbs":15,"Garlic":8,"energizedSpire:MagnifyingGlass":10,"Membership Card":17,"paleoftheancients:SoulOfTheShowman":25,"Pocketwatch":4},{"Darkstone Periapt":51,"Golden Egg":51,"Lantern":65,"hubris:Metronome":149,"Gremlin Horn":121,"Spirit Poop":121,"Dota2Spire:Vanguard":98,"Replay:Multitool":57,"Bottled Tornado":103,"Dota2Spire:MagicBottle":140,"PrismaMod:PrismaRuby":0,"Dream Catcher":60,"hubris:Icosahedron":8,"conspire:DecoderRing":140,"Ring of Peace":149,"Dota2Spire:Mjollnir":140,"energizedSpire:HugeHouse":0,"Replay:Wax Seal":51,"aspiration:ChemicalBlood":108,"energizedSpire:RedRose":79,"Dota2Spire:HandOfMidas":51,"paleoftheancients:KeyRelic":121,"paleoftheancients:BlurryLens":140,"Counterbalance":26,"Orichalcum":113,"PrismaMod:AliceRelic":108,"paleoftheancients:Timepiece":121,"CaptainsWheel":60,"Dota2Spire:AghanimScepter":108,"hubris:Spice":108,"Ring of Misfortune":149,"Orrery":51,"Simple Rune":26,"hubris:BundleOfHerbs":70,"Garlic":36,"energizedSpire:MagnifyingGlass":46,"Membership Card":83,"paleoftheancients:SoulOfTheShowman":130,"Pocketwatch":17}],"Pocketwatch":[65]},"card_choices":[{"not_picked":["PrismaMod:IllyaCheapDefend","PrismaMod:IllyaUpgradeOrbs"],"picked":"PrismaMod:IllyaPoisonTippedWeapons","floor":1.0},{"not_picked":["PrismaMod:IllyaMaid","PrismaMod:IllyaGun"],"picked":"PrismaMod:IllyaSaphire","floor":2.0},{"not_picked":["PrismaMod:IllyaCheapChannelAttack","PrismaMod:IllyaSaphire"],"picked":"PrismaMod:IllyaUberChannel","floor":5.0},{"not_picked":["PrismaMod:IllyaGrailKun","PrismaMod:IllyaRapidFire"],"picked":"PrismaMod:IllyaMinorReinForce","floor":6.0},{"not_picked":["PrismaMod:IllyaUncommonDefend","PrismaMod:IllyaDetonatingBlow"],"picked":"PrismaMod:IllyaDualEvoke","floor":7.0},{"not_picked":["PrismaMod:IllyaZwei","PrismaMod:IllyaPartialInstallAssassin"],"picked":"PrismaMod:IllyaDetonatingBlow","floor":8.0},{"not_picked":["PrismaMod:IllyaUberChannel","PrismaMod:IllyaUberPoisonBlock"],"picked":"PrismaMod:IllyaFeed","floor":11.0},{"not_picked":["PrismaMod:IllyaFriendMaker","PrismaMod:IllyaCheapChannelPoison"],"picked":"PrismaMod:IllyaCommandSeal","floor":12.0},{"not_picked":["PrismaMod:IllyaBerserCAR","PrismaMod:IllyaHassanGift"],"picked":"PrismaMod:IllyaUncommonAOEAttack","floor":14.0},{"not_picked":["PrismaMod:IllyaCarnivalAttack","PrismaMod:IllyaCarnivalPrismaAstolfo"],"picked":"PrismaMod:IllyaInstallLancer","floor":16.0},{"not_picked":["PrismaMod:IllyaSaphire","PrismaMod:IllyaUncommonEvoke"],"picked":"PrismaMod:IllyaAlice","floor":18.0},{"not_picked":["PrismaMod:IllyaBoysLove","PrismaMod:IllyaCheapAttack+1"],"picked":"PrismaMod:IllyaGrail","floor":20.0},{"not_picked":["PrismaMod:IllyaMaid","PrismaMod:IllyaRussianRoulette"],"picked":"PrismaMod:IllyaUpgradeOrbs","floor":20.0},{"not_picked":["PrismaMod:IllyaBride+1","PrismaMod:IllyaBoysLove"],"picked":"PrismaMod:IllyaCheapAttack","floor":20.0},{"not_picked":["PrismaMod:IllyaAOECommonAttack","PrismaMod:IllyaUncommonAttack"],"picked":"PrismaMod:IllyaStunPoison","floor":20.0},{"not_picked":["PrismaMod:IllyaAOECommonAttack","PrismaMod:IllyaGrailKun"],"picked":"PrismaMod:IllyaUberPoisonChannel","floor":20.0},{"not_picked":["PrismaMod:IllyaUberChannel+1","PrismaMod:IllyaInstallAssassin"],"picked":"PrismaMod:IllyaSaphire+1","floor":23.0},{"not_picked":["PrismaMod:IllyaGun","PrismaMod:IllyaReinForce"],"picked":"PrismaMod:IllyaBride+1","floor":24.0},{"not_picked":["PrismaMod:IllyaCheapChannelAttack","PrismaMod:IllyaCheapChannelDefend+1"],"picked":"PrismaMod:IllyaGrail","floor":27.0},{"not_picked":["PrismaMod:IllyaUncommonAttack+1","PrismaMod:IllyaMaid"],"picked":"PrismaMod:IllyaMinorRapidFire+1","floor":28.0},{"not_picked":["PrismaMod:IllyaMinorRapidFire","PrismaMod:IllyaCheapChannelDefend"],"picked":"PrismaMod:IllyaFriendMaker+1","floor":30.0},{"not_picked":["PrismaMod:IllyaCheapChannelAttack","PrismaMod:IllyaBlindPoisonToss"],"picked":"PrismaMod:IllyaAlice+1","floor":32.0},{"not_picked":["PrismaMod:IllyaInstallBerserker","PrismaMod:IllyaInstallAvenger"],"picked":"PrismaMod:IllyaCarnivalAttack","floor":33.0},{"not_picked":["PrismaMod:IllyaCheapAttack+1","PrismaMod:IllyaSaphire"],"picked":"PrismaMod:IllyaCommandSeal","floor":35.0},{"not_picked":["PrismaMod:IllyaCheapChannelPoison+1","PrismaMod:IllyaPartialInstallAssassin+1"],"picked":"PrismaMod:IllyaBerserCAR+1","floor":37.0},{"not_picked":["PrismaMod:IllyaGun","PrismaMod:IllyaBride"],"picked":"PrismaMod:IllyaPoisonTippedWeapons","floor":38.0},{"not_picked":["PrismaMod:IllyaGrailKun+1","PrismaMod:IllyaHassanGift"],"picked":"PrismaMod:IllyaFeed","floor":39.0},{"not_picked":["PrismaMod:IllyaTestament","PrismaMod:IllyaUncommonAttack"],"picked":"PrismaMod:IllyaCheapAttack+1","floor":40.0},{"not_picked":["PrismaMod:IllyaBoysLove","PrismaMod:IllyaBerserCAR+1"],"picked":"PrismaMod:IllyaCheapDefend+1","floor":42.0},{"not_picked":["PrismaMod:IllyaFeed","PrismaMod:IllyaDualEvoke+1"],"picked":"PrismaMod:IllyaUberDefendChannel","floor":44.0},{"not_picked":["PrismaMod:IllyaPartialInstallAssassin","PrismaMod:IllyaRussianRoulette+1"],"picked":"PrismaMod:IllyaBlindPoisonToss+1","floor":45.0},{"not_picked":["PrismaMod:IllyaBoysLove+1","PrismaMod:IllyaBlindPoisonToss"],"picked":"PrismaMod:IllyaUncommonAttack+1","floor":48.0},{"not_picked":["PrismaMod:IllyaDualEvoke+1","PrismaMod:IllyaGun"],"picked":"PrismaMod:IllyaStunPoison+1","floor":51.0},{"not_picked":["PrismaMod:IllyaUpgradeOrbs","PrismaMod:IllyaGrailKun+1"],"picked":"PrismaMod:IllyaBoysLove+1","floor":52.0},{"not_picked":["PrismaMod:IllyaDualEvoke+1","PrismaMod:IllyaMaid+1"],"picked":"PrismaMod:IllyaUberAttackChannel","floor":53.0},{"not_picked":["PrismaMod:IllyaStunPoison","PrismaMod:IllyaPoisonBlock"],"picked":"PrismaMod:IllyaFeed","floor":56.0}],"player_experience":209106,"relics_obtained":[{"floor":6.0,"key":"Pocketwatch"},{"floor":8.0,"key":"Counterbalance"},{"floor":9.0,"key":"Simple Rune"},{"floor":12.0,"key":"Garlic"},{"floor":21.0,"key":"Darkstone Periapt"},{"floor":23.0,"key":"Replay:Multitool"},{"floor":25.0,"key":"CaptainsWheel"},{"floor":26.0,"key":"Dream Catcher"},{"floor":28.0,"key":"Lantern"},{"floor":40.0,"key":"Dota2Spire:Vanguard"},{"floor":43.0,"key":"Bottled Tornado"},{"floor":49.0,"key":"Orichalcum"},{"floor":51.0,"key":"paleoftheancients:SoulOfTheShowman"},{"floor":53.0,"key":"paleoftheancients:BlurryLens"},{"floor":55.0,"key":"Dota2Spire:MagicBottle"},{"floor":57.0,"key":"Ring of Misfortune"},{"floor":57.0,"key":"Ring of Peace"},{"floor":58.0,"key":"hubris:Metronome"}],"event_choices":[{"cards_removed":["Injury"],"damage_healed":0.0,"max_hp_gain":0.0,"max_hp_loss":0.0,"gold_gain":0.0,"event_name":"Purifier","player_choice":"Purged","floor":22.0,"gold_loss":0.0,"damage_taken":0.0},{"damage_healed":0.0,"max_hp_gain":0.0,"max_hp_loss":0.0,"gold_gain":100.0,"event_name":"Golden Shrine","player_choice":"Pray","floor":29.0,"gold_loss":0.0,"damage_taken":0.0},{"damage_healed":0.0,"max_hp_gain":0.0,"max_hp_loss":0.0,"gold_gain":0.0,"event_name":"Match and Keep!","player_choice":"2 cards matched","floor":47.0,"gold_loss":0.0,"damage_taken":0.0,"cards_obtained":["PrismaMod:IllyaCarnivalPrismaAstolfo","PrismaMod:IllyaPartialInstallAssassin"]}],"is_beta":false,"boss_relics":[{"not_picked":["energizedSpire:DeadBattery","energizedSpire:StickyHand"],"picked":"energizedSpire:MagnifyingGlass"},{"not_picked":["hubris:VirtuousBlindfold","Velvet Choker"],"picked":"energizedSpire:RedRose"}],"items_purged_floors":[46],"is_endless":false,"potions_floor_spawned":[1,6,8,11,16,23,24,30,37,39,42,45,53,56],"ascension_level":0}}