{"host":"1a3cjta80tad0aqj","time":1611005697,"event":{"mods":["2.2 Compatiblity","AchievementEnabler","BaseMod","Colored Map","DeckTracker","KOR Keyword Fix","Keyboard Shortcuts","Minty Spire (QoL Compilation)","Permanent Neow","Quick Restart","Random Character Button","StSLib","SuperFastMode","everything is the same but u backflip on backflip"],"gold_per_floor":[112,37,37,53,53,53,87,106,129,129,129,129,141,152,152,225,225,236,151,151,76,96,96,127,127,127,127,127,127,127,161,161,236,236,253,265,190,208,220,220,231,231,313,326,326,136,146,162,162,162],"floor_reached":51,"language":"KOR","playtime":2114,"items_purged":["Defend_P","Strike_P"],"score":1354,"play_id":"0d462fed-4457-4310-b456-ae6613307834","local_time":"20210119063457","is_ascension_mode":true,"campfire_choices":[{"data":"Eruption","floor":6.0,"key":"SMITH"},{"floor":11.0,"key":"REST"},{"data":"Adaptation","floor":15.0,"key":"SMITH"},{"floor":23.0,"key":"REST"},{"floor":27.0,"key":"REST"},{"data":"BowlingBash","floor":29.0,"key":"SMITH"},{"floor":32.0,"key":"REST"},{"data":"Adaptation","floor":40.0,"key":"SMITH"},{"data":"FearNoEvil","floor":42.0,"key":"SMITH"},{"data":"MentalFortress","floor":49.0,"key":"SMITH"}],"circlet_count":0,"master_deck":["AscendersBane","Strike_P","Defend_P","Eruption+1","Vigilance","Adaptation+1","SashWhip","Tantrum","FearNoEvil+1","BowlingBash+1","EmptyMind+1","InnerPeace+1","CutThroughFate+1","Adaptation+1","Halt+1","Wallop+1","TalkToTheHand+1","MentalFortress+1"],"relics":["PureWater","PreservedInsect","Centennial Puzzle","Toxic Egg 2","Happy Flower","Mummified Hand","InkBottle","VioletLotus","HornCleat","Prayer Wheel","Ginger","Bird Faced Urn","Shuriken","Molten Egg 2","Empty Cage","Pear"],"acts_visited":["Exordium","TheCity","TheBeyond"],"potions_floor_usage":[50,50],"damage_taken":[{"damage":3.0,"enemies":"2 Louse","floor":1.0,"turns":3.0},{"damage":9.0,"enemies":"Small Slimes","floor":4.0,"turns":3.0},{"damage":4.0,"enemies":"Gremlin Nob","floor":7.0,"turns":3.0},{"damage":12.0,"enemies":"Jaw Worm","floor":8.0,"turns":2.0},{"damage":0.0,"enemies":"Blue Slaver","floor":13.0,"turns":3.0},{"damage":1.0,"enemies":"Red Slaver","floor":14.0,"turns":2.0},{"damage":22.0,"enemies":"Slime Boss","floor":16.0,"turns":7.0},{"damage":9.0,"enemies":"2 Thieves","floor":18.0,"turns":2.0},{"damage":3.0,"enemies":"Shell Parasite","floor":22.0,"turns":2.0},{"damage":6.0,"enemies":"Book of Stabbing","floor":24.0,"turns":3.0},{"damage":23.0,"enemies":"Slavers","floor":31.0,"turns":3.0},{"damage":19.0,"enemies":"Collector","floor":33.0,"turns":4.0},{"damage":6.0,"enemies":"Orb Walker","floor":35.0,"turns":3.0},{"damage":0.0,"enemies":"3 Shapes","floor":36.0,"turns":3.0},{"damage":0.0,"enemies":"Transient","floor":38.0,"turns":6.0},{"damage":19.0,"enemies":"4 Shapes","floor":39.0,"turns":4.0},{"damage":0.0,"enemies":"3 Darklings","floor":41.0,"turns":2.0},{"damage":0.0,"enemies":"Maw","floor":44.0,"turns":3.0},{"damage":0.0,"enemies":"Jaw Worm Horde","floor":47.0,"turns":3.0},{"damage":0.0,"enemies":"3 Darklings","floor":48.0,"turns":3.0},{"damage":1,"enemies":"Awakened One","floor":50,"turns":7}],"seed_played":"5199633826005649374","potions_obtained":[{"floor":1.0,"key":"Energy Potion"},{"floor":14.0,"key":"Dexterity Potion"},{"floor":31.0,"key":"SkillPotion"},{"floor":35.0,"key":"DistilledChaos"},{"floor":36.0,"key":"EssenceOfSteel"},{"floor":44.0,"key":"Weak Potion"}],"is_trial":false,"path_per_floor":["M","?","?","M","?","R","E","M","T","?","R","T","M","M","R","B",null,"M","?","T","?","M","R","E","?","T","R","?","R","T","E","R","B",null,"M","M","$","M","M","R","M","R","T","M","?","$","M","M","R","B",null],"character_chosen":"WATCHER","items_purchased":["MentalFortress"],"campfire_rested":4,"item_purchase_floors":[46],"current_hp_per_floor":[58,58,58,49,44,44,40,28,28,28,48,48,48,47,47,25,57,48,48,48,48,45,65,59,40,40,61,61,61,61,40,61,44,66,62,64,64,66,49,49,53,53,63,67,67,67,71,77,77,82],"gold":162,"neow_bonus":"RANDOM_COMMON_RELIC","is_daily":false,"chose_seed":false,"campfire_upgraded":6,"win_rate":0.0,"timestamp":1611005697,"path_taken":["M","?","?","M","?","R","E","?","T","?","R","?","M","?","R","BOSS","M","?","?","?","M","R","E","?","T","R","?","R","?","E","R","BOSS","M","M","$","M","M","R","M","R","T","M","?","$","M","M","R","BOSS"],"items_purchased_type":["Card"],"build_version":"2020-12-22","purchased_purges":2,"victory":true,"max_hp_per_floor":[68,68,68,68,68,68,68,68,68,68,68,68,68,68,68,68,68,68,68,68,68,68,68,68,73,73,73,73,73,73,73,73,73,73,73,73,73,73,73,73,73,73,83,83,83,83,83,83,83,83],"card_choices":[{"not_picked":["CrushJoints","InnerPeace"],"picked":"Adaptation","floor":1.0},{"not_picked":["ForeignInfluence","BowlingBash"],"picked":"SashWhip","floor":4.0},{"not_picked":["Collect+1","ThirdEye+1","SashWhip"],"picked":"SKIP","floor":7.0},{"not_picked":["ClearTheMind+1","EmptyBody+1"],"picked":"Tantrum","floor":8.0},{"not_picked":["Consecrate","JustLucky"],"picked":"EmptyBody+1","floor":13.0},{"not_picked":["Collect+1","Crescendo+1","Evaluate+1"],"picked":"SKIP","floor":14.0},{"not_picked":["Tantrum","BowlingBash+1"],"picked":"FearNoEvil","floor":18.0},{"not_picked":["Perseverance+1","DeceiveReality+1"],"picked":"BowlingBash","floor":22.0},{"not_picked":["LikeWater","Evaluate+1","EmptyFist"],"picked":"SKIP","floor":22.0},{"not_picked":["Prostrate+1","Protect+1","ConjureBlade+1"],"picked":"SKIP","floor":24.0},{"not_picked":["CarveReality+1","BowlingBash+1","EmptyBody+1"],"picked":"SKIP","floor":31.0},{"not_picked":["FollowUp+1","Nirvana","FearNoEvil+1"],"picked":"SKIP","floor":35.0},{"not_picked":["FlurryOfBlows+1","PathToVictory+1","Evaluate+1"],"picked":"SKIP","floor":35.0},{"not_picked":["Protect+1","FlurryOfBlows+1"],"picked":"EmptyMind+1","floor":36.0},{"not_picked":["FlurryOfBlows+1","CrushJoints+1","Prostrate+1"],"picked":"SKIP","floor":36.0},{"not_picked":["FlyingSleeves+1","MasterReality"],"picked":"InnerPeace+1","floor":38.0},{"not_picked":["BowlingBash+1","FlyingSleeves+1"],"picked":"CutThroughFate+1","floor":38.0},{"not_picked":["ThirdEye+1","FollowUp+1"],"picked":"Adaptation","floor":39.0},{"not_picked":["WheelKick+1","EmptyFist+1","FlyingSleeves+1"],"picked":"SKIP","floor":39.0},{"not_picked":["FlyingSleeves+1","ReachHeaven+1"],"picked":"Halt+1","floor":41.0},{"not_picked":["Fasting2","SashWhip+1"],"picked":"Wallop+1","floor":41.0},{"not_picked":["InnerPeace+1","LessonLearned+1"],"picked":"TalkToTheHand+1","floor":44.0},{"not_picked":["SashWhip+1","CutThroughFate+1","ThirdEye+1"],"picked":"SKIP","floor":44.0},{"not_picked":["BattleHymn","Crescendo+1","CutThroughFate+1"],"picked":"SKIP","floor":47.0},{"not_picked":["Crescendo+1","WheelKick+1","WaveOfTheHand+1"],"picked":"SKIP","floor":47.0},{"not_picked":["Halt+1","Consecrate+1","ThirdEye+1"],"picked":"SKIP","floor":48.0},{"not_picked":["PathToVictory+1","Vengeance+1","CrushJoints+1"],"picked":"SKIP","floor":48.0}],"player_experience":758774,"relics_obtained":[{"floor":7.0,"key":"Toxic Egg 2"},{"floor":9.0,"key":"Happy Flower"},{"floor":12.0,"key":"InkBottle"},{"floor":20.0,"key":"Prayer Wheel"},{"floor":24.0,"key":"Ginger"},{"floor":26.0,"key":"Bird Faced Urn"},{"floor":30.0,"key":"Shuriken"},{"floor":31.0,"key":"Molten Egg 2"},{"floor":43.0,"key":"Pear"}],"event_choices":[{"cards_removed":["Defend_P"],"damage_healed":0.0,"max_hp_gain":0.0,"max_hp_loss":0.0,"gold_gain":0.0,"event_name":"The Cleric","player_choice":"Card Removal","floor":2.0,"gold_loss":75.0,"damage_taken":0.0},{"damage_healed":0.0,"max_hp_gain":0.0,"max_hp_loss":0.0,"gold_gain":0.0,"event_name":"Liars Game","player_choice":"Ignored","floor":3.0,"gold_loss":0.0,"damage_taken":0.0},{"damage_healed":0.0,"max_hp_gain":0.0,"max_hp_loss":0.0,"gold_gain":0.0,"event_name":"Scrap Ooze","player_choice":"Success","floor":5.0,"gold_loss":0.0,"damage_taken":5.0,"relics_obtained":["Centennial Puzzle"]},{"damage_healed":0.0,"max_hp_gain":0.0,"max_hp_loss":0.0,"gold_gain":0.0,"event_name":"Dead Adventurer","player_choice":"Searched \u00272\u0027 times","floor":10.0,"gold_loss":0.0,"damage_taken":0.0,"relics_obtained":["Mummified Hand"]},{"damage_healed":0.0,"max_hp_gain":0.0,"max_hp_loss":0.0,"gold_gain":0.0,"event_name":"Addict","player_choice":"Obtained Relic","floor":19.0,"gold_loss":85.0,"damage_taken":0.0,"relics_obtained":["HornCleat"]},{"cards_removed":["Defend_P"],"damage_healed":0.0,"max_hp_gain":0.0,"max_hp_loss":0.0,"gold_gain":0.0,"event_name":"Beggar","player_choice":"Gave Gold","floor":21.0,"gold_loss":75.0,"damage_taken":0.0},{"damage_healed":0.0,"max_hp_gain":5.0,"max_hp_loss":0.0,"gold_gain":0.0,"event_name":"Forgotten Altar","player_choice":"Shed Blood","floor":25.0,"gold_loss":0.0,"damage_taken":24.0},{"damage_healed":0.0,"max_hp_gain":0.0,"max_hp_loss":0.0,"gold_gain":0.0,"event_name":"Ghosts","player_choice":"Ignored","floor":28.0,"gold_loss":0.0,"damage_taken":0.0},{"cards_removed":["EmptyBody"],"damage_healed":0.0,"max_hp_gain":0.0,"max_hp_loss":0.0,"gold_gain":0.0,"event_name":"Falling","player_choice":"Removed Skill","floor":45.0,"gold_loss":0.0,"damage_taken":0.0}],"is_beta":false,"boss_relics":[{"not_picked":["Busted Crown","Tiny House"],"picked":"VioletLotus"},{"not_picked":["Velvet Choker","Snecko Eye"],"picked":"Empty Cage"}],"items_purged_floors":[37,46],"is_endless":false,"potions_floor_spawned":[1,14,18,31,35,36,44],"ascension_level":18}}