{"host":"qzq9y7dlvg9zw3hx","time":1611001395,"event":{"mods":["Act Like it!","BaseMod","Dota2Spire","Minty Spire (QoL Compilation)","StSLib","¡¾ÒÅÎï¿¨ÅÆ¡¿REMEMod"],"gold_per_floor":[116,131,147,147,72,162,162,235,260,260,311,311,370,467,467,602,602,647,666,684,738,796,796,796,796],"floor_reached":24,"language":"ZHS","playtime":1050,"items_purged":["Regret"],"score":239,"play_id":"93ad3369-b9de-43a6-9240-e52cc7ccd47e","local_time":"20210119042315","is_ascension_mode":true,"campfire_choices":[{"data":"Armaments","floor":7,"key":"SMITH"},{"floor":10,"key":"REST"},{"floor":12,"key":"REST"},{"data":"Inflame","floor":15,"key":"SMITH"},{"floor":23,"key":"REST"}],"circlet_count":0,"master_deck":["Strike_R","Strike_R","Strike_R","Defend_R+1","Defend_R","Defend_R","Defend_R+1","Bash","Secret Technique","Inflame+1","Armaments+1","Spot Weakness","Ghostly Armor","Impervious","Iron Wave","Iron Wave","Cleave","Demon Form","Metallicize","Havoc","Whirlwind","Body Slam"],"relics":["REME_ComplimentaryCards","Sozu","Dota2Spire:HandOfMidas","Dota2Spire:ArcaneBoots","CeramicFish","War Paint","Akabeko","Black Star"],"acts_visited":["Exordium","TheCity"],"potions_floor_usage":[],"damage_taken":[{"damage":0,"enemies":"Cultist","floor":1,"turns":4},{"damage":0,"enemies":"Jaw Worm","floor":2,"turns":3},{"damage":6,"enemies":"2 Louse","floor":3,"turns":2},{"damage":25,"enemies":"3 Sentries","floor":6,"turns":9},{"damage":29,"enemies":"Gremlin Nob","floor":8,"turns":5},{"damage":8,"enemies":"Large Slime","floor":11,"turns":7},{"damage":0,"enemies":"Exordium Wildlife","floor":13,"turns":5},{"damage":5,"enemies":"Gremlin Nob","floor":14,"turns":5},{"damage":18,"enemies":"The Guardian","floor":16,"turns":8},{"damage":17,"enemies":"Spheric Guardian","floor":18,"turns":5},{"damage":0,"enemies":"Chosen","floor":19,"turns":4},{"damage":34,"enemies":"Snecko","floor":21,"turns":6},{"damage":21,"enemies":"Shelled Parasite and Fungi","floor":22,"turns":7},{"damage":37,"enemies":"Slavers","floor":24,"turns":2}],"seed_played":"5690539482067862993","potions_obtained":[],"is_trial":false,"path_per_floor":["M","M","M","?","$","E","R","E","T","R","M","R","M","?","R","B",null,"M","M","?","M","M","R","E"],"character_chosen":"IRONCLAD","items_purchased":[],"campfire_rested":3,"item_purchase_floors":[],"current_hp_per_floor":[80,80,74,74,74,49,49,20,20,44,36,60,60,55,55,37,80,63,63,63,29,8,32,0,0],"gold":796,"neow_bonus":"BOSS_RELIC","is_daily":false,"chose_seed":false,"campfire_upgraded":2,"win_rate":0.0,"timestamp":1611001395,"path_taken":["M","M","?","?","$","E","R","E","T","R","M","R","M","?","R","BOSS","M","M","?","M","M","R","E"],"items_purchased_type":[],"build_version":"2020-12-22","purchased_purges":1,"victory":false,"max_hp_per_floor":[80,80,80,80,80,80,80,80,80,80,80,80,80,80,80,80,80,80,80,80,80,80,80,80,80],"card_choices":[{"not_picked":["Clothesline","Havoc"],"picked":"Inflame","floor":1},{"not_picked":["Metallicize","Warcry"],"picked":"Armaments","floor":2},{"not_picked":["Burning Pact","Flame Barrier"],"picked":"Spot Weakness","floor":3},{"not_picked":["True Grit","Sentinel"],"picked":"Ghostly Armor","floor":6},{"not_picked":["Rage","Rupture"],"picked":"Impervious","floor":8},{"not_picked":["Sword Boomerang","Intimidate"],"picked":"Iron Wave","floor":11},{"not_picked":["Berserk","Havoc"],"picked":"Iron Wave","floor":13},{"not_picked":["Rage","Uppercut"],"picked":"Cleave","floor":14},{"not_picked":["Bludgeon","Feed"],"picked":"Demon Form","floor":16},{"not_picked":["Havoc+1","Hemokinesis","Perfected Strike+1"],"picked":"SKIP","floor":18},{"not_picked":["Wild Strike+1","Cleave","Warcry+1"],"picked":"SKIP","floor":19},{"not_picked":["Armaments+1","Anger"],"picked":"Whirlwind","floor":21},{"not_picked":["Anger+1","Flex"],"picked":"Body Slam","floor":22}],"player_experience":45648,"relics_obtained":[{"floor":6,"key":"Dota2Spire:ArcaneBoots"},{"floor":8,"key":"CeramicFish"},{"floor":9,"key":"War Paint"},{"floor":14,"key":"Akabeko"}],"event_choices":[{"damage_healed":0,"gold_gain":0,"player_choice":"Box","damage_taken":0,"relics_obtained":["Dota2Spire:HandOfMidas"],"max_hp_gain":0,"max_hp_loss":0,"event_name":"Big Fish","floor":4,"gold_loss":0,"cards_obtained":["Regret"]},{"damage_healed":0,"gold_gain":0,"player_choice":"Searched \u00272\u0027 times","damage_taken":0,"max_hp_gain":0,"max_hp_loss":0,"event_name":"Dead Adventurer","floor":14,"gold_loss":0},{"damage_healed":0,"gold_gain":0,"cards_transformed":["Strike_R","Strike_R"],"player_choice":"Became Test Subject","damage_taken":0,"max_hp_gain":0,"max_hp_loss":0,"event_name":"Drug Dealer","floor":20,"gold_loss":0,"cards_obtained":["Metallicize","Havoc"]}],"is_beta":false,"boss_relics":[{"not_picked":["Ectoplasm","Tiny House"],"picked":"Black Star"}],"items_purged_floors":[5],"is_endless":false,"potions_floor_spawned":[3,6,13,18,19],"killed_by":"Slavers","ascension_level":3}}