{"host":"flnqt0m1a2s83kg7","time":1611012993,"event":{"mods":["AchievementEnabler","Act Like it!","BaseMod","Better Third Choice","Downfall","Hermit","Minty Spire (QoL Compilation)","Rare Cards Sparkle","StSLib","The Alterego","The Servant 0.9.4","WarShipGirlsR/????R mod"],"gold_per_floor":[111,111,122,122,122,122,122],"floor_reached":6,"language":"ENG","playtime":266,"items_purged":[],"score":34,"play_id":"b5b59433-8ecc-4a37-99cd-fb485ac2ccaa","local_time":"20210118163633","is_ascension_mode":false,"campfire_choices":[],"circlet_count":0,"master_deck":["alterego_mod:Strike","alterego_mod:Strike","alterego_mod:Strike","alterego_mod:Strike","alterego_mod:Defend","alterego_mod:Defend","alterego_mod:Defend","alterego_mod:Defend","alterego_mod:Impale","alterego_mod:BigMeatyClaws","alterego_mod:BrynhildrsRune","alterego_mod:PerceptionDisorder","alterego_mod:Maid"],"relics":["alterego_mod:MasochisticConstitution","CultistMask","Golden Idol"],"acts_visited":["Exordium"],"potions_floor_usage":[],"damage_taken":[{"damage":4.0,"enemies":"Small Slimes","floor":1.0,"turns":4.0},{"damage":18.0,"enemies":"Cultist","floor":3.0,"turns":6.0},{"damage":0,"enemies":"Lagavulin","floor":6,"turns":1}],"seed_played":"5734057669088242426","potions_obtained":[{"floor":5.0,"key":"Block Potion"},{"floor":5.0,"key":"Ancient Potion"},{"floor":5.0,"key":"SneckoOil"}],"is_trial":false,"path_per_floor":["M","?","M","?","?","E"],"character_chosen":"The_Alterego","items_purchased":[],"campfire_rested":0,"item_purchase_floors":[],"current_hp_per_floor":[78,78,68,49,49,49,49],"gold":122,"neow_bonus":"TEN_PERCENT_HP_BONUS","is_daily":false,"chose_seed":false,"campfire_upgraded":0,"win_rate":0.0,"timestamp":1611012993,"path_taken":["M","?","?","?","?","E"],"items_purchased_type":[],"build_version":"2020-12-22","purchased_purges":0,"victory":false,"max_hp_per_floor":[78,78,79,79,79,79,79],"card_choices":[{"not_picked":["alterego_mod:Punishment","alterego_mod:BiFurious"],"picked":"alterego_mod:PerceptionDisorder","floor":1.0},{"not_picked":["alterego_mod:HighServant","alterego_mod:MagicResistance"],"picked":"alterego_mod:Maid","floor":3.0}],"player_experience":39537,"relics_obtained":[],"event_choices":[{"damage_healed":0.0,"max_hp_gain":0.0,"max_hp_loss":0.0,"gold_gain":0.0,"event_name":"FaceTrader","player_choice":"Trade","floor":2.0,"gold_loss":0.0,"damage_taken":0.0,"relics_obtained":["CultistMask"]},{"damage_healed":0.0,"max_hp_gain":0.0,"max_hp_loss":0.0,"gold_gain":0.0,"event_name":"Golden Idol","player_choice":"Take Damage","floor":4.0,"gold_loss":0.0,"damage_taken":19.0,"relics_obtained":["Golden Idol"]},{"damage_healed":0.0,"max_hp_gain":0.0,"max_hp_loss":0.0,"gold_gain":0.0,"event_name":"Lab","player_choice":"Got Potions","floor":5.0,"gold_loss":0.0,"damage_taken":0.0}],"is_beta":false,"boss_relics":[],"items_purged_floors":[],"is_endless":false,"potions_floor_spawned":[],"killed_by":"Lagavulin","ascension_level":0}}