{"host":"uv5ws9rdk87e8i5k","time":1611002218,"event":{"mods":["AchievementEnabler","BaseMod","Colored Map","Minty Spire (QoL Compilation)","StSLib","SuperFastMode"],"gold_per_floor":[109,128,146,163,174,204,204,231,283,310,270,290,290,306,306,409,409,393,408,427,441,451,451,451,451],"floor_reached":24,"language":"ENG","playtime":841,"items_purged":[],"score":246,"play_id":"d298f80a-bb38-4c13-8ba6-558609bbac23","local_time":"20210118143658","is_ascension_mode":true,"campfire_choices":[{"data":"Deadly Poison","floor":7.0,"key":"SMITH"},{"floor":13,"key":"REST"},{"floor":15,"key":"REST"},{"floor":23,"key":"REST"}],"circlet_count":0,"master_deck":["Strike_G","Strike_G","Strike_G","Strike_G","Strike_G","Defend_G","Defend_G","Defend_G","Defend_G","Defend_G","Survivor","Neutralize","Deadly Poison+1","Deadly Poison","Prepared","Backflip","Noxious Fumes","Dash","PiercingWail","Poisoned Stab","Venomology","Crippling Poison","Deadly Poison"],"relics":["Ring of the Snake","Snake Skull","Odd Mushroom","Oddly Smooth Stone","Paper Crane","Black Star"],"acts_visited":["Exordium","TheCity"],"potions_floor_usage":[12,12,12,16,19,20,20,20,21,22,24],"damage_taken":[{"damage":0.0,"enemies":"Jaw Worm","floor":1.0,"turns":5.0},{"damage":0.0,"enemies":"2 Louse","floor":2.0,"turns":2.0},{"damage":0.0,"enemies":"Cultist","floor":3.0,"turns":3.0},{"damage":0.0,"enemies":"Looter","floor":4.0,"turns":4.0},{"damage":12.0,"enemies":"Gremlin Gang","floor":5.0,"turns":6.0},{"damage":22.0,"enemies":"Gremlin Nob","floor":6.0,"turns":4.0},{"damage":34.0,"enemies":"The Mushroom Lair","floor":8.0,"turns":6.0},{"damage":8.0,"enemies":"Lagavulin","floor":10.0,"turns":5.0},{"damage":0,"enemies":"Exordium Wildlife","floor":12,"turns":6},{"damage":0,"enemies":"Looter","floor":14,"turns":3},{"damage":19,"enemies":"Slime Boss","floor":16,"turns":10},{"damage":7,"enemies":"2 Thieves","floor":18,"turns":4},{"damage":6,"enemies":"Shell Parasite","floor":19,"turns":5},{"damage":19,"enemies":"Snecko","floor":20,"turns":5},{"damage":22,"enemies":"Snake Plant","floor":21,"turns":5},{"damage":10,"enemies":"Chosen and Byrds","floor":22,"turns":6},{"damage":5,"enemies":"Gremlin Leader","floor":24,"turns":3}],"seed_played":"1027175429931779862","potions_obtained":[{"floor":4.0,"key":"Weak Potion"},{"floor":5.0,"key":"SkillPotion"},{"floor":8.0,"key":"Ancient Potion"},{"floor":11.0,"key":"Poison Potion"},{"floor":11.0,"key":"GamblersBrew"},{"floor":11.0,"key":"ColorlessPotion"},{"floor":14,"key":"Block Potion"},{"floor":16,"key":"Poison Potion"},{"floor":18,"key":"Energy Potion"},{"floor":22,"key":"Strength Potion"}],"is_trial":false,"path_per_floor":["M","M","M","M","M","E","R","?","T","E","?","M","R","M","R","B",null,"M","M","M","M","M","R","E"],"character_chosen":"THE_SILENT","items_purchased":[],"campfire_rested":3,"item_purchase_floors":[],"current_hp_per_floor":[77,77,77,77,65,43,43,9,9,1,1,1,24,24,47,28,77,70,64,45,23,13,36,31,31],"gold":451,"neow_bonus":"TEN_PERCENT_HP_BONUS","is_daily":false,"chose_seed":false,"campfire_upgraded":1,"win_rate":0.0,"timestamp":1611002218,"path_taken":["M","M","M","M","M","E","R","?","T","E","?","M","R","M","R","BOSS","M","M","M","?","M","R","E"],"items_purchased_type":[],"build_version":"2020-12-22","purchased_purges":0,"victory":false,"max_hp_per_floor":[77,77,77,77,77,77,77,77,77,77,77,77,77,77,77,77,77,77,77,77,77,77,77,77,77],"card_choices":[{"not_picked":["Poisoned Stab","Prepared"],"picked":"Deadly Poison","floor":1.0},{"not_picked":["Predator","Flechettes","Acrobatics"],"picked":"SKIP","floor":2.0},{"not_picked":["Escape Plan","Sucker Punch"],"picked":"Deadly Poison","floor":3.0},{"not_picked":["Predator","Concentrate"],"picked":"Prepared","floor":4.0},{"not_picked":["Malaise","Endless Agony"],"picked":"Backflip","floor":5.0},{"not_picked":["Outmaneuver","Distraction","Well Laid Plans"],"picked":"SKIP","floor":6.0},{"not_picked":["Outmaneuver","Bane"],"picked":"Noxious Fumes","floor":8.0},{"not_picked":["PiercingWail","Calculated Gamble"],"picked":"Dash","floor":10.0},{"not_picked":["Dagger Throw","Caltrops"],"picked":"PiercingWail","floor":12},{"not_picked":["Backflip","Blade Dance"],"picked":"Poisoned Stab","floor":14},{"not_picked":["Phantasmal Killer","Wraith Form v2"],"picked":"Venomology","floor":16},{"not_picked":["Bane","Distraction","Heel Hook+1"],"picked":"SKIP","floor":18},{"not_picked":["Infinite Blades+1","Masterful Stab+1","Heel Hook"],"picked":"SKIP","floor":19},{"not_picked":["Slice","Predator","Outmaneuver"],"picked":"SKIP","floor":20},{"not_picked":["PiercingWail","Blade Dance"],"picked":"Crippling Poison","floor":21},{"not_picked":["Expertise","Terror"],"picked":"Deadly Poison","floor":22}],"player_experience":121341,"relics_obtained":[{"floor":6.0,"key":"Snake Skull"},{"floor":8.0,"key":"Odd Mushroom"},{"floor":9.0,"key":"Oddly Smooth Stone"},{"floor":10.0,"key":"Paper Crane"}],"event_choices":[{"damage_healed":0.0,"max_hp_gain":0.0,"max_hp_loss":0.0,"gold_gain":0.0,"event_name":"Mushrooms","player_choice":"Fought Mushrooms","floor":8.0,"gold_loss":0.0,"damage_taken":0.0},{"damage_healed":0.0,"max_hp_gain":0.0,"max_hp_loss":0.0,"gold_gain":0.0,"event_name":"The Woman in Blue","player_choice":"Bought 3 Potions","floor":11.0,"gold_loss":0.0,"damage_taken":0.0}],"is_beta":false,"boss_relics":[{"not_picked":["WristBlade","Sozu"],"picked":"Black Star"}],"items_purged_floors":[],"is_endless":false,"potions_floor_spawned":[4,5,8,14,16,18,22],"killed_by":"Gremlin Leader","ascension_level":3}}