{"host":"eydwxg59205c3vtl","time":1611005906,"event":{"mods":["2.2 Compatiblity","BaseMod","Colored Map","Colored Powertips","Hubris","Minty Spire (QoL Compilation)","StSLib","The Jungle","The Necromancer"],"gold_per_floor":[112,112,6,29,29,29,29,29,98,129,142,89,89,105,105,230,230,249,249,272,291,291,325,325,325,370,23,41,41,18,18,18,149,149,165,165,165,75,88,132,155,3,3,44,44,44,64,127,127,127],"floor_reached":51,"language":"ENG","playtime":2066,"items_purged":["Strike_G"],"score":844,"play_id":"39a2235b-9398-439d-bdfd-a548ba27ef95","local_time":"20210118163826","is_ascension_mode":false,"campfire_choices":[{"data":"Footwork","floor":6.0,"key":"SMITH"},{"data":"Neutralize","floor":8.0,"key":"SMITH"},{"data":"Crippling Poison","floor":13.0,"key":"SMITH"},{"floor":15.0,"key":"REST"},{"floor":24.0,"key":"DIG"},{"floor":29,"key":"DIG"},{"floor":32,"key":"DIG"},{"floor":46,"key":"DIG"},{"floor":49,"key":"REST"}],"circlet_count":0,"master_deck":["Defend_G","Defend_G+1","Defend_G","Defend_G","Defend_G","Survivor+1","hubris:SlightOfHand","Footwork+1","Backstab","Slice","Underhanded Strike+1","Crippling Poison+1","Riddle With Holes+1","A Thousand Cuts","Venomology+1","hubris:Sniper+1","Tools of the Trade+1","Noxious Fumes+1","Dagger Throw+1","Skewer+1","Dagger Spray+1","Footwork","Backflip","Dagger Spray+1","Pain","Dodge and Roll+1","hubris:DuctTapeCard","Deadly Poison+1","Poisoned Stab+1","Leg Sweep+1","Flying Knee+1","Bouncing Flask+1"],"relics":["Ring of the Snake","Golden Idol","hubris:TenFootPole","Paper Crane","Molten Egg 2","hubris:PeanutButter","Astrolabe","Shovel","Mango","Art of War","Turnip","Bag of Marbles","hubris:HerbalPaste","HornCleat","WarpedTongs","Omamori","hubris:Backtick","The Specimen","hubris:DuctTape","hubris:ToyBattleship","Snake Skull","Darkstone Periapt","Unceasing Top","hubris:64BitClover","Anchor","hubris:Teleporter"],"acts_visited":["Exordium","Exordium","TheBeyond"],"potions_floor_usage":[28,33,33,35,39,41,44,47,48,50,50],"damage_taken":[{"damage":1.0,"enemies":"2 Louse","floor":1.0,"turns":4.0},{"damage":1.0,"enemies":"Small Slimes","floor":4.0,"turns":3.0},{"damage":0.0,"enemies":"Lagavulin","floor":10.0,"turns":12.0},{"damage":0.0,"enemies":"Jaw Worm","floor":11.0,"turns":4.0},{"damage":0.0,"enemies":"Large Slime","floor":14.0,"turns":4.0},{"damage":23.0,"enemies":"Hexaghost","floor":16.0,"turns":12.0},{"damage":0.0,"enemies":"Shell Parasite","floor":18.0,"turns":5.0},{"damage":0.0,"enemies":"theJungle:Flameango_and_Byrd","floor":20.0,"turns":5.0},{"damage":18.0,"enemies":"theJungle:Snecko_Cultist_And_Trap","floor":21.0,"turns":6.0},{"damage":0.0,"enemies":"theJungle:2_Phrogs","floor":23.0,"turns":11.0},{"damage":0,"enemies":"theJungle:JungleHuntersEncounter","floor":28,"turns":5},{"damage":57,"enemies":"theJungle:TotemBoss","floor":33,"turns":8},{"damage":0,"enemies":"Orb Walker","floor":35,"turns":3},{"damage":0,"enemies":"3 Shapes","floor":39,"turns":4},{"damage":26,"enemies":"Nemesis","floor":40,"turns":9},{"damage":0,"enemies":"3 Darklings","floor":41,"turns":4},{"damage":27,"enemies":"Reptomancer","floor":44,"turns":6},{"damage":20,"enemies":"Spire Growth","floor":47,"turns":6},{"damage":0,"enemies":"Mind Bloom Boss Battle","floor":48,"turns":7},{"damage":54,"enemies":"Time Eater","floor":50,"turns":13}],"seed_played":"1704465973714737007","potions_obtained":[{"floor":1.0,"key":"EssenceOfSteel"},{"floor":14.0,"key":"FearPotion"},{"floor":18.0,"key":"Block Potion"},{"floor":20.0,"key":"SpeedPotion"},{"floor":33,"key":"DuplicationPotion"}],"is_trial":false,"path_per_floor":["M","?","$","M","?","R","?","R","T","E","M","?","R","M","R","B",null,"M","?","M","M","?","E","R","$","T","$","M","R","$","?","R","B",null,"M","T","?","?","M","E","M","$","T","E","T","R","M","?","R","B",null],"character_chosen":"THE_SILENT","items_purchased":["Footwork","Backstab","Turnip","Dagger Spray+1","Footwork","hubris:HerbalPaste","Dagger Spray+1","Snake Skull"],"campfire_rested":2,"item_purchase_floors":[3,3,25,27,27,27,30,42],"current_hp_per_floor":[69,52,52,51,37,37,25,25,25,25,25,25,25,25,46,23,70,70,70,70,52,52,66,66,47,47,47,73,73,73,73,73,22,84,84,84,84,84,84,58,64,64,64,43,43,43,29,35,60,12],"gold":127,"neow_bonus":"REMOVE_CARD","is_daily":false,"chose_seed":false,"campfire_upgraded":3,"win_rate":0.0,"timestamp":1611005906,"path_taken":["M","?","$","M","?","R","?","R","T","E","M","?","R","?","R","BOSS","M","?","M","M","?","E","R","?","T","$","?","R","$","?","R","BOSS","M","?","?","?","?","E","M","$","T","E","?","R","?","?","R","BOSS"],"items_purchased_type":["Card","Card","Relic","Card","Card","Relic","Card","Relic"],"build_version":"2020-12-22","purchased_purges":1,"victory":true,"max_hp_per_floor":[70,70,70,70,70,70,70,70,70,70,70,70,70,70,70,70,70,70,70,70,70,70,84,84,84,84,84,84,84,84,84,84,84,84,84,84,84,84,84,84,84,84,84,84,84,84,84,84,84,84],"card_choices":[{"not_picked":["Reflex","Endless Agony"],"picked":"hubris:SlightOfHand","floor":1.0},{"not_picked":["Concentrate","Prepared"],"picked":"Slice","floor":4.0},{"not_picked":["Endless Agony+1","PiercingWail"],"picked":"Underhanded Strike+1","floor":10.0},{"not_picked":["Flechettes+1","Blade Dance"],"picked":"Crippling Poison","floor":11.0},{"not_picked":["Terror","PiercingWail"],"picked":"Riddle With Holes+1","floor":14.0},{"not_picked":["Malaise","Phantasmal Killer"],"picked":"A Thousand Cuts","floor":16.0},{"not_picked":["Dagger Throw+1","hubris:Sniper"],"picked":"Noxious Fumes+1","floor":18.0},{"not_picked":["hubris:Sniper","Outmaneuver"],"picked":"Dagger Throw+1","floor":20.0},{"not_picked":["hubris:Sniper+1","Dagger Throw+1","Outmaneuver"],"picked":"SKIP","floor":21.0},{"not_picked":["Calculated Gamble","Masterful Stab+1"],"picked":"Skewer+1","floor":23.0},{"not_picked":["Underhanded Strike+1","Bane+1"],"picked":"Backflip","floor":28},{"not_picked":["Unload+1","Corpse Explosion"],"picked":"Envenom","floor":33},{"not_picked":["Reflex+1","Poisoned Stab+1"],"picked":"Dodge and Roll","floor":35},{"not_picked":["Poisoned Stab+1","Quick Slash+1"],"picked":"Deadly Poison+1","floor":39},{"not_picked":["Finisher+1","Choke+1"],"picked":"Poisoned Stab+1","floor":40},{"not_picked":["Choke+1","Tactician","Dagger Spray+1"],"picked":"SKIP","floor":41},{"not_picked":["Night Terror","Outmaneuver"],"picked":"Leg Sweep+1","floor":44},{"not_picked":["Quick Slash+1","Cloak And Dagger"],"picked":"Flying Knee+1","floor":47},{"not_picked":["Flying Knee+1","Noxious Fumes"],"picked":"Bouncing Flask+1","floor":48}],"player_experience":617698,"relics_obtained":[{"floor":9.0,"key":"Paper Crane"},{"floor":10.0,"key":"Molten Egg 2"},{"floor":23.0,"key":"Mango"},{"floor":24.0,"key":"Art of War"},{"floor":26.0,"key":"Bag of Marbles"},{"floor":29,"key":"HornCleat"},{"floor":32,"key":"Omamori"},{"floor":36,"key":"hubris:DuctTape"},{"floor":40,"key":"hubris:ToyBattleship"},{"floor":43,"key":"Darkstone Periapt"},{"floor":44,"key":"Unceasing Top"},{"floor":45,"key":"hubris:64BitClover"},{"floor":46,"key":"Anchor"},{"floor":48,"key":"hubris:Teleporter"}],"event_choices":[{"damage_healed":0.0,"max_hp_gain":0.0,"max_hp_loss":0.0,"gold_gain":0.0,"event_name":"Golden Idol","player_choice":"Take Damage","floor":2.0,"gold_loss":0.0,"damage_taken":17.0,"relics_obtained":["Golden Idol"]},{"damage_healed":0.0,"max_hp_gain":0.0,"max_hp_loss":0.0,"gold_gain":0.0,"event_name":"Shining Light","player_choice":"Entered Light","floor":5.0,"gold_loss":0.0,"damage_taken":14.0,"cards_upgraded":["Survivor","Defend_G"]},{"damage_healed":0.0,"max_hp_gain":0.0,"max_hp_loss":0.0,"gold_gain":0.0,"event_name":"Scrap Ooze","player_choice":"Success","floor":7.0,"gold_loss":0.0,"damage_taken":12.0,"relics_obtained":["hubris:TenFootPole"]},{"damage_healed":0.0,"max_hp_gain":0.0,"max_hp_loss":0.0,"gold_gain":0.0,"event_name":"WeMeetAgain","player_choice":"Paid Gold","floor":12.0,"gold_loss":53.0,"damage_taken":0.0,"relics_obtained":["hubris:PeanutButter"]},{"damage_healed":0,"gold_gain":0,"player_choice":"Rummage","damage_taken":0,"relics_obtained":["WarpedTongs"],"max_hp_gain":0,"max_hp_loss":0,"event_name":"Accursed Blacksmith","floor":31,"gold_loss":0,"cards_obtained":["Pain"]},{"damage_healed":0,"gold_gain":0,"player_choice":"Ignored","damage_taken":0,"max_hp_gain":0,"max_hp_loss":0,"event_name":"Tomb of Lord Red Mask","floor":37,"gold_loss":0},{"cards_removed":["Writhe"],"damage_healed":0,"gold_gain":0,"player_choice":"Upgrade and Remove","damage_taken":0,"max_hp_gain":0,"max_hp_loss":0,"event_name":"Designer","floor":38,"gold_loss":90,"cards_upgraded":["Dodge and Roll"]},{"damage_healed":0,"gold_gain":0,"player_choice":"Fight","damage_taken":0,"max_hp_gain":0,"max_hp_loss":0,"event_name":"MindBloom","floor":48,"gold_loss":0}],"is_beta":false,"boss_relics":[{"not_picked":["Coffee Dripper","Black Star"],"picked":"Astrolabe"},{"not_picked":["hubris:TerracottaHorce","hubris:CrackedHourglass"],"picked":"hubris:Backtick"}],"items_purged_floors":[27],"is_endless":false,"potions_floor_spawned":[1,14,18,20,33,39,40,41,44],"ascension_level":0}}