{"host":"6749gst1gzuv21qf","time":1611010582,"event":{"mods":["BaseMod","Better Altar","Better Match","Better Note","Better Sensory Stone","Better Skull","Better Third Choice","BetterRewards","Colored Map","Colored Powertips","Downfall","Hermit","Highlight Path","Minty Spire (QoL Compilation)","Permanent Neow","Shop Mod","Spicy Shops","StSLib","The Cursed"],"gold_per_floor":[99,119,119,13,28,42,42,36,36,36],"floor_reached":9,"language":"ENG","playtime":516,"items_purged":[],"score":51,"play_id":"5e72110d-5428-4736-b98f-1b644e657135","local_time":"20210118175622","is_ascension_mode":false,"campfire_choices":[{"data":"bronze:Replicate","floor":1,"key":"SMITH"}],"circlet_count":0,"master_deck":["bronze:Strike","bronze:Strike","bronze:Strike","bronze:Strike","bronze:Defend","bronze:Defend","bronze:Defend","bronze:Defend","bronze:Replicate+1","bronze:Goto","Writhe","bronze:ClassDefault","Pain","bronze:Invalidate","bronze:ChosenStrike","bronze:BronzeOrb","bronze:OilSpill"],"relics":["bronze:BronzeCore","Ginger","WarpedTongs","Torii","CeramicFish"],"acts_visited":["Exordium"],"potions_floor_usage":[],"damage_taken":[{"damage":5,"enemies":"Small Slimes","floor":2,"turns":4},{"damage":7,"enemies":"downfall:FleeingMerchant","floor":4,"turns":4},{"damage":5,"enemies":"Cultist","floor":5,"turns":3},{"damage":12,"enemies":"Jaw Worm","floor":6,"turns":3},{"damage":9,"enemies":"downfall:FleeingMerchant","floor":8,"turns":4},{"damage":32,"enemies":"Lagavulin","floor":9,"turns":4}],"seed_played":"8431348406186766943","potions_obtained":[{"floor":5,"key":"BlessingOfTheForge"}],"is_trial":false,"path_per_floor":["R","M","?","$","M","M","T","$","E"],"character_chosen":"THE_AUTOMATON","items_purchased":["Torii"],"campfire_rested":0,"item_purchase_floors":[4],"current_hp_per_floor":[70,65,65,58,53,41,41,32,0,0],"gold":36,"neow_bonus":"ONE_RARE_RELIC","is_daily":false,"chose_seed":false,"campfire_upgraded":1,"win_rate":0.0,"timestamp":1611010582,"path_taken":["R","M","?","?","M","M","T","?","E"],"items_purchased_type":["Relic"],"build_version":"2020-12-22","purchased_purges":0,"victory":false,"max_hp_per_floor":[70,70,70,70,70,70,70,70,70,70],"card_choices":[{"not_picked":["bronze:Separator","bronze:Deprecate"],"picked":"bronze:ClassDefault","floor":2},{"not_picked":["bronze:Turbo","bronze:WildBeam"],"picked":"bronze:Invalidate","floor":4},{"not_picked":["bronze:Refactor","bronze:Terminator"],"picked":"bronze:ChosenStrike","floor":5},{"not_picked":["bronze:ForceShield","bronze:Virus"],"picked":"bronze:BronzeOrb","floor":6},{"not_picked":["bronze:Allocate","bronze:BugBarrage"],"picked":"bronze:OilSpill","floor":8}],"player_experience":720504,"relics_obtained":[{"floor":7,"key":"CeramicFish"}],"event_choices":[],"is_beta":false,"boss_relics":[],"items_purged_floors":[],"is_endless":false,"potions_floor_spawned":[5],"killed_by":"Lagavulin","ascension_level":0}}