{"host":"vucub2jtaeo9vgh1","time":1611007454,"event":{"mods":["BaseMod","BetterRewards","Minty Spire (QoL Compilation)","Quick Restart","Rare Cards Sparkle","Replay The Spire","StSLib"],"gold_per_floor":[113,128,128,228,246,272,272,298,298,325,325,339,339,349,349,452,452,467,493,546,546,565,599,599,625,625,639,651,670,138,163,163,260,260,271,283,296,396,414,441,458,489,489,138,154,5,29,251,251,251],"floor_reached":51,"language":"ENG","playtime":1557,"items_purged":["Strike_G","Strike_G","Defend_G","Infinite Blades+1"],"score":1489,"play_id":"5e085647-1b82-4d2f-af54-87a68f2af80a","local_time":"20210118230414","is_ascension_mode":true,"campfire_choices":[{"floor":7,"key":"REST"},{"data":"Accuracy","floor":11,"key":"SMITH"},{"data":"Blade Dance","floor":13,"key":"SMITH"},{"floor":15,"key":"DIG"},{"data":"Cloak And Dagger","floor":24,"key":"SMITH"},{"data":"Terror","floor":32,"key":"SMITH"},{"data":"Adrenaline","floor":49,"key":"SMITH"}],"circlet_count":0,"master_deck":["Defend_G","Defend_G","Defend_G","Defend_G","Survivor","Neutralize","Accuracy+1","Blade Dance","Accuracy+1","Blade Dance+1","Cloak And Dagger+1","Prepared","Infinite Blades+1","Prepared","Backstab+1","Burst+1","ReplayTheSpireMod:Shiv Toss+1","Cloak And Dagger","Terror+1","ReplayTheSpireMod:Scrap Shanks+1","Phantasmal Killer","Adrenaline+1","ReplayTheSpireMod:Scrap Shanks+1"],"relics":["Ring of the Snake","Iron Hammer","Question Card","Replay:PocketPolymizer","Bag of Marbles","Ice Cream","Pocketwatch","Frozen Egg 2","Pantograph","Letter Opener","Chameleon Ring","Replay:Drink Me","Red Mask","War Paint","MutagenicStrength","Pear","Ornamental Fan","Quantum Egg","Guide Book","Omamori","Calling Bell","Toy Ornithopter","Meat on the Bone","Unceasing Top","Pen Nib","Strawberry","Replay:Mystery Machine","Anchor","Lantern","Blue Doll"],"acts_visited":["Exordium","TheCity","TheBeyond"],"potions_floor_usage":[10,16,18,19,19,22,25,33,41,41,50],"damage_taken":[{"damage":0,"enemies":"Jaw Worm","floor":1,"turns":1},{"damage":0,"enemies":"Cultist","floor":2,"turns":1},{"damage":0,"enemies":"Small Slimes","floor":5,"turns":1},{"damage":4,"enemies":"3 Sentries","floor":6,"turns":4},{"damage":0,"enemies":"Lagavulin","floor":8,"turns":2},{"damage":4,"enemies":"3 Sentries","floor":10,"turns":2},{"damage":0,"enemies":"Exordium Wildlife","floor":12,"turns":1},{"damage":0,"enemies":"Blue Slaver","floor":14,"turns":1},{"damage":0,"enemies":"Slime Boss","floor":16,"turns":3},{"damage":0,"enemies":"2 Thieves","floor":18,"turns":2},{"damage":0,"enemies":"Masked Bandits","floor":19,"turns":1},{"damage":0,"enemies":"Chosen","floor":22,"turns":3},{"damage":9,"enemies":"Slavers","floor":23,"turns":3},{"damage":0,"enemies":"Book of Stabbing","floor":25,"turns":2},{"damage":9,"enemies":"Shelled Parasite and Fungi","floor":27,"turns":3},{"damage":0,"enemies":"Cultist and Chosen","floor":28,"turns":3},{"damage":10,"enemies":"3 Cultists","floor":29,"turns":3},{"damage":0,"enemies":"Slavers","floor":31,"turns":2},{"damage":12,"enemies":"Automaton","floor":33,"turns":4},{"damage":0,"enemies":"Orb Walker","floor":35,"turns":3},{"damage":0,"enemies":"3 Shapes","floor":36,"turns":3},{"damage":3,"enemies":"Maw","floor":37,"turns":3},{"damage":6,"enemies":"4 Shapes","floor":39,"turns":2},{"damage":4,"enemies":"Reptomancer","floor":40,"turns":3},{"damage":28,"enemies":"Writhing Mass","floor":41,"turns":3},{"damage":0,"enemies":"Nemesis","floor":42,"turns":1},{"damage":0,"enemies":"3 Darklings","floor":45,"turns":3},{"damage":0,"enemies":"Awakened One","floor":50,"turns":4}],"seed_played":"-4665948592638257120","potions_obtained":[{"floor":2,"key":"Block Potion"},{"floor":6,"key":"Block Potion"},{"floor":8,"key":"Adrenaline Potion"},{"floor":12,"key":"Toxic Potion"},{"floor":16,"key":"PowerPotion"},{"floor":18,"key":"SkillPotion"},{"floor":19,"key":"Milkshake"},{"floor":23,"key":"SkillPotion"},{"floor":31,"key":"Languid Potion"},{"floor":33,"key":"ColorlessPotion"},{"floor":39,"key":"Weak Potion"},{"floor":41,"key":"LiquidBronze"}],"is_trial":false,"path_per_floor":["M","M","?","?","M","E","R","E","T","E","R","M","R","M","R","B",null,"M","?","T","?","M","E","R","E","T","M","M","M","$","E","R","B",null,"M","M","M","?","M","E","M","E","T","$","M","$","T","?","R","B",null],"character_chosen":"THE_SILENT","items_purchased":["Iron Hammer","Question Card","Accuracy","Blade Dance","Orrery","Infinite Blades","Bag of Marbles","Quantum Egg","Guide Book","Anchor","Block Potion","Lantern"],"campfire_rested":1,"item_purchase_floors":[0,0,0,0,0,0,0,30,30,44,44,46],"current_hp_per_floor":[20,20,20,20,20,16,37,37,37,33,33,33,33,33,33,58,53,53,53,53,53,53,54,54,54,54,45,45,35,35,35,35,48,63,63,63,60,60,54,50,32,39,39,39,39,39,39,39,39,69],"gold":251,"neow_bonus":"","is_daily":false,"chose_seed":false,"campfire_upgraded":5,"win_rate":0.0,"timestamp":1611007454,"path_taken":["M","M","?","?","?","E","R","E","T","E","R","M","R","M","R","BOSS","M","?","?","?","M","E","R","E","T","M","M","M","?","E","R","BOSS","M","M","M","?","M","E","M","E","T","?","M","$","?","?","R","BOSS"],"items_purchased_type":["Relic","Relic","Card","Card","Relic","Card","Relic","Relic","Relic","Relic","Potion","Relic"],"build_version":"2020-12-22","purchased_purges":4,"victory":true,"max_hp_per_floor":[70,70,70,70,70,70,70,70,70,70,70,70,70,70,70,70,53,53,53,53,53,53,63,63,63,63,63,63,63,63,63,63,63,63,63,63,63,63,63,63,63,70,70,70,70,70,70,70,70,70],"card_choices":[{"not_picked":["Escape Plan","Cloak And Dagger","Reflex"],"picked":"Accuracy","floor":0},{"not_picked":["ReplayTheSpireMod:Tripwire","Underhanded Strike","Bouncing Flask"],"picked":"Blade Dance","floor":0},{"not_picked":["Setup","Well Laid Plans","Endless Agony"],"picked":"Cloak And Dagger","floor":0},{"not_picked":["Doppelganger","PiercingWail","Sucker Punch"],"picked":"Prepared","floor":0},{"not_picked":["Dodge and Roll","Choke","Dagger Throw","Backflip"],"picked":"SKIP","floor":1},{"not_picked":["Slice","ReplayTheSpireMod:Speed Training","Deflect","Calculated Gamble"],"picked":"SKIP","floor":2},{"not_picked":["Dagger Throw","Quick Slash","Draining Mist"],"picked":"Prepared","floor":5},{"not_picked":["Acrobatics","Wraith Form v2+1","Dodge and Roll","Malaise"],"picked":"SKIP","floor":6},{"not_picked":["Backflip","Dodge and Roll","Endless Agony","Outmaneuver"],"picked":"SKIP","floor":8},{"not_picked":["Wraith Form v2+1","Sneak Up","Dagger Throw","Flying Knee"],"picked":"SKIP","floor":10},{"not_picked":["Hidden Blade","Concentrate","Calculated Gamble","Acrobatics"],"picked":"SKIP","floor":12},{"not_picked":["Bane","Replay:Poison Smokescreen","Outmaneuver"],"picked":"Backstab","floor":14},{"not_picked":["Atom Bomb","Doppelganger","ReplayTheSpireMod:From All Sides"],"picked":"Burst","floor":16},{"not_picked":["Slice","Deadly Poison+1","Dagger Throw","Backflip"],"picked":"SKIP","floor":18},{"not_picked":["Glass Knife","Slice","All Out Attack+1"],"picked":"ReplayTheSpireMod:Shiv Toss","floor":19},{"not_picked":["Hidden Blade","Slice","Deflect"],"picked":"Infinite Blades+1","floor":22},{"not_picked":["ReplayTheSpireMod:Speed Training+1","Endless Agony","Finisher","Sneak Up+1"],"picked":"SKIP","floor":23},{"not_picked":["PiercingWail","Bouncing Flask+1","Quick Slash+1"],"picked":"Cloak And Dagger","floor":25},{"not_picked":["Deadly Poison","Reflex","Cloak And Dagger","Concentrate"],"picked":"SKIP","floor":27},{"not_picked":["Dagger Spray","Backflip","Cloak And Dagger"],"picked":"Terror","floor":28},{"not_picked":["Terror","Atom Bomb","Choke+1"],"picked":"ReplayTheSpireMod:Scrap Shanks+1","floor":29},{"not_picked":["Dagger Throw+1","Predator+1","Bane","Dodge and Roll"],"picked":"SKIP","floor":31},{"not_picked":["Storm of Steel","Envenom+1","Malaise"],"picked":"Phantasmal Killer","floor":33},{"not_picked":["Infinite Blades+1","Blade Dance+1","Sucker Punch","PiercingWail"],"picked":"SKIP","floor":35},{"not_picked":["Underhanded Strike","Blade Dance+1","Deadly Poison+1","Poisoned Stab+1"],"picked":"SKIP","floor":36},{"not_picked":["Slice","Prepared+1","Quick Slash+1","Dagger Throw"],"picked":"SKIP","floor":37},{"not_picked":["ReplayTheSpireMod:Shiv Toss","Backflip+1","Dodge and Roll+1","Escape Plan"],"picked":"SKIP","floor":39},{"not_picked":["Prepared","Leg Sweep","Bane","Quick Slash+1"],"picked":"SKIP","floor":40},{"not_picked":["Toxin Wave","Sneak Up+1","Backflip"],"picked":"Adrenaline","floor":41},{"not_picked":["Glass Knife","Bane","Outmaneuver+1"],"picked":"ReplayTheSpireMod:Scrap Shanks+1","floor":42},{"not_picked":["Bouncing Flask+1","Poisoned Stab","Bane","ReplayTheSpireMod:Speed Training"],"picked":"SKIP","floor":45}],"player_experience":288471,"relics_obtained":[{"floor":6,"key":"Frozen Egg 2"},{"floor":9,"key":"Pantograph"},{"floor":10,"key":"Letter Opener"},{"floor":15,"key":"Chameleon Ring"},{"floor":19,"key":"Red Mask"},{"floor":20,"key":"War Paint"},{"floor":23,"key":"Pear"},{"floor":26,"key":"Ornamental Fan"},{"floor":31,"key":"Omamori"},{"floor":34,"key":"Toy Ornithopter"},{"floor":34,"key":"Meat on the Bone"},{"floor":34,"key":"Unceasing Top"},{"floor":40,"key":"Pen Nib"},{"floor":42,"key":"Strawberry"},{"floor":43,"key":"Replay:Mystery Machine"},{"floor":47,"key":"Blue Doll"}],"event_choices":[{"damage_healed":0,"gold_gain":0,"player_choice":"Grow","damage_taken":0,"max_hp_gain":0,"max_hp_loss":0,"event_name":"Living Wall","floor":3,"gold_loss":0,"cards_upgraded":["Accuracy"]},{"damage_healed":0,"gold_gain":100,"player_choice":"Pray","damage_taken":0,"max_hp_gain":0,"max_hp_loss":0,"event_name":"Golden Shrine","floor":4,"gold_loss":0},{"damage_healed":0,"gold_gain":0,"player_choice":"Fought Bandits","damage_taken":0,"max_hp_gain":0,"max_hp_loss":0,"event_name":"Masked Bandits","floor":19,"gold_loss":0},{"damage_healed":0,"gold_gain":0,"player_choice":"Inject Mutagens","damage_taken":0,"relics_obtained":["MutagenicStrength"],"max_hp_gain":0,"max_hp_loss":0,"event_name":"Drug Dealer","floor":21,"gold_loss":0},{"damage_healed":0,"gold_gain":100,"player_choice":"Pray","damage_taken":0,"max_hp_gain":0,"max_hp_loss":0,"event_name":"Golden Shrine","floor":38,"gold_loss":0},{"damage_healed":0,"gold_gain":222,"player_choice":"Wore Mask","damage_taken":0,"max_hp_gain":0,"max_hp_loss":0,"event_name":"Tomb of Lord Red Mask","floor":48,"gold_loss":0}],"is_beta":false,"boss_relics":[{"not_picked":["Runic Pyramid","Empty Cage"],"picked":"Replay:Drink Me"},{"not_picked":["Tiny House","SacredBark"],"picked":"Calling Bell"}],"items_purged_floors":[0,0,30,44],"is_endless":false,"potions_floor_spawned":[2,6,8,12,16,18,19,23,31,33,39,40,41],"ascension_level":4}}