{"host":"ndpbn7fqb3wjbd7p","time":1611009520,"event":{"mods":["AchievementEnabler","Act Like it!","AlwaysNeverKeys","BaseMod","Better Vampires","Block Reminder","Colored Powertips","DeckTracker","Defuse TimeMaze Blight","Friendly Minions","Hallownest","Hermit","Highlight Path","MarisaÅiñ∂âJÅ@ñÇóùçπÅj","Minty Spire (QoL Compilation)","Permanent Neow","Shade Mod","StSLib","SuperFastMode","Synergy Search","The Mystic","Unceasing Turn Reminder","Wandering Minibosses","egg"],"gold_per_floor":[109,34,34,49,61,11,11,59,128,143,173,173,204,204,204,280,280,300,317,99,110,126,126,76,76,126,154,166,166,177,189,189,267,267,280,300,350,85,85,85,112,112,164,178,194,74,74,24,24,24],"floor_reached":51,"language":"ENG","playtime":3509,"items_purged":["Strike_G","Strike_G","Strike_G","Strike_G","Defend_G","Survivor"],"score":1401,"play_id":"617792c7-343a-45a8-8fc3-ffc381d2fdf0","local_time":"20210118233840","is_ascension_mode":true,"campfire_choices":[{"data":"Footwork","floor":7,"key":"SMITH"},{"data":"Neutralize","floor":12,"key":"SMITH"},{"data":"Doppelganger","floor":15,"key":"SMITH"},{"data":"Noxious Fumes","floor":23,"key":"SMITH"},{"data":"Noxious Fumes","floor":29,"key":"SMITH"},{"data":"Footwork","floor":32,"key":"SMITH"},{"data":"Noxious Fumes","floor":40,"key":"SMITH"},{"data":"Envenom","floor":42,"key":"SMITH"},{"data":"Noxious Fumes","floor":47,"key":"SMITH"},{"data":"Well Laid Plans","floor":49,"key":"SMITH"}],"circlet_count":0,"master_deck":["AscendersBane","Defend_G","Defend_G","Defend_G","Neutralize+1","Noxious Fumes+1","Noxious Fumes+1","Well Laid Plans+1","Footwork+1","Caltrops","Doppelganger+1","Dodge and Roll","Caltrops","Distraction+1","Footwork+1","Bouncing Flask","Venomology","Envenom+1","Backflip","Noxious Fumes+1","Doppelganger","Crippling Poison","Backflip+1","Noxious Fumes+1"],"relics":["Ring of the Snake","Smiling Mask","Omamori","Matryoshka","Bird Faced Urn","Ancient Tea Set","Meat on the Bone","Lantern","SacredBark","Strange Spoon","Happy Flower","Bronze Scales","Sundial","Calling Bell","Centennial Puzzle","The Courier","WingedGreaves","CatCart","Chemical X","Blue Candle","Boot"],"acts_visited":["Exordium","TheCity","TheBeyond"],"potions_floor_usage":[10,13,16,22,28,33,35,35,36,37,37,37,41,44,45,50,50,50],"damage_taken":[{"damage":11,"enemies":"Cultist","floor":1,"turns":6},{"damage":9,"enemies":"Small Slimes","floor":4,"turns":6},{"damage":0,"enemies":"Jaw Worm","floor":5,"turns":6},{"damage":0,"enemies":"Looter","floor":10,"turns":4},{"damage":0,"enemies":"Lagavulin","floor":11,"turns":10},{"damage":11,"enemies":"Gremlin Nob","floor":13,"turns":7},{"damage":0,"enemies":"Hexaghost","floor":16,"turns":11},{"damage":4,"enemies":"Shell Parasite","floor":18,"turns":8},{"damage":10,"enemies":"Spheric Guardian","floor":19,"turns":6},{"damage":19,"enemies":"Snecko","floor":21,"turns":8},{"damage":12,"enemies":"Shelled Parasite and Fungi","floor":22,"turns":7},{"damage":6,"enemies":"Book of Stabbing","floor":27,"turns":7},{"damage":24,"enemies":"Cultist and Chosen","floor":28,"turns":7},{"damage":9,"enemies":"Snecko","floor":30,"turns":8},{"damage":22,"enemies":"Snake Plant","floor":31,"turns":3},{"damage":42,"enemies":"Collector","floor":33,"turns":10},{"damage":0,"enemies":"3 Shapes","floor":35,"turns":2},{"damage":17,"enemies":"3 Darklings","floor":36,"turns":5},{"damage":9,"enemies":"Orin","floor":37,"turns":9},{"damage":55,"enemies":"Reptomancer","floor":41,"turns":7},{"damage":0,"enemies":"Sphere and 2 Shapes","floor":44,"turns":5},{"damage":18,"enemies":"4 Shapes","floor":45,"turns":5},{"damage":19,"enemies":"Time Eater","floor":50,"turns":12}],"seed_played":"2134252425684613879","potions_obtained":[{"floor":5,"key":"Weak Potion"},{"floor":10,"key":"SpeedPotion"},{"floor":13,"key":"SkillPotion"},{"floor":18,"key":"SkillPotion"},{"floor":27,"key":"Weak Potion"},{"floor":31,"key":"LiquidBronze"},{"floor":33,"key":"AttackPotion"},{"floor":41,"key":"SkillPotion"},{"floor":44,"key":"DuplicationPotion"}],"is_trial":false,"path_per_floor":["M","$","?","M","M","$","R","T","T","M","E","R","E","T","R","B",null,"M","M","$","M","M","R","$","?","T","E","M","R","M","M","R","B",null,"M","M","?","$","?","R","E","R","T","M","M","$","R","$","R","B",null],"character_chosen":"THE_SILENT","items_purchased":["Noxious Fumes","Strange Spoon","Backflip","Noxious Fumes","Chemical X","Noxious Fumes"],"campfire_rested":0,"item_purchase_floors":[2,20,38,38,38,46],"current_hp_per_floor":[48,48,22,13,13,13,13,13,13,13,13,13,12,12,12,34,58,64,58,58,51,51,51,51,51,51,59,42,42,47,37,37,21,55,63,59,57,57,57,57,32,32,32,50,50,50,50,50,50,55],"gold":24,"neow_bonus":"REMOVE_CARD","is_daily":false,"chose_seed":false,"campfire_upgraded":10,"win_rate":0.0,"timestamp":1611009520,"path_taken":["M","?","?","M","M","$","R","?","T","M","E","R","E","?","R","BOSS","M","M","$","?","M","R","$","?","T","E","M","R","M","M","R","BOSS","M","M","?","$","?","R","E","R","T","M","?","$","R","$","R","BOSS"],"items_purchased_type":["Card","Relic","Card","Card","Relic","Card"],"build_version":"2020-12-22","purchased_purges":6,"victory":true,"max_hp_per_floor":[66,66,66,66,66,66,66,66,66,66,66,66,66,66,66,66,66,66,66,66,66,66,66,66,66,66,66,66,66,66,66,66,66,66,66,66,66,66,66,66,66,66,66,66,66,66,66,66,66,66],"card_choices":[{"not_picked":["Dagger Spray","Dash"],"picked":"Noxious Fumes","floor":1},{"not_picked":["Finisher","Bane"],"picked":"Well Laid Plans","floor":4},{"not_picked":["Tactician","Slice"],"picked":"Footwork","floor":5},{"not_picked":["All Out Attack","Flying Knee","Sucker Punch"],"picked":"SKIP","floor":10},{"not_picked":["Backflip","Quick Slash"],"picked":"Caltrops","floor":11},{"not_picked":["Acrobatics","Quick Slash"],"picked":"Doppelganger","floor":13},{"not_picked":["Dagger Spray+1","Prepared"],"picked":"Dodge and Roll","floor":18},{"not_picked":["Heel Hook","Bouncing Flask"],"picked":"Caltrops","floor":19},{"not_picked":["Dagger Throw","Bane","Dodge and Roll"],"picked":"SKIP","floor":21},{"not_picked":["Cloak And Dagger","Outmaneuver"],"picked":"Distraction+1","floor":22},{"not_picked":["Crippling Poison","Sucker Punch","Reflex"],"picked":"SKIP","floor":27},{"not_picked":["Eviscerate+1","Cloak And Dagger","Blade Dance"],"picked":"SKIP","floor":28},{"not_picked":["Poisoned Stab","Predator"],"picked":"Bouncing Flask","floor":30},{"not_picked":["Outmaneuver+1","Quick Slash"],"picked":"Venomology","floor":31},{"not_picked":["After Image","Unload"],"picked":"Envenom","floor":33},{"not_picked":["Cloak And Dagger+1","Distraction","Flechettes"],"picked":"SKIP","floor":35},{"not_picked":["Heel Hook","Slice","Dagger Spray+1"],"picked":"SKIP","floor":36},{"not_picked":["Flying Knee","Deflect"],"picked":"Crippling Poison","floor":41},{"not_picked":["Crippling Poison+1","Leg Sweep"],"picked":"Backflip+1","floor":44},{"not_picked":["Backflip","Deadly Poison+1","Poisoned Stab+1"],"picked":"SKIP","floor":45}],"player_experience":1150803,"relics_obtained":[{"floor":8,"key":"Omamori"},{"floor":9,"key":"Matryoshka"},{"floor":11,"key":"Bird Faced Urn"},{"floor":13,"key":"Ancient Tea Set"},{"floor":14,"key":"Meat on the Bone"},{"floor":14,"key":"Lantern"},{"floor":26,"key":"Happy Flower"},{"floor":26,"key":"Bronze Scales"},{"floor":27,"key":"Sundial"},{"floor":34,"key":"Centennial Puzzle"},{"floor":34,"key":"The Courier"},{"floor":34,"key":"WingedGreaves"},{"floor":37,"key":"CatCart"},{"floor":41,"key":"Blue Candle"},{"floor":43,"key":"Boot"}],"event_choices":[{"damage_healed":0,"gold_gain":0,"player_choice":"Success","damage_taken":26,"relics_obtained":["Smiling Mask"],"max_hp_gain":0,"max_hp_loss":0,"event_name":"Scrap Ooze","floor":3,"gold_loss":0},{"damage_healed":0,"gold_gain":0,"player_choice":"Read","damage_taken":0,"max_hp_gain":0,"max_hp_loss":0,"event_name":"The Library","floor":25,"gold_loss":0,"cards_obtained":["Footwork"]},{"damage_healed":0,"gold_gain":0,"player_choice":"Fight","damage_taken":0,"max_hp_gain":0,"max_hp_loss":0,"event_name":"OrinTheCat","floor":37,"gold_loss":0},{"damage_healed":0,"gold_gain":0,"cards_transformed":["Defend_G"],"player_choice":"Transformed","damage_taken":0,"max_hp_gain":0,"max_hp_loss":0,"event_name":"Transmorgrifier","floor":39,"gold_loss":0,"cards_obtained":["Doppelganger"]}],"is_beta":false,"boss_relics":[{"not_picked":["Velvet Choker","WristBlade"],"picked":"SacredBark"},{"not_picked":["Ring of the Serpent","Tiny House"],"picked":"Calling Bell"}],"items_purged_floors":[6,20,24,38,46,48],"is_endless":false,"potions_floor_spawned":[5,10,13,18,27,31,33,41,44,45],"ascension_level":17}}