{"host":"xes75gx807s8gyhc","time":1611009151,"event":{"mods":["AchievementEnabler","BaseMod","Colored Powertips","Curses Come First","Minty Spire (QoL Compilation)","Rare Cards Sparkle","Relic Stats","StSLib","Unceasing Turn Reminder","everything is the same but u backflip on backflip"],"gold_per_floor":[118,43,63,63,81,114,114,130,156,156,167,167,194,42,42,143,143,157,157,157,174,189,219,232,245,268,293,308,343,343,363,363,468,468,484,495,510,522,130,157,175,175,175,175,194,225,225,239,239,239,239,239,114,143,143],"floor_reached":56,"language":"ENG","playtime":3691,"items_purged":["Writhe","Strike_B+1","Strike_B+1"],"score":1360,"play_id":"f2b39132-73e7-4605-81d6-ad1c23ce16e1","local_time":"20210118143231","is_ascension_mode":true,"campfire_choices":[{"data":"Biased Cognition","floor":7.0,"key":"SMITH"},{"data":"Buffer","floor":15.0,"key":"SMITH"},{"data":"Capacitor","floor":30.0,"key":"SMITH"},{"data":"Ball Lightning","floor":32.0,"key":"SMITH"},{"floor":42.0,"key":"RECALL"},{"data":"Consume","floor":44.0,"key":"SMITH"},{"data":"Fission","floor":47,"key":"SMITH"},{"data":"Coolheaded","floor":49,"key":"SMITH"},{"data":"Thunder Strike","floor":52,"key":"SMITH"}],"circlet_count":0,"master_deck":["Strike_B+1","Defend_B+1","Defend_B+1","Defend_B+1","Defend_B+1","Zap+1","Dualcast","Biased Cognition+1","Coolheaded+1","Reinforced Body","Skim","Ball Lightning+1","Coolheaded+1","Loop","Buffer+1","Echo Form","Glacier+1","Capacitor+1","Self Repair","Genetic Algorithm+1","Storm","Lockon+1","Consume+1","Ball Lightning","Loop","Thunder Strike+1","Heatsinks+1","Coolheaded+1","Fission+1","Aggregate+1","Tempest+1","Coolheaded+1"],"relics":["Cracked Core","Orichalcum","Happy Flower","MealTicket","Omamori","Sozu","Anchor","Dream Catcher","Du-Vu Doll","Bag of Marbles","Coffee Dripper","Lee\u0027s Waffle","War Paint","StoneCalendar","Meat on the Bone","Mercury Hourglass"],"acts_visited":["Exordium","TheCity","TheBeyond","TheEnding"],"potions_floor_usage":[],"damage_taken":[{"damage":1.0,"enemies":"Cultist","floor":1.0,"turns":3.0},{"damage":1.0,"enemies":"Jaw Worm","floor":3.0,"turns":3.0},{"damage":1.0,"enemies":"Small Slimes","floor":5.0,"turns":4.0},{"damage":14.0,"enemies":"3 Sentries","floor":6.0,"turns":7.0},{"damage":8.0,"enemies":"2 Fungi Beasts","floor":8.0,"turns":3.0},{"damage":7.0,"enemies":"Blue Slaver","floor":11.0,"turns":3.0},{"damage":3.0,"enemies":"Gremlin Nob","floor":13.0,"turns":3.0},{"damage":23.0,"enemies":"Hexaghost","floor":16.0,"turns":9.0},{"damage":0.0,"enemies":"Shell Parasite","floor":18.0,"turns":5.0},{"damage":0.0,"enemies":"Chosen","floor":21.0,"turns":3.0},{"damage":0.0,"enemies":"Snecko","floor":22.0,"turns":6.0},{"damage":7.0,"enemies":"Gremlin Leader","floor":23.0,"turns":11.0},{"damage":4.0,"enemies":"Centurion and Healer","floor":24.0,"turns":7.0},{"damage":16.0,"enemies":"3 Cultists","floor":25.0,"turns":7.0},{"damage":14.0,"enemies":"Slavers","floor":27.0,"turns":7.0},{"damage":15.0,"enemies":"Sentry and Sphere","floor":28.0,"turns":4.0},{"damage":5.0,"enemies":"Gremlin Leader","floor":29.0,"turns":6.0},{"damage":5.0,"enemies":"Centurion and Healer","floor":31.0,"turns":6.0},{"damage":23.0,"enemies":"Automaton","floor":33.0,"turns":10.0},{"damage":0.0,"enemies":"3 Shapes","floor":35.0,"turns":5.0},{"damage":0.0,"enemies":"Orb Walker","floor":36.0,"turns":4.0},{"damage":0.0,"enemies":"Sphere and 2 Shapes","floor":37.0,"turns":3.0},{"damage":14.0,"enemies":"4 Shapes","floor":38.0,"turns":5.0},{"damage":11.0,"enemies":"Nemesis","floor":40.0,"turns":7.0},{"damage":0.0,"enemies":"Spire Growth","floor":41.0,"turns":4.0},{"damage":0.0,"enemies":"Transient","floor":45.0,"turns":5.0},{"damage":1,"enemies":"Reptomancer","floor":46,"turns":6},{"damage":35,"enemies":"Sphere and 2 Shapes","floor":48,"turns":5},{"damage":0,"enemies":"Time Eater","floor":50,"turns":10},{"damage":0,"enemies":"Shield and Spear","floor":54,"turns":4},{"damage":44,"enemies":"The Heart","floor":55,"turns":9}],"seed_played":"970823775266417838","potions_obtained":[{"floor":1.0,"key":"Regen Potion"},{"floor":6.0,"key":"ColorlessPotion"},{"floor":11.0,"key":"LiquidBronze"},{"floor":16.0,"key":"ColorlessPotion"}],"is_trial":false,"path_per_floor":["M","$","M","?","M","E","R","M","T","?","M","?","E","$","R","B",null,"M","?","?","M","M","E","M","M","T","E","M","E","R","M","R","B",null,"M","M","M","M","$","E","M","R","T","R","M","E","R","M","R","B",null,"R","$","E","B",null],"character_chosen":"DEFECT","items_purchased":["Omamori","Lee\u0027s Waffle","War Paint"],"campfire_rested":0,"item_purchase_floors":[14,39,39],"current_hp_per_floor":[74,74,73,73,72,58,58,50,50,35,37,62,59,74,74,51,75,75,75,75,75,75,75,75,66,66,59,51,53,53,55,55,39,75,75,75,75,61,82,71,78,78,78,78,82,82,82,61,61,68,82,82,82,82,57],"gold":143,"neow_bonus":"THREE_RARE_CARDS","is_daily":false,"chose_seed":false,"campfire_upgraded":8,"win_rate":0.0,"timestamp":1611009151,"path_taken":["M","?","M","?","M","E","R","?","T","?","M","?","E","$","R","BOSS","M","?","?","M","M","E","M","M","T","E","M","E","R","M","R","BOSS","M","M","M","M","$","E","M","R","T","R","M","E","R","M","R","BOSS","R","$","E","BOSS"],"items_purchased_type":["Relic","Relic","Relic"],"build_version":"2020-12-22","purchased_purges":3,"victory":true,"max_hp_per_floor":[75,75,75,75,75,75,75,75,75,75,75,75,75,75,75,75,75,75,75,75,75,75,75,75,75,75,75,75,75,75,75,75,75,75,75,75,75,75,82,82,82,82,82,82,82,82,82,82,82,82,82,82,82,82,82],"relic_stats":{"Sozu":10,"Dream Catcher":0,"Lee\u0027s Waffle":7,"Happy Flower":[51],"counters":[31,173],"MealTicket":29,"StoneCalendar":[104],"Orichalcum":[270],"War Paint":["Zap","Coolheaded"],"obtain_stats":[{"Lee\u0027s Waffle":39,"Happy Flower":9,"StoneCalendar":40,"Omamori":14,"Orichalcum":6,"War Paint":39,"Mercury Hourglass":54,"Sozu":17,"Du-Vu Doll":27,"Anchor":23,"Dream Catcher":26,"MealTicket":13,"Bag of Marbles":29,"Coffee Dripper":34,"Cracked Core":0,"Meat on the Bone":46},{"Lee\u0027s Waffle":23,"Happy Flower":5,"StoneCalendar":24,"Omamori":7,"Orichalcum":4,"War Paint":23,"Mercury Hourglass":30,"Sozu":8,"Du-Vu Doll":15,"Anchor":12,"Dream Catcher":14,"MealTicket":7,"Bag of Marbles":17,"Coffee Dripper":19,"Cracked Core":0,"Meat on the Bone":27},{"Lee\u0027s Waffle":124,"Happy Flower":20,"StoneCalendar":130,"Omamori":26,"Orichalcum":17,"War Paint":124,"Mercury Hourglass":164,"Sozu":35,"Du-Vu Doll":81,"Anchor":60,"Dream Catcher":74,"MealTicket":26,"Bag of Marbles":91,"Coffee Dripper":107,"Cracked Core":0,"Meat on the Bone":145}],"Meat on the Bone":12,"Mercury Hourglass":[27]},"card_choices":[{"not_picked":["Thunder Strike","Electrodynamics"],"picked":"Biased Cognition","floor":0.0},{"not_picked":["Stack","Undo"],"picked":"Coolheaded","floor":1.0},{"not_picked":["Skim","Rebound"],"picked":"Reinforced Body","floor":3.0},{"not_picked":["Steam Power","Streamline"],"picked":"Ball Lightning","floor":5.0},{"not_picked":["Force Field","Chaos"],"picked":"Coolheaded","floor":6.0},{"not_picked":["Tempest","Barrage","Redo"],"picked":"SKIP","floor":8.0},{"not_picked":["Coolheaded","Aggregate"],"picked":"Loop","floor":11.0},{"not_picked":["Double Energy","Redo"],"picked":"Buffer","floor":13.0},{"not_picked":["All For One","Thunder Strike"],"picked":"Echo Form","floor":16.0},{"not_picked":["Double Energy","White Noise"],"picked":"Glacier+1","floor":18.0},{"not_picked":["Rip and Tear","Stack"],"picked":"Self Repair","floor":21.0},{"not_picked":["White Noise","Chaos","Sweeping Beam"],"picked":"SKIP","floor":22.0},{"not_picked":["Tempest","Go for the Eyes"],"picked":"Genetic Algorithm+1","floor":23.0},{"not_picked":["Stack+1","Conserve Battery"],"picked":"Storm","floor":24.0},{"not_picked":["Streamline+1","Gash"],"picked":"Lockon+1","floor":25.0},{"not_picked":["Genetic Algorithm","Multi-Cast"],"picked":"Consume","floor":27.0},{"not_picked":["Coolheaded","Streamline"],"picked":"Ball Lightning","floor":28.0},{"not_picked":["Tempest","Sweeping Beam","Rebound"],"picked":"SKIP","floor":29.0},{"not_picked":["Conserve Battery+1","Cold Snap+1"],"picked":"Loop","floor":31.0},{"not_picked":["Fission","Seek"],"picked":"Thunder Strike","floor":33.0},{"not_picked":["Leap","Rebound+1"],"picked":"Heatsinks+1","floor":35.0},{"not_picked":["Stack","Go for the Eyes","Leap"],"picked":"SKIP","floor":36.0},{"not_picked":["Genetic Algorithm","Blizzard","Hello World+1"],"picked":"SKIP","floor":37.0},{"not_picked":["Barrage","Reboot"],"picked":"Coolheaded+1","floor":38.0},{"not_picked":["Barrage+1","Genetic Algorithm+1","Hello World+1"],"picked":"SKIP","floor":40.0},{"not_picked":["Cold Snap+1","Steam","Heatsinks"],"picked":"SKIP","floor":41.0},{"not_picked":["Blizzard+1","Go for the Eyes+1"],"picked":"Fission","floor":45.0},{"not_picked":["Coolheaded","Multi-Cast"],"picked":"Aggregate+1","floor":46},{"not_picked":["Coolheaded","Steam+1"],"picked":"Tempest+1","floor":48},{"not_picked":["Consume","Hello World"],"picked":"Coolheaded+1","floor":54}],"player_experience":16253,"relics_obtained":[{"floor":6.0,"key":"Orichalcum"},{"floor":9.0,"key":"Happy Flower"},{"floor":13.0,"key":"MealTicket"},{"floor":23.0,"key":"Anchor"},{"floor":26.0,"key":"Dream Catcher"},{"floor":27.0,"key":"Du-Vu Doll"},{"floor":29.0,"key":"Bag of Marbles"},{"floor":40.0,"key":"StoneCalendar"},{"floor":46,"key":"Meat on the Bone"},{"floor":54,"key":"Mercury Hourglass"}],"event_choices":[{"damage_healed":0.0,"max_hp_gain":0.0,"max_hp_loss":0.0,"gold_gain":0.0,"cards_transformed":["Strike_B"],"event_name":"Transmorgrifier","player_choice":"Transformed","floor":4.0,"gold_loss":0.0,"damage_taken":0.0,"cards_obtained":["Skim"]},{"damage_healed":0.0,"max_hp_gain":0.0,"max_hp_loss":0.0,"gold_gain":0.0,"event_name":"Shining Light","player_choice":"Entered Light","floor":10.0,"gold_loss":0.0,"damage_taken":15.0,"cards_upgraded":["Strike_B","Defend_B"]},{"damage_healed":25.0,"max_hp_gain":0.0,"max_hp_loss":0.0,"gold_gain":0.0,"event_name":"Big Fish","player_choice":"Banana","floor":12.0,"gold_loss":0.0,"damage_taken":0.0},{"damage_healed":0.0,"max_hp_gain":0.0,"max_hp_loss":0.0,"gold_gain":0.0,"event_name":"The Library","player_choice":"Read","floor":19.0,"gold_loss":0.0,"damage_taken":0.0,"cards_obtained":["Capacitor"]},{"damage_healed":0.0,"max_hp_gain":0.0,"max_hp_loss":0.0,"gold_gain":0.0,"event_name":"Back to Basics","player_choice":"Simplicity","floor":20.0,"gold_loss":0.0,"damage_taken":0.0,"cards_upgraded":["Strike_B","Strike_B","Defend_B","Defend_B","Defend_B"]}],"is_beta":false,"boss_relics":[{"not_picked":["Runic Pyramid","Fusion Hammer"],"picked":"Sozu"},{"not_picked":["Philosopher\u0027s Stone","Busted Crown"],"picked":"Coffee Dripper"}],"items_purged_floors":[2,39,53],"is_endless":false,"potions_floor_spawned":[1,6,11,16,23,24,28,29,31,33,36,41,48,54],"ascension_level":1}}