{"host":"Qube","time":1611011484,"event":{"mods":["AchievementEnabler","BaseMod","Colored Map","Colored Powertips","Highlight Path","Minty Spire (QoL Compilation)","Permanent Neow","Quick Restart","Random Character Button","StSLib"],"gold_per_floor":[109,121,133,151,169,169,231,231,305,325,325,250,250,62,62,139,139,151,62,72,90,90,90,90],"floor_reached":23,"language":"ENG","playtime":865,"items_purged":[],"score":466,"play_id":"3ce5ce83-17b8-4f18-a2da-9620a7ffa878","local_time":"20210118151124","is_ascension_mode":true,"campfire_choices":[{"floor":6,"key":"REST"},{"floor":8,"key":"REST"},{"data":"After Image","floor":13,"key":"SMITH"},{"data":"Deadly Poison","floor":15,"key":"SMITH"}],"circlet_count":0,"master_deck":["AscendersBane","Strike_G+1","Strike_G","Strike_G","Defend_G","Defend_G","Defend_G","Defend_G","Survivor","Neutralize","Deadly Poison","Backflip","After Image+1","Deadly Poison+1","Deadly Poison+1","Choke","Poisoned Stab","Glass Knife","Adrenaline","Phantasmal Killer+1","Underhanded Strike+1","PiercingWail+1","Poisoned Stab+1","Leg Sweep","Backflip","Acrobatics","Necronomicurse"],"relics":["Cursed Key","Gambling Chip","Meat on the Bone","Astrolabe","Necronomicon"],"acts_visited":["Exordium","TheCity"],"potions_floor_usage":[7,7,16,21,21],"damage_taken":[{"damage":9.0,"enemies":"Jaw Worm","floor":1.0,"turns":5.0},{"damage":0.0,"enemies":"2 Louse","floor":2.0,"turns":2.0},{"damage":0.0,"enemies":"Cultist","floor":3.0,"turns":4.0},{"damage":27,"enemies":"Gremlin Gang","floor":4,"turns":7},{"damage":0,"enemies":"Blue Slaver","floor":5,"turns":4},{"damage":9,"enemies":"3 Sentries","floor":7,"turns":11},{"damage":0,"enemies":"2 Fungi Beasts","floor":10,"turns":4},{"damage":0,"enemies":"Hexaghost","floor":16,"turns":7},{"damage":4,"enemies":"Shell Parasite","floor":18,"turns":3},{"damage":1,"enemies":"Chosen","floor":20,"turns":4},{"damage":2,"enemies":"3 Cultists","floor":21,"turns":5},{"damage":39,"enemies":"Book of Stabbing","floor":23,"turns":4}],"seed_played":"-7562983459138098618","potions_obtained":[{"floor":3.0,"key":"GhostInAJar"},{"floor":4,"key":"Poison Potion"},{"floor":7,"key":"Strength Potion"},{"floor":16,"key":"SpeedPotion"},{"floor":20,"key":"LiquidMemories"}],"is_trial":false,"path_per_floor":["M","M","M","M","M","R","?","R","T","M","?","?","R","$","R","B",null,"M","$","M","M","?","E"],"character_chosen":"THE_SILENT","items_purchased":["Poisoned Stab","Glass Knife","Leg Sweep"],"campfire_rested":2,"item_purchase_floors":[14,14,19],"current_hp_per_floor":[50,50,50,23,23,42,33,52,52,52,32,32,32,32,32,44,61,57,57,56,54,33,0,0],"gold":90,"neow_bonus":"BOSS_RELIC","is_daily":false,"chose_seed":false,"campfire_upgraded":2,"win_rate":0.0,"timestamp":1611011484,"path_taken":["M","M","M","M","M","R","?","R","T","M","?","?","R","?","R","BOSS","M","?","?","M","?","E"],"items_purchased_type":["Card","Card","Card"],"build_version":"2020-12-18","purchased_purges":0,"victory":false,"max_hp_per_floor":[66,66,66,66,66,66,66,66,66,66,66,66,66,66,66,66,66,66,66,66,66,66,66,66],"card_choices":[{"not_picked":["Dodge and Roll","Flying Knee"],"picked":"Deadly Poison","floor":1.0},{"not_picked":["Distraction","Deflect"],"picked":"Backflip","floor":2.0},{"not_picked":["Eviscerate","Acrobatics"],"picked":"After Image","floor":3.0},{"not_picked":["Heel Hook","Backflip"],"picked":"Deadly Poison","floor":4},{"not_picked":["Sucker Punch","Footwork"],"picked":"Deadly Poison","floor":5},{"not_picked":["Dagger Throw","Dagger Spray"],"picked":"Choke","floor":7},{"not_picked":["Blade Dance","Reflex","Flechettes"],"picked":"SKIP","floor":10},{"not_picked":["Night Terror","Venomology"],"picked":"Adrenaline","floor":16},{"not_picked":["Dagger Spray+1","Escape Plan"],"picked":"Poisoned Stab+1","floor":18},{"not_picked":["Dash","Prepared"],"picked":"Backflip","floor":20},{"not_picked":["Deadly Poison","Bane"],"picked":"Acrobatics","floor":21}],"player_experience":929179,"relics_obtained":[{"floor":7,"key":"Gambling Chip"},{"floor":9,"key":"Meat on the Bone"},{"floor":22,"key":"Necronomicon"}],"event_choices":[{"damage_healed":0,"gold_gain":30,"player_choice":"Searched \u00272\u0027 times","damage_taken":0,"max_hp_gain":0,"max_hp_loss":0,"event_name":"Dead Adventurer","floor":7,"gold_loss":0},{"damage_healed":0,"gold_gain":0,"player_choice":"Entered Light","damage_taken":20,"max_hp_gain":0,"max_hp_loss":0,"event_name":"Shining Light","floor":11,"gold_loss":0,"cards_upgraded":["Strike_G","Deadly Poison"]},{"cards_removed":["Pain"],"damage_healed":0,"gold_gain":0,"player_choice":"Card Removal","damage_taken":0,"max_hp_gain":0,"max_hp_loss":0,"event_name":"The Cleric","floor":12,"gold_loss":75},{"damage_healed":0,"gold_gain":0,"player_choice":"Obtained Book","damage_taken":21,"max_hp_gain":0,"max_hp_loss":0,"event_name":"Cursed Tome","floor":22,"gold_loss":0}],"is_beta":true,"boss_relics":[{"not_picked":["Snecko Eye","HoveringKite"],"picked":"Astrolabe"}],"items_purged_floors":[],"is_endless":false,"potions_floor_spawned":[3,4,7,16,20],"killed_by":"Book of Stabbing","ascension_level":20}}