{"host":"rolltorest","time":1611006379,"event":{"mods":["BaseMod","Minty Spire (QoL Compilation)","Relic Stats","Slay the Relics Exporter","StSLib"],"gold_per_floor":[112,122,47,47,47,79,92,92,92,167,181,181,211,227,227,306,306,306,306],"floor_reached":18,"language":"ENG","playtime":437,"items_purged":[],"score":390,"play_id":"ba5647a8-5084-4139-a9aa-dfcaf0f1b285","local_time":"20210118134619","is_ascension_mode":true,"campfire_choices":[{"data":"Uppercut","floor":8,"key":"SMITH"},{"data":"Perfected Strike","floor":12,"key":"SMITH"},{"data":"Clothesline","floor":15,"key":"SMITH"}],"circlet_count":0,"master_deck":["AscendersBane","Strike_R+1","Strike_R","Strike_R","Strike_R","Defend_R","Defend_R","Defend_R","Defend_R+1","Bash","Perfected Strike+1","Uppercut+1","Battle Trance","Reaper","Clothesline+1","Corruption"],"relics":["Burning Blood","NeowsBlessing","Blue Candle","Pantograph","Red Skull","Philosopher\u0027s Stone"],"acts_visited":["Exordium","TheCity"],"potions_floor_usage":[11,18],"damage_taken":[{"damage":0,"enemies":"2 Louse","floor":1,"turns":1},{"damage":0,"enemies":"Jaw Worm","floor":2,"turns":1},{"damage":0,"enemies":"Gremlin Nob","floor":6,"turns":1},{"damage":1,"enemies":"Small Slimes","floor":7,"turns":3},{"damage":9,"enemies":"Exordium Thugs","floor":11,"turns":4},{"damage":19,"enemies":"Lagavulin","floor":13,"turns":5},{"damage":8,"enemies":"2 Fungi Beasts","floor":14,"turns":3},{"damage":38,"enemies":"The Guardian","floor":16,"turns":16},{"damage":47,"enemies":"3 Byrds","floor":18,"turns":4}],"seed_played":"-7530285859571128803","potions_obtained":[{"floor":1,"key":"Fire Potion"},{"floor":6,"key":"Energy Potion"},{"floor":7,"key":"DistilledChaos"}],"is_trial":false,"path_per_floor":["M","M","?","$","?","E","M","R","T","?","M","R","E","M","R","B",null,"M"],"character_chosen":"IRONCLAD","items_purchased":[],"campfire_rested":0,"item_purchase_floors":[],"current_hp_per_floor":[74,75,75,75,52,58,63,63,63,52,49,49,36,48,48,48,68,27,27],"gold":306,"neow_bonus":"THREE_ENEMY_KILL","is_daily":false,"chose_seed":false,"campfire_upgraded":3,"win_rate":0.0,"timestamp":1611006379,"path_taken":["M","M","?","$","?","E","M","R","T","?","M","R","E","M","R","BOSS","M"],"items_purchased_type":[],"build_version":"2020-12-18","purchased_purges":0,"victory":false,"max_hp_per_floor":[75,75,75,75,75,75,75,75,75,75,75,75,75,75,75,75,75,75,75],"relic_stats":{"counters":[9,38],"Blue Candle":[0],"Pantograph":25,"obtain_stats":[{"NeowsBlessing":0,"Blue Candle":6,"Pantograph":9,"Philosopher\u0027s Stone":17,"Burning Blood":0,"Red Skull":13},{"NeowsBlessing":0,"Blue Candle":3,"Pantograph":4,"Philosopher\u0027s Stone":8,"Burning Blood":0,"Red Skull":6},{"NeowsBlessing":0,"Blue Candle":3,"Pantograph":6,"Philosopher\u0027s Stone":34,"Burning Blood":0,"Red Skull":15}],"Burning Blood":43},"card_choices":[{"not_picked":["Bloodletting","Twin Strike","Sword Boomerang"],"picked":"SKIP","floor":1},{"not_picked":["Headbutt","Clash"],"picked":"Perfected Strike","floor":2},{"not_picked":["Brutality","True Grit"],"picked":"Uppercut","floor":6},{"not_picked":["Flex","Body Slam","Havoc"],"picked":"SKIP","floor":7},{"not_picked":["Sword Boomerang","Perfected Strike"],"picked":"Battle Trance","floor":11},{"not_picked":["Thunderclap","Clash"],"picked":"Reaper","floor":13},{"not_picked":["Pommel Strike","Blood for Blood"],"picked":"Clothesline","floor":14},{"not_picked":["Bludgeon","Fiend Fire"],"picked":"Corruption","floor":16}],"player_experience":1730451,"relics_obtained":[{"floor":6,"key":"Blue Candle"},{"floor":9,"key":"Pantograph"},{"floor":13,"key":"Red Skull"}],"event_choices":[{"cards_removed":["Strike_R"],"damage_healed":0,"gold_gain":0,"player_choice":"Card Removal","damage_taken":0,"max_hp_gain":0,"max_hp_loss":0,"event_name":"The Cleric","floor":3,"gold_loss":75},{"damage_healed":0,"gold_gain":0,"player_choice":"Entered Light","damage_taken":23,"max_hp_gain":0,"max_hp_loss":0,"event_name":"Shining Light","floor":5,"gold_loss":0,"cards_upgraded":["Strike_R","Defend_R"]},{"damage_healed":0,"gold_gain":75,"player_choice":"Gather Gold","damage_taken":11,"max_hp_gain":0,"max_hp_loss":0,"event_name":"World of Goop","floor":10,"gold_loss":0}],"is_beta":true,"boss_relics":[{"not_picked":["Ectoplasm","Tiny House"],"picked":"Philosopher\u0027s Stone"}],"items_purged_floors":[],"is_endless":false,"potions_floor_spawned":[1,6,7],"killed_by":"3 Byrds","ascension_level":20}}