{"host":"rspt8ghchagqewrq","time":1611011562,"event":{"mods":["AchievementEnabler","BaseMod","Colored Map","Colored Powertips","Minty Spire (QoL Compilation)"],"gold_per_floor":[114,114,77,177,189,189,205,220,220,238,84,84,114,125,125,226,226,238,250,250,264,282,282,282,61,61,61,88,103,103,3,3,107,107,118,128,145,145,160,170,170,199,225,251,263,263],"floor_reached":45,"language":"FRA","playtime":3716,"items_purged":["ThirdEye","Judgement"],"score":467,"play_id":"56f582c2-b7a1-468d-94ea-3245d3fe3c6c","local_time":"20210119001242","is_ascension_mode":false,"campfire_choices":[{"floor":6,"key":"DIG"},{"data":"1","floor":12,"key":"LIFT"},{"data":"2","floor":15,"key":"LIFT"},{"data":"3","floor":23,"key":"LIFT"},{"data":"Judgement","floor":27,"key":"SMITH"},{"floor":30,"key":"DIG"},{"floor":32,"key":"DIG"},{"floor":41,"key":"DIG"}],"circlet_count":0,"master_deck":["Strike_P","Strike_P","Strike_P+1","Strike_P","Defend_P","Defend_P","Defend_P","Defend_P","Eruption","Vigilance","BowlingBash","WindmillStrike","EmptyBody","FearNoEvil","EmptyBody","Tantrum","Halt","Judgement+1","CurseOfTheBell","CrushJoints+1","BowlingBash","CrushJoints+1","Establishment","FlurryOfBlows","FearNoEvil+1","DevaForm","SashWhip+1","ClearTheMind+1","LikeWater+1","Conclude+1","WindmillStrike+1"],"relics":["Coffee Dripper","Shovel","Letter Opener","Girya","Ancient Tea Set","Pen Nib","Anchor","HornCleat","Calipers","Nloth\u0027s Gift","Tiny Chest","Bronze Scales","Oddly Smooth Stone","GoldenEye","Whetstone","SlaversCollar","Molten Egg 2","StoneCalendar","Dream Catcher","MawBank"],"acts_visited":["Exordium","TheCity","TheBeyond"],"potions_floor_usage":[16,16,28,33,33,33,42,42],"damage_taken":[{"damage":0,"enemies":"Cultist","floor":1,"turns":3},{"damage":0,"enemies":"2 Louse","floor":5,"turns":2},{"damage":0,"enemies":"Small Slimes","floor":7,"turns":2},{"damage":5,"enemies":"Looter","floor":8,"turns":2},{"damage":18,"enemies":"2 Fungi Beasts","floor":10,"turns":2},{"damage":8,"enemies":"Gremlin Nob","floor":13,"turns":4},{"damage":5,"enemies":"Lots of Slimes","floor":14,"turns":3},{"damage":13,"enemies":"Hexaghost","floor":16,"turns":4},{"damage":5,"enemies":"Chosen","floor":18,"turns":2},{"damage":0,"enemies":"2 Thieves","floor":19,"turns":3},{"damage":5,"enemies":"3 Cultists","floor":21,"turns":5},{"damage":0,"enemies":"Snake Plant","floor":22,"turns":3},{"damage":22,"enemies":"Book of Stabbing","floor":28,"turns":5},{"damage":0,"enemies":"Chosen and Byrds","floor":29,"turns":3},{"damage":14,"enemies":"Automaton","floor":33,"turns":6},{"damage":0,"enemies":"Orb Walker","floor":35,"turns":2},{"damage":13,"enemies":"3 Darklings","floor":36,"turns":5},{"damage":2,"enemies":"Transient","floor":37,"turns":5},{"damage":2,"enemies":"4 Shapes","floor":39,"turns":3},{"damage":0,"enemies":"Spire Growth","floor":40,"turns":2},{"damage":22,"enemies":"Giant Head","floor":42,"turns":7},{"damage":60,"enemies":"Writhing Mass","floor":45,"turns":5}],"seed_played":"4454994554109366371","potions_obtained":[{"floor":7,"key":"StancePotion"},{"floor":10,"key":"FearPotion"},{"floor":13,"key":"PowerPotion"},{"floor":18,"key":"StancePotion"},{"floor":21,"key":"FearPotion"},{"floor":28,"key":"Strength Potion"},{"floor":37,"key":"LiquidMemories"},{"floor":40,"key":"LiquidMemories"}],"is_trial":false,"path_per_floor":["M","?","$","?","M","R","M","M","T","M","$","R","E","M","R","B",null,"M","M","?","M","M","R","?","$","T","R","E","M","R","$","R","B",null,"M","M","M","?","M","M","R","E","T","T","M"],"character_chosen":"WATCHER","items_purchased":["WindmillStrike","Ancient Tea Set","Tiny Chest"],"campfire_rested":0,"item_purchase_floors":[3,11,25],"current_hp_per_floor":[72,60,60,60,60,60,60,55,55,37,37,37,29,24,24,11,72,67,67,67,62,62,62,62,62,62,62,40,40,40,40,40,26,72,72,59,57,57,55,55,55,33,33,33,0,0],"gold":263,"neow_bonus":"BOSS_RELIC","is_daily":false,"chose_seed":false,"campfire_upgraded":1,"win_rate":0.0,"timestamp":1611011562,"path_taken":["M","?","$","?","M","R","M","M","T","?","$","R","E","M","R","BOSS","M","M","?","?","M","R","?","$","T","R","E","?","R","?","R","BOSS","M","M","M","?","M","M","R","E","T","?","M"],"items_purchased_type":["Card","Relic","Relic"],"build_version":"2020-12-22","purchased_purges":2,"victory":false,"max_hp_per_floor":[72,72,72,72,72,72,72,72,72,72,72,72,72,72,72,72,72,72,72,72,72,72,72,72,72,72,72,72,72,72,72,72,72,72,72,72,72,68,68,68,68,68,68,68,68,68],"card_choices":[{"not_picked":["Evaluate","JustLucky"],"picked":"BowlingBash","floor":1},{"not_picked":["Fasting2","Nirvana"],"picked":"EmptyBody","floor":5},{"not_picked":["Study","CutThroughFate"],"picked":"FearNoEvil","floor":7},{"not_picked":["FearNoEvil","JustLucky"],"picked":"EmptyBody","floor":8},{"not_picked":["Vault","Perseverance"],"picked":"ThirdEye","floor":10},{"not_picked":["Crescendo","FlurryOfBlows"],"picked":"Tantrum","floor":13},{"not_picked":["Adaptation","CarveReality"],"picked":"Halt","floor":14},{"not_picked":["Brilliance","LessonLearned"],"picked":"Judgement","floor":16},{"not_picked":["Protect+1","Nirvana+1"],"picked":"CrushJoints","floor":18},{"not_picked":["Collect","ThirdEye"],"picked":"BowlingBash","floor":19},{"not_picked":["WindmillStrike","WreathOfFlame"],"picked":"CrushJoints+1","floor":21},{"not_picked":["Sanctity","ThirdEye"],"picked":"Establishment","floor":22},{"not_picked":["Evaluate","Collect"],"picked":"FlurryOfBlows","floor":28},{"not_picked":["Evaluate","Protect"],"picked":"FearNoEvil+1","floor":29},{"not_picked":["MasterReality","Ragnarok"],"picked":"DevaForm","floor":33},{"not_picked":["Conclude","JustLucky"],"picked":"SashWhip+1","floor":35},{"not_picked":["FearNoEvil+1","Wallop"],"picked":"ClearTheMind+1","floor":36},{"not_picked":["MasterReality","SandsOfTime"],"picked":"LikeWater+1","floor":37},{"not_picked":["SashWhip","LikeWater"],"picked":"Conclude+1","floor":39},{"not_picked":["FollowUp","EmptyFist","SashWhip+1"],"picked":"SKIP","floor":40},{"not_picked":["Perseverance","Vault"],"picked":"WindmillStrike+1","floor":42}],"player_experience":49387,"relics_obtained":[{"floor":6,"key":"Letter Opener"},{"floor":9,"key":"Girya"},{"floor":13,"key":"Pen Nib"},{"floor":17,"key":"Anchor"},{"floor":17,"key":"HornCleat"},{"floor":17,"key":"Calipers"},{"floor":26,"key":"Bronze Scales"},{"floor":28,"key":"Oddly Smooth Stone"},{"floor":30,"key":"GoldenEye"},{"floor":32,"key":"Whetstone"},{"floor":41,"key":"Molten Egg 2"},{"floor":42,"key":"StoneCalendar"},{"floor":43,"key":"Dream Catcher"},{"floor":44,"key":"MawBank"}],"event_choices":[{"damage_healed":0,"gold_gain":0,"player_choice":"Success","damage_taken":12,"relics_obtained":["Shovel"],"max_hp_gain":0,"max_hp_loss":0,"event_name":"Scrap Ooze","floor":2,"gold_loss":0},{"damage_healed":0,"gold_gain":100,"player_choice":"Pray","damage_taken":0,"max_hp_gain":0,"max_hp_loss":0,"event_name":"Golden Shrine","floor":4,"gold_loss":0},{"damage_healed":0,"gold_gain":0,"player_choice":"Copied","damage_taken":0,"max_hp_gain":0,"max_hp_loss":0,"event_name":"Duplicator","floor":20,"gold_loss":0,"cards_obtained":["Judgement"]},{"damage_healed":0,"gold_gain":0,"player_choice":"Traded Relic","damage_taken":0,"relics_obtained":["Nloth\u0027s Gift"],"max_hp_gain":0,"max_hp_loss":0,"event_name":"N\u0027loth","floor":24,"relics_lost":["Calling Bell"],"gold_loss":0},{"damage_healed":0,"gold_gain":0,"player_choice":"Max HP","damage_taken":0,"max_hp_gain":0,"max_hp_loss":4,"event_name":"Winding Halls","floor":38,"gold_loss":0}],"is_beta":false,"boss_relics":[{"not_picked":["Runic Dome","Velvet Choker"],"picked":"Calling Bell"},{"not_picked":["Fusion Hammer","Cursed Key"],"picked":"SlaversCollar"}],"items_purged_floors":[25,31],"is_endless":false,"potions_floor_spawned":[7,10,13,18,21,28,29,37,40],"killed_by":"Writhing Mass","ascension_level":0}}