{"host":"yuhibl5o0ay6idau","time":1611002464,"event":{"mods":["Act Like it!","Aspiration","BaseMod","Better Altar","Better Match","Better Note","Better Sensory Stone","Better Skull","Better Third Choice","CCEM","Colored Map","Colored Powertips","Conspire","DeckTracker","GifTheSpireLib","Highlight Path","Hunter ??","Jedi Mod","Mad Scientist","Minty Spire (QoL Compilation)","Permanent Neow","Quick Restart","Random Character Button","Replay The Spire","Shade Mod","StSLib","Stuff the Spire","SuperFastMode","The Spell Scribe","The Witch","vexMod"],"gold_per_floor":[111,122,135,149,168,196,196,206,206,220,248,266,241,261,261,363,363,377,393,408,116,127,141,170,170,223,223,277,36,64,75,75,170,170,188,199,219,249,50,83,83,7,7,40,40,69,69,85,85,95],"floor_reached":51,"language":"ENG","playtime":9714,"items_purged":["vexMod:UltimateCard","MadScienceMod:Defend_MadScience","MadScienceMod:Defend_MadScience","MadScienceMod:AssemblyLine"],"score":970,"play_id":"8d751f8e-2010-43ae-bd15-d416e5374d44","local_time":"20210118124104","is_ascension_mode":false,"campfire_choices":[{"data":"MadScienceMod:Weaponize","floor":7.0,"key":"SMITH"},{"data":"MadScienceMod:Strike_MadScience","floor":15.0,"key":"PURGE"},{"data":"MadScienceMod:HideBehindJunk","floor":27,"key":"SMITH"},{"floor":32,"key":"DIG"},{"data":"MadScienceMod:GatherParts","floor":41,"key":"SMITH"},{"data":"MadScienceMod:Tune","floor":45,"key":"SMITH"},{"data":"MadScienceMod:RecyclingStation","floor":47,"key":"SMITH"}],"circlet_count":0,"master_deck":["MadScienceMod:Defend_MadScience","MadScienceMod:Defend_MadScience","MadScienceMod:HideBehindJunk+1","MadScienceMod:NowOrNever","MadScienceMod:Weaponize+1","MadScienceMod:BoxOfScraps","MadScienceMod:ImposingConstruct","MadScienceMod:Browse","MadScienceMod:BoxOfScraps","MadScienceMod:ParticleBeam","MadScienceMod:AutoStrike","MadScienceMod:ExploreOptions","MadScienceMod:BandageBot+1","MadScienceMod:RecyclingStation","MadScienceMod:RecyclingStation+1","MadScienceMod:Tune+1","MadScienceMod:GatherParts+1","MadScienceMod:NowOrNever+1","MadScienceMod:NowOrNever+1","MadScienceMod:NowOrNever+1"],"relics":["MadScienceMod:FuelTank","Orichalcum","aspiration:HummingbirdHeart","Replay:Bottled Flurry","Kintsugi","StuffTheSpire:Gunfinga","HornCleat","conspire:TopHat","StuffTheSpire:GrapeVine","Membership Card","StuffTheSpire:Experiment12","vexMod:ConsolationPrize","StuffTheSpire:Kangaroo","jedi:cryingmask","CCEMRelics:GrindingGear","Oddly Smooth Stone","StuffTheSpire:SapphireSignet","Onion Ring","aspiration:ChemicalBlood"],"acts_visited":["Exordium","TheCity","TheBeyond"],"potions_floor_usage":[20,24,38,50,50,50],"damage_taken":[{"damage":0.0,"enemies":"2 Louse","floor":1.0,"turns":2.0},{"damage":0.0,"enemies":"Jaw Worm","floor":2.0,"turns":4.0},{"damage":2.0,"enemies":"Small Slimes","floor":3.0,"turns":4.0},{"damage":3.0,"enemies":"Blue Slaver","floor":4.0,"turns":4.0},{"damage":3.0,"enemies":"2 Fungi Beasts","floor":5.0,"turns":3.0},{"damage":32.0,"enemies":"3 Sentries","floor":6.0,"turns":11.0},{"damage":1.0,"enemies":"Lots of Slimes","floor":8.0,"turns":4.0},{"damage":0.0,"enemies":"Exordium Wildlife","floor":10.0,"turns":3.0},{"damage":18.0,"enemies":"Gremlin Nob","floor":11.0,"turns":5.0},{"damage":4.0,"enemies":"conspire:2 RoseBushes","floor":12.0,"turns":5.0},{"damage":0.0,"enemies":"Gremlin Gang","floor":14.0,"turns":8.0},{"damage":23.0,"enemies":"The Guardian","floor":16.0,"turns":10.0},{"damage":0.0,"enemies":"conspire:FuzzyDice","floor":18.0,"turns":6.0},{"damage":0.0,"enemies":"Shell Parasite","floor":19.0,"turns":5.0},{"damage":3,"enemies":"Cultist and Chosen","floor":20,"turns":9},{"damage":12,"enemies":"Snecko","floor":22,"turns":5},{"damage":17,"enemies":"Snake Plant","floor":23,"turns":5},{"damage":0,"enemies":"Gremlin Leader","floor":24,"turns":7},{"damage":0,"enemies":"Replay:Snechameleon","floor":30,"turns":6},{"damage":2,"enemies":"3 Cultists","floor":31,"turns":5},{"damage":0,"enemies":"Collector","floor":33,"turns":6},{"damage":0,"enemies":"3 Darklings","floor":35,"turns":3},{"damage":0,"enemies":"Orb Walker","floor":36,"turns":4},{"damage":0,"enemies":"Maw","floor":37,"turns":4},{"damage":12,"enemies":"Jaw Worm Horde","floor":38,"turns":5},{"damage":0,"enemies":"R_Hoarder","floor":40,"turns":6},{"damage":0,"enemies":"Nemesis","floor":44,"turns":5},{"damage":0,"enemies":"Giant Head","floor":46,"turns":6},{"damage":0,"enemies":"Writhing Mass","floor":48,"turns":5},{"damage":10,"enemies":"Donu and Deca","floor":50,"turns":7}],"seed_played":"-4166222318775843665","potions_obtained":[{"floor":1.0,"key":"conspire:TimeTravelPotion"},{"floor":2.0,"key":"MadScienceMod:FuelPotion"},{"floor":8.0,"key":"Adrenaline Potion"},{"floor":12.0,"key":"Regen Potion"},{"floor":14.0,"key":"PowerPotion"},{"floor":19,"key":"Swift Potion"},{"floor":24,"key":"jedi:StrikingPotion"},{"floor":31,"key":"Elixir"},{"floor":33,"key":"Strength Potion"},{"floor":38,"key":"Dexterity Potion"}],"is_trial":false,"path_per_floor":["M","M","M","M","M","E","R","M","T","M","E","M","?","M","R_BF","B",null,"M","M","M","$","M","M","E","?","T","R","T","$","E","M","R_BF","B",null,"M","M","M","M","$","E","R","$","T","E","R","E","R","M","R_BF","B",null],"character_chosen":"MAD_SCIENTIST","items_purchased":["StuffTheSpire:Gunfinga","MadScienceMod:RecyclingStation","Membership Card","MadScienceMod:AssemblyLine","jedi:cryingmask","Oddly Smooth Stone"],"campfire_rested":0,"item_purchase_floors":[21,21,29,29,39,42],"current_hp_per_floor":[75,75,73,70,67,35,35,34,34,34,28,24,24,39,39,16,75,75,75,72,72,63,52,52,52,52,52,52,52,52,53,53,53,75,75,75,75,63,63,67,67,67,67,67,67,67,67,67,67,60],"gold":95,"neow_bonus":"THREE_CARDS","is_daily":false,"chose_seed":false,"campfire_upgraded":5,"win_rate":0.0,"timestamp":1611002464,"path_taken":["M","M","M","M","M","E","R","M","T","M","E","M","?","M","R_BF","BOSS","M","M","M","$","M","M","E","?","T","R","?","?","E","M","R_BF","BOSS","M","M","M","M","$","E","R","$","T","E","R","E","R","M","R_BF","BOSS"],"items_purchased_type":["Relic","Card","Relic","Card","Relic","Relic"],"build_version":"2020-12-22","purchased_purges":4,"victory":true,"max_hp_per_floor":[75,75,75,75,75,75,75,75,75,75,75,75,75,75,75,75,75,75,75,75,75,75,75,75,75,75,75,75,75,75,75,75,75,75,75,75,75,75,75,75,75,75,75,75,75,75,75,75,75,75],"card_choices":[{"not_picked":["MadScienceMod:LightOnFire","MadScienceMod:FlammableWall"],"picked":"MadScienceMod:NowOrNever","floor":0.0},{"not_picked":["MadScienceMod:TimeDilationField","MadScienceMod:Redesign"],"picked":"MadScienceMod:Weaponize","floor":1.0},{"not_picked":["MadScienceMod:OilDrum","MadScienceMod:Retarget"],"picked":"MadScienceMod:BoxOfScraps","floor":2.0},{"not_picked":["MadScienceMod:LightOnFire","MadScienceMod:AcidSpray"],"picked":"MadScienceMod:ImposingConstruct","floor":3.0},{"not_picked":["MadScienceMod:NowOrNever","MadScienceMod:ExtractOil"],"picked":"MadScienceMod:FragmentationGrenade","floor":4.0},{"not_picked":["MadScienceMod:AntimatterBomb","MadScienceMod:Strafe"],"picked":"MadScienceMod:Browse","floor":5.0},{"not_picked":["MadScienceMod:NowOrNever","MadScienceMod:FumeBlast"],"picked":"MadScienceMod:BoxOfScraps","floor":6.0},{"not_picked":["MadScienceMod:SoftenUp","MadScienceMod:FlameCannon","MadScienceMod:GoldenGun"],"picked":"SKIP","floor":8.0},{"not_picked":["MadScienceMod:ShrinkRay","MadScienceMod:LightOnFire","MadScienceMod:Detonate"],"picked":"SKIP","floor":10.0},{"not_picked":["MadScienceMod:Detonate","MadScienceMod:AntimatterBomb"],"picked":"MadScienceMod:ParticleBeam","floor":11.0},{"not_picked":["MadScienceMod:Sprocket","MadScienceMod:MechanicalClaw"],"picked":"MadScienceMod:AutoStrike","floor":12.0},{"not_picked":["MadScienceMod:Strafe","MadScienceMod:Probe"],"picked":"MadScienceMod:ExploreOptions","floor":14.0},{"not_picked":["MadScienceMod:ShrinkRay","MadScienceMod:Lightbulb","MadScienceMod:FlameCannon"],"picked":"SKIP","floor":18.0},{"not_picked":["MadScienceMod:NowOrNever","MadScienceMod:ExtractOil","MadScienceMod:AcidSpray+1"],"picked":"SKIP","floor":19},{"not_picked":["MadScienceMod:EnergyBarrier+1","MadScienceMod:Lightbulb"],"picked":"MadScienceMod:BandageBot+1","floor":20},{"not_picked":["MadScienceMod:ParticleBeam","MadScienceMod:FragmentationGrenade","MadScienceMod:RadioactiveSword"],"picked":"SKIP","floor":22},{"not_picked":["MadScienceMod:OilDrum","MadScienceMod:FumeBlast+1","MadScienceMod:EnergyBarrier"],"picked":"SKIP","floor":23},{"not_picked":["MadScienceMod:Detonate","MadScienceMod:AntimatterBomb"],"picked":"MadScienceMod:RecyclingStation","floor":24},{"not_picked":["MadScienceMod:Liquify","MadScienceMod:ShrinkRay","MadScienceMod:LightOnFire"],"picked":"SKIP","floor":30},{"not_picked":["MadScienceMod:BandageBot","MadScienceMod:EnergyBarrier"],"picked":"MadScienceMod:Tune","floor":31},{"not_picked":["MadScienceMod:Automate","MadScienceMod:Refine"],"picked":"MadScienceMod:GatherParts","floor":33},{"not_picked":["MadScienceMod:LightOnFire+1","MadScienceMod:ShrinkRay+1","MadScienceMod:ExtractOil+1"],"picked":"SKIP","floor":35},{"not_picked":["MadScienceMod:Detonate","MadScienceMod:JunkLaser","MadScienceMod:MechanicalClaw"],"picked":"SKIP","floor":36},{"not_picked":["MadScienceMod:FlammableWall+1","MadScienceMod:Postpone"],"picked":"MadScienceMod:NowOrNever+1","floor":37},{"not_picked":["MadScienceMod:AutoStrike+1","MadScienceMod:AcidSpray+1"],"picked":"MadScienceMod:NowOrNever+1","floor":38},{"not_picked":["MadScienceMod:EnergyBarrier","MadScienceMod:ShrinkRay+1","MadScienceMod:MechanicalClaw+1"],"picked":"SKIP","floor":40},{"not_picked":["MadScienceMod:LightOnFire","MadScienceMod:Strafe","MadScienceMod:AutoStrike+1"],"picked":"SKIP","floor":44},{"not_picked":["MadScienceMod:SelfDestruct","MadScienceMod:AutoStrike+1","MadScienceMod:AntimatterBomb+1"],"picked":"SKIP","floor":46},{"not_picked":["MadScienceMod:Detonate","MadScienceMod:Redesign+1"],"picked":"MadScienceMod:NowOrNever+1","floor":48}],"player_experience":462471,"relics_obtained":[{"floor":6.0,"key":"Orichalcum"},{"floor":9.0,"key":"aspiration:HummingbirdHeart"},{"floor":11.0,"key":"Replay:Bottled Flurry"},{"floor":24,"key":"HornCleat"},{"floor":26,"key":"conspire:TopHat"},{"floor":28,"key":"StuffTheSpire:GrapeVine"},{"floor":30,"key":"StuffTheSpire:Experiment12"},{"floor":32,"key":"vexMod:ConsolationPrize"},{"floor":40,"key":"CCEMRelics:GrindingGear"},{"floor":43,"key":"StuffTheSpire:SapphireSignet"},{"floor":44,"key":"Onion Ring"},{"floor":46,"key":"aspiration:ChemicalBlood"}],"event_choices":[{"cards_removed":["Clumsy"],"damage_healed":0,"gold_gain":0,"player_choice":"Removed Curses","damage_taken":0,"max_hp_gain":0,"max_hp_loss":0,"event_name":"Fountain of Cleansing","floor":25,"gold_loss":0},{"damage_healed":0,"gold_gain":0,"player_choice":"Leave","damage_taken":0,"max_hp_gain":0,"max_hp_loss":0,"event_name":"conspire:Investor","floor":49,"gold_loss":0}],"is_beta":false,"boss_relics":[{"not_picked":["aspiration:FutureDiary","Pandora\u0027s Box"],"picked":"Kintsugi"},{"not_picked":["SlaversCollar","StuffTheSpire:RunicConfusion"],"picked":"StuffTheSpire:Kangaroo"}],"items_purged_floors":[21,29,39,39],"is_endless":false,"potions_floor_spawned":[1,2,8,10,12,14,19,24,31,33,37,38,48],"ascension_level":0}}