{"host":"z4nt7tdd4gjrinn7","time":1611008641,"event":{"mods":["100% Spire Juice","BaseMod","Minty Spire (QoL Compilation)","StSLib"],"gold_per_floor":[112,112,126,126,136,136,162,162,162,190,190,190,190,220,220,220,220],"floor_reached":16,"language":"ENG","playtime":738,"items_purged":[],"score":122,"play_id":"41045784-0d32-4c16-acfe-04fb0a9996aa","local_time":"20210118172401","is_ascension_mode":true,"campfire_choices":[{"floor":6,"key":"REST"},{"floor":8,"key":"REST"},{"floor":13,"key":"REST"},{"floor":15,"key":"REST"}],"circlet_count":0,"master_deck":["Moonworks:Strike","Moonworks:Strike","Moonworks:Strike","Moonworks:Strike","Moonworks:Defend","Moonworks:Defend","Moonworks:Defend","Moonworks:Defend","Moonworks:Ambush+1","Moonworks:LongDistanceShot","Moonworks:LulusLuckyEgg","Moonworks:IndiscriminateFireSupport","Moonworks:IndiscriminateFireSupport","Moonworks:DeployBits","Moonworks:RagingMadness","Moonworks:ReflectiveShell"],"relics":["Moonworks:BrokenBomb","Moonworks:Homemark","Mummified Hand","Boot","Ginger","Anchor"],"acts_visited":["Exordium"],"potions_floor_usage":[10,14,16],"damage_taken":[{"damage":5,"enemies":"Small Slimes","floor":1,"turns":4},{"damage":1,"enemies":"Cultist","floor":3,"turns":3},{"damage":3,"enemies":"2 Louse","floor":5,"turns":2},{"damage":16,"enemies":"3 Sentries","floor":7,"turns":3},{"damage":36,"enemies":"Lagavulin","floor":10,"turns":6},{"damage":24,"enemies":"Gremlin Nob","floor":14,"turns":4},{"damage":47,"enemies":"Hexaghost","floor":16,"turns":9}],"seed_played":"-7468904885871819977","potions_obtained":[{"floor":5,"key":"AttackPotion"},{"floor":10,"key":"SteroidPotion"},{"floor":14,"key":"SteroidPotion"}],"is_trial":false,"path_per_floor":["M","?","M","?","M","R","E","R","T","E","?","?","R","E","R","B"],"character_chosen":"THE_STARBREAKER","items_purchased":[],"campfire_rested":4,"item_purchase_floors":[],"current_hp_per_floor":[61,61,60,60,57,66,50,66,66,30,30,30,49,25,44,0,0],"gold":220,"neow_bonus":"TEN_PERCENT_HP_BONUS","is_daily":false,"chose_seed":false,"campfire_upgraded":0,"win_rate":0.0,"timestamp":1611008641,"path_taken":["M","?","?","?","M","R","E","R","T","E","?","?","R","E","R","BOSS"],"items_purchased_type":[],"build_version":"2020-12-22","purchased_purges":0,"victory":false,"max_hp_per_floor":[66,66,66,66,66,66,66,66,66,66,66,66,66,66,66,66,66],"card_choices":[{"not_picked":["Moonworks:Heat300Percent","Moonworks:ReproductionOfRecords"],"picked":"Moonworks:LulusLuckyEgg","floor":1},{"not_picked":["Moonworks:CloudOfSeagulls","Moonworks:RedAndBlue"],"picked":"Moonworks:IndiscriminateFireSupport","floor":3},{"not_picked":["Moonworks:Assault","Moonworks:ImOnFire"],"picked":"Moonworks:IndiscriminateFireSupport","floor":5},{"not_picked":["Moonworks:Assault","Moonworks:SelfDestruct"],"picked":"Moonworks:DeployBits","floor":7},{"not_picked":["Moonworks:BigMagnum","Moonworks:ImmovableObject"],"picked":"Moonworks:RagingMadness","floor":10},{"not_picked":["Moonworks:BigMagnum","Moonworks:MiracleWalker"],"picked":"Moonworks:ReflectiveShell","floor":14}],"player_experience":94113,"relics_obtained":[{"floor":7,"key":"Mummified Hand"},{"floor":9,"key":"Boot"},{"floor":10,"key":"Ginger"},{"floor":14,"key":"Anchor"}],"event_choices":[{"damage_healed":0,"gold_gain":0,"player_choice":"Forge","damage_taken":0,"max_hp_gain":0,"max_hp_loss":0,"event_name":"Accursed Blacksmith","floor":2,"gold_loss":0,"cards_upgraded":["Moonworks:Ambush"]},{"damage_healed":0,"gold_gain":0,"player_choice":"Leave","damage_taken":0,"max_hp_gain":0,"max_hp_loss":0,"event_name":"The Cleric","floor":4,"gold_loss":0},{"damage_healed":0,"gold_gain":0,"player_choice":"Searched \u00271\u0027 times","damage_taken":0,"max_hp_gain":0,"max_hp_loss":0,"event_name":"Dead Adventurer","floor":11,"gold_loss":0},{"damage_healed":0,"gold_gain":0,"player_choice":"Ignored","damage_taken":0,"max_hp_gain":0,"max_hp_loss":0,"event_name":"Golden Idol","floor":12,"gold_loss":0}],"is_beta":false,"boss_relics":[],"items_purged_floors":[],"is_endless":false,"potions_floor_spawned":[5,10,14],"killed_by":"Hexaghost","ascension_level":1}}