{"host":"cjhtzh7tp54jdfyv","time":1611011226,"event":{"mods":["AchievementEnabler","BaseMod","Colored Map","Colored Powertips","Curses Come First","DeckTracker","Filter the Spire","Minty Spire (QoL Compilation)","RNG Fix","Relic Sorter","Relic Stats","StSLib","UnlockEverythingMod","ojb\u0027s Better Paths Mod","ojb\u0027s Info Mod"],"gold_per_floor":[109,124,138,138,63,88,88,114,114,141,141,141,141,165,165,254,254,275,7,7,26,49,82,82,113,113,113,149,172,212,212,212,355,355,404,487,601,601,143,199,199,317,317,381,519,583,583,702,714,726,768,780,792,33,73,73,73],"floor_reached":56,"language":"ENG","playtime":9419,"items_purged":["Strike_P","Strike_P","Strike_P","Defend_P"],"score":2443,"play_id":"f50da7f2-0576-4f51-b69b-bb31e69f09ba","local_time":"20210118180706","is_ascension_mode":true,"campfire_choices":[{"data":"Eruption","floor":7.0,"key":"SMITH"},{"data":"SignatureMove","floor":11.0,"key":"SMITH"},{"data":"EmptyMind","floor":15.0,"key":"SMITH"},{"data":"Vault","floor":24.0,"key":"SMITH"},{"data":"Omniscience","floor":27.0,"key":"SMITH"},{"data":"Fasting2","floor":32.0,"key":"SMITH"},{"data":"Halt","floor":41.0,"key":"SMITH"},{"floor":47.0,"key":"RECALL"},{"data":"Wish","floor":49.0,"key":"SMITH"},{"data":"Vigilance","floor":53.0,"key":"SMITH"}],"circlet_count":0,"master_deck":["AscendersBane","Defend_P+1","Defend_P+1","Defend_P","Eruption+1","Vigilance+1","SignatureMove+1","InnerPeace","Adaptation","EmptyMind+1","JustLucky","Consecrate","Vault+1","Fasting2+1","Omniscience+1","Wish+1","Crescendo+1","Halt+1","InnerPeace+1","Vengeance","Secret Technique","Scrawl"],"relics":["Velvet Choker","Potion Belt","MealTicket","Pear","Eternal Feather","Golden Idol","Runic Pyramid","Strange Spoon","War Paint","Lizard Tail","Kunai","Bag of Preparation","Coffee Dripper","Prayer Wheel","Gambling Chip","Letter Opener","Ancient Tea Set","Akabeko","MawBank","Pantograph","Cauldron","InkBottle"],"acts_visited":["Exordium","TheCity","TheBeyond","TheEnding"],"potions_floor_usage":[56,56,56],"damage_taken":[{"damage":2.0,"enemies":"Small Slimes","floor":1.0,"turns":3.0},{"damage":0.0,"enemies":"Cultist","floor":2.0,"turns":2.0},{"damage":2.0,"enemies":"Jaw Worm","floor":3.0,"turns":2.0},{"damage":27.0,"enemies":"Gremlin Nob","floor":6.0,"turns":4.0},{"damage":29.0,"enemies":"Lagavulin","floor":8.0,"turns":6.0},{"damage":2.0,"enemies":"3 Sentries","floor":10.0,"turns":6.0},{"damage":0.0,"enemies":"Large Slime","floor":14.0,"turns":3.0},{"damage":22.0,"enemies":"Hexaghost","floor":16.0,"turns":7.0},{"damage":0.0,"enemies":"Chosen","floor":18.0,"turns":3.0},{"damage":5.0,"enemies":"3 Byrds","floor":21.0,"turns":5.0},{"damage":0.0,"enemies":"Snecko","floor":22.0,"turns":3.0},{"damage":10.0,"enemies":"Slavers","floor":23.0,"turns":6.0},{"damage":0.0,"enemies":"Book of Stabbing","floor":25.0,"turns":4.0},{"damage":12.0,"enemies":"Slavers","floor":28.0,"turns":5.0},{"damage":0.0,"enemies":"3 Cultists","floor":29.0,"turns":3.0},{"damage":5.0,"enemies":"Book of Stabbing","floor":30.0,"turns":7.0},{"damage":0.0,"enemies":"Automaton","floor":33.0,"turns":8.0},{"damage":0.0,"enemies":"3 Darklings","floor":35.0,"turns":5.0},{"damage":25.0,"enemies":"2 Orb Walkers","floor":36.0,"turns":6.0},{"damage":3.0,"enemies":"Orb Walker","floor":37.0,"turns":7.0},{"damage":6.0,"enemies":"Reptomancer","floor":40.0,"turns":7.0},{"damage":6.0,"enemies":"Nemesis","floor":42.0,"turns":6.0},{"damage":0.0,"enemies":"Giant Head","floor":44.0,"turns":7.0},{"damage":0.0,"enemies":"Writhing Mass","floor":45.0,"turns":9.0},{"damage":2.0,"enemies":"Sphere and 2 Shapes","floor":46.0,"turns":7.0},{"damage":0.0,"enemies":"Nemesis","floor":48.0,"turns":5.0},{"damage":69.0,"enemies":"Time Eater","floor":50.0,"turns":14.0},{"damage":9.0,"enemies":"Awakened One","floor":51.0,"turns":13.0},{"damage":0.0,"enemies":"Shield and Spear","floor":55.0,"turns":4.0},{"damage":116,"enemies":"The Heart","floor":56,"turns":10}],"seed_played":"-3733074451143434395","potions_obtained":[{"floor":2.0,"key":"Block Potion"},{"floor":6.0,"key":"GamblersBrew"},{"floor":8.0,"key":"Energy Potion"},{"floor":10.0,"key":"SkillPotion"},{"floor":16.0,"key":"Fire Potion"},{"floor":18.0,"key":"Block Potion"},{"floor":23.0,"key":"Regen Potion"},{"floor":25.0,"key":"EssenceOfSteel"},{"floor":35.0,"key":"SteroidPotion"},{"floor":44.0,"key":"SteroidPotion"},{"floor":54.0,"key":"GamblersBrew"},{"floor":54.0,"key":"Energy Potion"},{"floor":54.0,"key":"FearPotion"}],"is_trial":false,"path_per_floor":["M","M","M","?","$","E","R","E","T","E","R","?","?","M","R","B",null,"M","$","?","M","M","E","R","E","T","R","E","M","E","?","R","B",null,"M","?","M","?","$","E","R","E","T","E","M","M","R","E","R","B","B",null,"R","$","E","B"],"character_chosen":"WATCHER","items_purchased":["Strange Spoon","Gambling Chip","Secret Technique","Pantograph","Cauldron"],"campfire_rested":0,"item_purchase_floors":[19,39,54,54,54],"current_hp_per_floor":[59,59,57,62,62,35,35,6,16,14,23,23,23,23,32,10,59,59,74,74,69,69,59,68,68,68,75,63,63,58,58,67,67,73,73,48,45,45,60,54,63,57,57,57,57,55,67,67,75,21,12,59,71,75,75,0,0],"gold":73,"neow_bonus":"BOSS_RELIC","is_daily":false,"chose_seed":false,"campfire_upgraded":9,"win_rate":0.0,"timestamp":1611011226,"path_taken":["M","M","?","?","$","E","R","E","T","E","R","?","?","M","R","BOSS","M","$","?","M","M","E","R","E","T","R","E","M","E","?","R","BOSS","M","?","M","?","$","E","R","E","T","E","M","M","R","E","R","BOSS","BOSS","R","$","E","BOSS"],"items_purchased_type":["Relic","Relic","Card","Relic","Relic"],"build_version":"2020-12-22","purchased_purges":4,"victory":false,"max_hp_per_floor":[68,68,68,73,73,73,73,73,83,83,83,75,75,75,75,75,75,75,75,75,75,75,75,75,75,75,75,75,75,75,75,75,75,75,75,75,75,75,75,75,75,75,75,75,75,75,75,75,75,75,75,75,75,75,75,75,75],"relic_stats":{"counters":[30,177],"Golden Idol":192,"Eternal Feather":84,"Bag of Preparation":[28],"Letter Opener":[289],"War Paint":["Defend_P","Defend_P"],"MawBank":72,"Strange Spoon":[58],"Lizard Tail":37,"Gambling Chip":[30],"Pantograph":0,"MealTicket":34,"Prayer Wheel":3,"Kunai":[30],"obtain_stats":[{"Potion Belt":6,"Pear":9,"Golden Idol":12,"Velvet Choker":0,"Eternal Feather":10,"Bag of Preparation":30,"Letter Opener":40,"War Paint":23,"Ancient Tea Set":42,"MawBank":48,"Akabeko":44,"Strange Spoon":19,"Cauldron":54,"Lizard Tail":26,"Gambling Chip":39,"Pantograph":54,"MealTicket":8,"Prayer Wheel":36,"Coffee Dripper":34,"Kunai":28,"PureWater":0,"InkBottle":55,"Runic Pyramid":17},{"Potion Belt":4,"Pear":5,"Golden Idol":6,"Velvet Choker":0,"Eternal Feather":6,"Bag of Preparation":16,"Letter Opener":21,"War Paint":12,"Ancient Tea Set":22,"MawBank":26,"Akabeko":23,"Strange Spoon":9,"Cauldron":28,"Lizard Tail":13,"Gambling Chip":20,"Pantograph":28,"MealTicket":5,"Prayer Wheel":19,"Coffee Dripper":17,"Kunai":14,"PureWater":0,"InkBottle":29,"Runic Pyramid":8},{"Potion Belt":11,"Pear":17,"Golden Idol":23,"Velvet Choker":0,"Eternal Feather":23,"Bag of Preparation":69,"Letter Opener":102,"War Paint":50,"Ancient Tea Set":108,"MawBank":136,"Akabeko":115,"Strange Spoon":36,"Cauldron":163,"Lizard Tail":54,"Gambling Chip":95,"Pantograph":163,"MealTicket":17,"Prayer Wheel":88,"Coffee Dripper":77,"Kunai":59,"PureWater":0,"InkBottle":167,"Runic Pyramid":33}],"InkBottle":[5]},"card_choices":[{"not_picked":["EmptyFist","FlurryOfBlows"],"picked":"SignatureMove","floor":1.0},{"not_picked":["Halt","EmptyBody"],"picked":"InnerPeace","floor":2.0},{"not_picked":["Devotion","Perseverance"],"picked":"Adaptation","floor":3.0},{"not_picked":["Collect","FollowUp"],"picked":"EmptyMind","floor":6.0},{"not_picked":["Worship","EmptyFist"],"picked":"JustLucky","floor":8.0},{"not_picked":["MentalFortress","Crescendo"],"picked":"Consecrate","floor":10.0},{"not_picked":["Prostrate","Protect","PathToVictory"],"picked":"SKIP","floor":14.0},{"not_picked":["SpiritShield","LessonLearned"],"picked":"Vault","floor":16.0},{"not_picked":["Sanctity","Evaluate+1","FlurryOfBlows"],"picked":"SKIP","floor":18.0},{"not_picked":["Sanctity","Evaluate+1","FlurryOfBlows"],"picked":"SKIP","floor":18.0},{"not_picked":["Consecrate","CutThroughFate+1","FlyingSleeves"],"picked":"SKIP","floor":21.0},{"not_picked":["Consecrate","CutThroughFate+1","FlyingSleeves"],"picked":"SKIP","floor":21.0},{"not_picked":["TalkToTheHand","FollowUp"],"picked":"Fasting2","floor":22.0},{"not_picked":["ThirdEye","Consecrate","SignatureMove"],"picked":"SKIP","floor":23.0},{"not_picked":["Prostrate","CrushJoints"],"picked":"Omniscience","floor":25.0},{"not_picked":["FlyingSleeves","BowlingBash","WreathOfFlame"],"picked":"SKIP","floor":28.0},{"not_picked":["ThirdEye","EmptyMind","SashWhip"],"picked":"SKIP","floor":29.0},{"not_picked":["ThirdEye","EmptyMind","SashWhip"],"picked":"SKIP","floor":29.0},{"not_picked":["Crescendo","SandsOfTime","PathToVictory"],"picked":"SKIP","floor":30.0},{"not_picked":["Consecrate","MentalFortress"],"picked":"Crescendo+1","floor":35.0},{"not_picked":["Crescendo","ClearTheMind","Consecrate"],"picked":"SKIP","floor":37.0},{"not_picked":["Evaluate","FearNoEvil","Perseverance"],"picked":"SKIP","floor":37.0},{"not_picked":["CutThroughFate","Evaluate"],"picked":"Halt","floor":40.0},{"not_picked":["EmptyFist","Judgement","ReachHeaven+1"],"picked":"SKIP","floor":42.0},{"not_picked":["FlyingSleeves","EmptyBody","JustLucky"],"picked":"SKIP","floor":44.0},{"not_picked":["FollowUp","EmptyBody+1","Conclude"],"picked":"SKIP","floor":45.0},{"not_picked":["Weave","Halt","SpiritShield"],"picked":"SKIP","floor":45.0},{"not_picked":["Crescendo","FearNoEvil"],"picked":"InnerPeace+1","floor":46.0},{"not_picked":["CutThroughFate","Study","Perseverance+1"],"picked":"SKIP","floor":46.0},{"not_picked":["EmptyFist","SashWhip"],"picked":"Vengeance","floor":48.0},{"not_picked":["BowlingBash","ReachHeaven+1"],"picked":"Scrawl","floor":55.0}],"player_experience":4413778,"relics_obtained":[{"floor":6.0,"key":"Potion Belt"},{"floor":8.0,"key":"MealTicket"},{"floor":9.0,"key":"Pear"},{"floor":10.0,"key":"Eternal Feather"},{"floor":23.0,"key":"War Paint"},{"floor":26.0,"key":"Lizard Tail"},{"floor":28.0,"key":"Kunai"},{"floor":30.0,"key":"Bag of Preparation"},{"floor":36.0,"key":"Prayer Wheel"},{"floor":40.0,"key":"Letter Opener"},{"floor":42.0,"key":"Ancient Tea Set"},{"floor":44.0,"key":"Akabeko"},{"floor":48.0,"key":"MawBank"},{"floor":55.0,"key":"InkBottle"}],"event_choices":[{"damage_healed":0.0,"max_hp_gain":5.0,"max_hp_loss":0.0,"gold_gain":0.0,"event_name":"Big Fish","player_choice":"Donut","floor":4.0,"gold_loss":0.0,"damage_taken":0.0},{"damage_healed":0.0,"max_hp_gain":0.0,"max_hp_loss":8.0,"gold_gain":0.0,"event_name":"Golden Idol","player_choice":"Lose Max HP","floor":12.0,"gold_loss":0.0,"damage_taken":0.0,"relics_obtained":["Golden Idol"]},{"damage_healed":0.0,"max_hp_gain":0.0,"max_hp_loss":0.0,"gold_gain":0.0,"event_name":"Liars Game","player_choice":"Ignored","floor":13.0,"gold_loss":0.0,"damage_taken":0.0},{"cards_removed":["Strike_P"],"damage_healed":0.0,"max_hp_gain":0.0,"max_hp_loss":0.0,"gold_gain":0.0,"event_name":"Bonfire Elementals","player_choice":"Offered Basic","floor":20.0,"gold_loss":0.0,"damage_taken":0.0},{"damage_healed":0.0,"max_hp_gain":0.0,"max_hp_loss":0.0,"gold_gain":0.0,"event_name":"The Library","player_choice":"Read","floor":31.0,"gold_loss":0.0,"damage_taken":0.0,"cards_obtained":["Wish"]},{"damage_healed":0.0,"max_hp_gain":0.0,"max_hp_loss":0.0,"gold_gain":0.0,"event_name":"Mysterious Sphere","player_choice":"Fight","floor":36.0,"gold_loss":0.0,"damage_taken":0.0},{"damage_healed":0.0,"max_hp_gain":0.0,"max_hp_loss":0.0,"gold_gain":0.0,"event_name":"Tomb of Lord Red Mask","player_choice":"Ignored","floor":38.0,"gold_loss":0.0,"damage_taken":0.0}],"is_beta":false,"boss_relics":[{"not_picked":["Calling Bell","Philosopher\u0027s Stone"],"picked":"Runic Pyramid"},{"not_picked":["Empty Cage","Runic Dome"],"picked":"Coffee Dripper"}],"items_purged_floors":[5,19,39,54],"is_endless":false,"potions_floor_spawned":[2,6,8,10,16,18,23,25,35,44],"killed_by":"The Heart","ascension_level":20}}