{"host":"e8rlfedn69rz2s07","time":1611013115,"event":{"mods":["Act Like it!","BaseMod","Conspire","Hubris","Infinite Spire","Minty Spire (QoL Compilation)","Permanent Neow","Relic Stats","Replay The Spire","Shop Mod","StSLib","The Jungle"],"gold_per_floor":[10,20,40,40,54,54,84,84,84,98,173,200,211,226,226,305,305,316,329,364,144,158,158,185,185,185,212,232,261,275,305,305,378,378,398,46,46,62,78,106,106,118,118,134,163,180,180,192,192,192,192,192,12,41,41],"floor_reached":56,"language":"ENG","playtime":13774,"items_purged":["Strike_R","Strike_R"],"score":2318,"play_id":"79cd1953-9095-42be-b812-d08206be5ded","local_time":"20210119013835","is_ascension_mode":true,"campfire_choices":[{"data":"Whirlwind","floor":6.0,"key":"SMITH"},{"data":"Inflame","floor":8.0,"key":"SMITH"},{"data":"Inflame","floor":15.0,"key":"SMITH"},{"data":"Shockwave","floor":23.0,"key":"SMITH"},{"data":"Demon Form","floor":25.0,"key":"SMITH"},{"data":"Barricade","floor":32.0,"key":"SMITH"},{"data":"Inflame","floor":41.0,"key":"SMITH"},{"floor":47.0,"key":"RECALL"},{"data":"Double Tap","floor":49.0,"key":"SMITH"},{"data":"Spot Weakness","floor":52.0,"key":"SMITH"}],"circlet_count":0,"master_deck":["AscendersBane","Strike_R","Strike_R","Strike_R","Defend_R","Defend_R","Defend_R","Defend_R","Bash","Offering","Cleave","Ghostly Armor","Pommel Strike","Whirlwind+1","Inflame+1","Shrug It Off","Inflame+1","Reaper","Immolate","Shockwave+1","Burning Pact+1","Inflame+1","Uppercut","Demon Form+1","Shrug It Off","Shrug It Off","Spot Weakness+1","Metallicize+1","Barricade+1","Limit Break+1","Burning Pact","Pummel","Sword Boomerang","Shrug It Off","Shrug It Off","Double Tap+1","Entrench","ReplayUltimateDefense","Spot Weakness+1"],"relics":["Burning Blood","Oddly Smooth Stone","Shuriken","Bag of Marbles","Question Card","Runic Dome","Red Mask","Chemical X","StrikeDummy","FossilizedHelix","Lantern","Blue Candle","Happy Flower","Snecko Eye","Kunai","Smiling Mask","Red Skull","Sundial"],"acts_visited":["Exordium","TheCity","TheBeyond","TheEnding"],"potions_floor_usage":[55,55],"damage_taken":[{"damage":13.0,"enemies":"Jaw Worm","floor":1.0,"turns":3.0},{"damage":1.0,"enemies":"Cultist","floor":2.0,"turns":3.0},{"damage":6.0,"enemies":"Small Slimes","floor":3.0,"turns":4.0},{"damage":2.0,"enemies":"Blue Slaver","floor":5.0,"turns":5.0},{"damage":21.0,"enemies":"Lagavulin","floor":7.0,"turns":6.0},{"damage":0.0,"enemies":"Large Slime","floor":10.0,"turns":4.0},{"damage":10.0,"enemies":"3 Sentries","floor":12.0,"turns":3.0},{"damage":6.0,"enemies":"Lots of Slimes","floor":13.0,"turns":1.0},{"damage":0.0,"enemies":"3 Louse","floor":14.0,"turns":2.0},{"damage":44.0,"enemies":"Slime Boss","floor":16.0,"turns":5.0},{"damage":13.0,"enemies":"2 Thieves","floor":18.0,"turns":2.0},{"damage":9.0,"enemies":"Shell Parasite","floor":19.0,"turns":4.0},{"damage":6.0,"enemies":"Masked Bandits","floor":20.0,"turns":2.0},{"damage":7.0,"enemies":"Snecko","floor":22.0,"turns":3.0},{"damage":12.0,"enemies":"Gremlin Leader","floor":24.0,"turns":3.0},{"damage":51.0,"enemies":"Slavers","floor":27.0,"turns":7.0},{"damage":0.0,"enemies":"Centurion and Healer","floor":28.0,"turns":2.0},{"damage":7.0,"enemies":"Gremlin Leader","floor":29.0,"turns":5.0},{"damage":22.0,"enemies":"Sentry and Sphere","floor":30.0,"turns":5.0},{"damage":0.0,"enemies":"Slavers","floor":31.0,"turns":1.0},{"damage":6.0,"enemies":"Champ","floor":33.0,"turns":12.0},{"damage":21.0,"enemies":"3 Shapes","floor":35.0,"turns":7.0},{"damage":0.0,"enemies":"Orb Walker","floor":38.0,"turns":3.0},{"damage":0.0,"enemies":"Jaw Worm Horde","floor":39.0,"turns":3.0},{"damage":0.0,"enemies":"Giant Head","floor":40.0,"turns":6.0},{"damage":0.0,"enemies":"Maw","floor":42.0,"turns":5.0},{"damage":0.0,"enemies":"3 Darklings","floor":44.0,"turns":2.0},{"damage":0.0,"enemies":"Reptomancer","floor":45.0,"turns":3.0},{"damage":9.0,"enemies":"4 Shapes","floor":46.0,"turns":4.0},{"damage":0.0,"enemies":"Transient","floor":48.0,"turns":5.0},{"damage":45.0,"enemies":"Donu and Deca","floor":50.0,"turns":9.0},{"damage":33,"enemies":"Shield and Spear","floor":54,"turns":3},{"damage":0,"enemies":"The Heart","floor":55,"turns":8}],"seed_played":"7731556474920040108","potions_obtained":[{"floor":1.0,"key":"Weak Potion"},{"floor":2.0,"key":"Energy Potion"},{"floor":7.0,"key":"DistilledChaos"},{"floor":10.0,"key":"Energy Potion"},{"floor":16.0,"key":"Weak Potion"},{"floor":18.0,"key":"LiquidMemories"},{"floor":19.0,"key":"ColorlessPotion"},{"floor":28.0,"key":"EssenceOfSteel"},{"floor":30.0,"key":"Ancient Potion"},{"floor":31.0,"key":"Fire Potion"},{"floor":38.0,"key":"Swift Potion"},{"floor":44.0,"key":"SpeedPotion"}],"is_trial":false,"path_per_floor":["M","M","M","?","M","R","E","R","T","M","?","E","M","M","R","B",null,"M","M","?","$","M","R","E","R","T","E","M","E","M","E","R","B",null,"M","$","?","M","M","E","R","M","T","M","E","M","R","M","R","B",null,"R","$","E","B",null],"character_chosen":"IRONCLAD","items_purchased":["Chemical X","Kunai","ReplayUltimateDefense"],"campfire_rested":0,"item_purchase_floors":[21,36,53],"current_hp_per_floor":[61,66,66,66,70,70,55,55,55,61,50,46,46,52,52,29,64,75,72,75,75,74,74,68,68,68,41,47,75,67,73,73,73,75,75,75,75,75,75,75,75,75,75,75,75,75,75,75,75,68,73,73,73,46,75],"gold":41,"neow_bonus":"THREE_RARE_CARDS","is_daily":false,"chose_seed":false,"campfire_upgraded":9,"win_rate":0.0,"timestamp":1611013115,"path_taken":["M","M","M","?","?","R","E","R","T","M","?","E","M","M","R","BOSS","M","M","?","$","M","R","E","R","T","E","M","E","M","E","R","BOSS","M","$","?","?","M","E","R","M","T","M","E","M","R","M","R","BOSS","R","$","E","BOSS"],"items_purchased_type":["Relic","Relic","Card"],"build_version":"2020-12-22","purchased_purges":2,"victory":true,"max_hp_per_floor":[75,75,75,75,75,75,75,75,75,75,75,75,75,75,75,75,75,75,75,75,75,75,75,75,75,75,75,75,75,75,75,75,75,75,75,75,75,75,75,75,75,75,75,75,75,75,75,75,75,75,75,75,75,75,75],"relic_stats":{"Happy Flower":[23],"counters":[33,140],"Shuriken":[14],"Sundial":[0],"Blue Candle":[0],"Snecko Eye":[103,146,102,89],"Chemical X":[24],"Kunai":[11],"Question Card":26,"Smiling Mask":0,"obtain_stats":[{"Lantern":27,"Happy Flower":31,"Blue Candle":29,"Oddly Smooth Stone":4,"Question Card":12,"Smiling Mask":40,"Burning Blood":0,"Runic Dome":17,"Shuriken":7,"Sundial":54,"Snecko Eye":34,"Bag of Marbles":9,"Red Mask":20,"Chemical X":21,"Kunai":36,"StrikeDummy":24,"FossilizedHelix":26,"Red Skull":45},{"Lantern":16,"Happy Flower":20,"Blue Candle":18,"Oddly Smooth Stone":3,"Question Card":7,"Smiling Mask":25,"Burning Blood":0,"Runic Dome":10,"Shuriken":5,"Sundial":32,"Snecko Eye":21,"Bag of Marbles":5,"Red Mask":13,"Chemical X":13,"Kunai":22,"StrikeDummy":15,"FossilizedHelix":15,"Red Skull":28},{"Lantern":57,"Happy Flower":70,"Blue Candle":64,"Oddly Smooth Stone":10,"Question Card":28,"Smiling Mask":101,"Burning Blood":0,"Runic Dome":36,"Shuriken":21,"Sundial":132,"Snecko Eye":82,"Bag of Marbles":21,"Red Mask":44,"Chemical X":44,"Kunai":89,"StrikeDummy":50,"FossilizedHelix":50,"Red Skull":111}],"Burning Blood":124},"card_choices":[{"not_picked":["Double Tap","Bludgeon"],"picked":"Offering","floor":0.0},{"not_picked":["Ghostly Armor","Flex"],"picked":"Cleave","floor":1.0},{"not_picked":["Intimidate","Blood for Blood"],"picked":"Ghostly Armor","floor":2.0},{"not_picked":["Clash","Power Through"],"picked":"Pommel Strike","floor":3.0},{"not_picked":["Clash","Sentinel"],"picked":"Whirlwind","floor":5.0},{"not_picked":["Disarm","Cleave"],"picked":"Inflame","floor":7.0},{"not_picked":["Battle Trance","Cleave"],"picked":"Shrug It Off","floor":10.0},{"not_picked":["True Grit","Power Through"],"picked":"Inflame","floor":12.0},{"not_picked":["Pommel Strike","Blood for Blood","Intimidate","Clash"],"picked":"SKIP","floor":13.0},{"not_picked":["Warcry","Twin Strike","Armaments"],"picked":"Reaper","floor":14.0},{"not_picked":["Offering","Exhume","Brutality"],"picked":"Immolate","floor":16.0},{"not_picked":["Rage","Armaments+1","Wild Strike"],"picked":"Shockwave","floor":18.0},{"not_picked":["Entrench","Body Slam","Warcry"],"picked":"Burning Pact+1","floor":19.0},{"not_picked":["Evolve","Clothesline","Warcry"],"picked":"Inflame","floor":20.0},{"not_picked":["Bloodletting","Thunderclap","Anger+1"],"picked":"Uppercut","floor":22.0},{"not_picked":["Anger","Clothesline","Uppercut"],"picked":"Demon Form","floor":24.0},{"not_picked":["Searing Blow","Iron Wave","True Grit"],"picked":"Shrug It Off","floor":27.0},{"not_picked":["Evolve","Carnage","Armaments"],"picked":"Shrug It Off","floor":28.0},{"not_picked":["Searing Blow+1","Warcry+1","Fire Breathing"],"picked":"Spot Weakness","floor":29.0},{"not_picked":["Body Slam","Hemokinesis","Rupture"],"picked":"Metallicize+1","floor":30.0},{"not_picked":["Armaments","Entrench","Iron Wave"],"picked":"Barricade","floor":31.0},{"not_picked":["Exhume","Impervious","Barricade"],"picked":"Limit Break","floor":33.0},{"not_picked":["Headbutt","Seeing Red","Feel No Pain"],"picked":"Burning Pact","floor":35.0},{"not_picked":["Thunderclap","Inflame","Seeing Red"],"picked":"Pummel","floor":38.0},{"not_picked":["Infernal Blade","Intimidate","Anger","Body Slam"],"picked":"SKIP","floor":39.0},{"not_picked":["Power Through","Shockwave","Corruption"],"picked":"Sword Boomerang","floor":40.0},{"not_picked":["Flex+1","True Grit","Warcry"],"picked":"Shrug It Off","floor":42.0},{"not_picked":["Perfected Strike","Fire Breathing+1","Pommel Strike"],"picked":"Shrug It Off","floor":44.0},{"not_picked":["Immolate","Thunderclap","Wild Strike"],"picked":"Double Tap","floor":45.0},{"not_picked":["Dark Embrace","True Grit","Rampage"],"picked":"Entrench","floor":46.0},{"not_picked":["Twin Strike","Evolve+1","Dark Embrace","Iron Wave"],"picked":"SKIP","floor":48.0},{"not_picked":["ReplayReversal","Run Through+1","Warcry+1"],"picked":"Spot Weakness+1","floor":54}],"player_experience":964586,"relics_obtained":[{"floor":7.0,"key":"Shuriken"},{"floor":9.0,"key":"Bag of Marbles"},{"floor":12.0,"key":"Question Card"},{"floor":20.0,"key":"Red Mask"},{"floor":24.0,"key":"StrikeDummy"},{"floor":26.0,"key":"FossilizedHelix"},{"floor":27.0,"key":"Lantern"},{"floor":29.0,"key":"Blue Candle"},{"floor":31.0,"key":"Happy Flower"},{"floor":40.0,"key":"Smiling Mask"},{"floor":45.0,"key":"Red Skull"},{"floor":54,"key":"Sundial"}],"event_choices":[{"damage_healed":0.0,"max_hp_gain":0.0,"max_hp_loss":0.0,"gold_gain":0.0,"event_name":"WeMeetAgain","player_choice":"Gave Potion","floor":4.0,"gold_loss":0.0,"damage_taken":0.0,"relics_obtained":["Oddly Smooth Stone"]},{"damage_healed":0.0,"max_hp_gain":0.0,"max_hp_loss":0.0,"gold_gain":75.0,"event_name":"World of Goop","player_choice":"Gather Gold","floor":11.0,"gold_loss":0.0,"damage_taken":11.0},{"damage_healed":0.0,"max_hp_gain":0.0,"max_hp_loss":0.0,"gold_gain":0.0,"event_name":"Masked Bandits","player_choice":"Fought Bandits","floor":20.0,"gold_loss":0.0,"damage_taken":0.0},{"damage_healed":0.0,"max_hp_gain":0.0,"max_hp_loss":0.0,"gold_gain":0.0,"event_name":"Upgrade Shrine","player_choice":"Upgraded","floor":37.0,"gold_loss":0.0,"damage_taken":0.0,"cards_upgraded":["Limit Break"]}],"is_beta":false,"boss_relics":[{"not_picked":["SlaversCollar","Calling Bell"],"picked":"Runic Dome"},{"not_picked":["Astrolabe","Busted Crown"],"picked":"Snecko Eye"}],"items_purged_floors":[21,36],"is_endless":false,"potions_floor_spawned":[1,2,7,10,16,18,19,28,30,31,38,42,44,45],"ascension_level":15}}