{"host":"08sn1703g14rasc1","time":1611007127,"event":{"mods":["AchievementEnabler","BaseMod","Colored Map","Colored Powertips","Hermit","Minty Spire (QoL Compilation)","StSLib"],"gold_per_floor":[114,114,114,114,114,139,158,158,158,158,168,185,185,217,217,317,317,327,345,345,45,45,45,75,89,89,89,4,4,14,29,29,127,127,144,194,5,0,16,16,36,36,61,61,61,61,25,25,25,25],"floor_reached":51,"language":"ENG","playtime":1927,"items_purged":["Strike_G"],"score":1019,"play_id":"aee80197-f3ff-4463-b4a0-71322ed69bad","local_time":"20210118135847","is_ascension_mode":true,"campfire_choices":[{"floor":8,"key":"REST"},{"data":"Venomology","floor":10,"key":"SMITH"},{"data":"Malaise","floor":13,"key":"SMITH"},{"data":"Footwork","floor":15,"key":"SMITH"},{"floor":23,"key":"REST"},{"floor":27,"key":"REST"},{"floor":32,"key":"REST"},{"data":"Night Terror","floor":40,"key":"SMITH"},{"floor":49,"key":"REST"}],"circlet_count":0,"master_deck":["Strike_G","Strike_G","Strike_G","Defend_G","Defend_G","Defend_G","Defend_G","Defend_G","Survivor","Neutralize","Masterful Stab","Venomology+1","Backflip","Poisoned Stab","Malaise+1","Footwork+1","Night Terror+1","PiercingWail","Venomology+1","Poisoned Stab","Cloak And Dagger+1","Dagger Spray","Writhe","Cloak And Dagger+1","Poisoned Stab+1","Glass Knife+1","Bouncing Flask+1","Bane+1","Accuracy","Backstab+1","Dodge and Roll","Footwork","PiercingWail"],"relics":["Ring of the Snake","NeowsBlessing","Dream Catcher","Shuriken","Ninja Scroll","Pear","Busted Crown","DollysMirror","Juzu Bracelet","Enchiridion","HornCleat","Question Card","Molten Egg 2","Nunchaku","WristBlade","Torii","Red Mask","Art of War","Gambling Chip"],"acts_visited":["Exordium","TheCity","TheBeyond"],"potions_floor_usage":[14,16,18,19,19,19,19,24,24,25,25,25,30,30,33,33,35,36,36,39,41,41,42,42,42,50,50,50,50,50],"damage_taken":[{"damage":0,"enemies":"Cultist","floor":1,"turns":1},{"damage":0,"enemies":"Gremlin Nob","floor":6,"turns":1},{"damage":0,"enemies":"Jaw Worm","floor":7,"turns":1},{"damage":0,"enemies":"2 Louse","floor":11,"turns":1},{"damage":0,"enemies":"Exordium Thugs","floor":12,"turns":3},{"damage":11,"enemies":"Lagavulin","floor":14,"turns":7},{"damage":34,"enemies":"Hexaghost","floor":16,"turns":16},{"damage":2,"enemies":"Chosen","floor":18,"turns":6},{"damage":0,"enemies":"3 Byrds","floor":19,"turns":4},{"damage":38,"enemies":"Gremlin Leader","floor":24,"turns":6},{"damage":5,"enemies":"Centurion and Healer","floor":25,"turns":5},{"damage":14,"enemies":"3 Cultists","floor":30,"turns":6},{"damage":9,"enemies":"Shelled Parasite and Fungi","floor":31,"turns":5},{"damage":26,"enemies":"Collector","floor":33,"turns":9},{"damage":0,"enemies":"Orb Walker","floor":35,"turns":3},{"damage":0,"enemies":"Mind Bloom Boss Battle","floor":36,"turns":3},{"damage":0,"enemies":"3 Darklings","floor":39,"turns":4},{"damage":1,"enemies":"Maw","floor":41,"turns":6},{"damage":0,"enemies":"Reptomancer","floor":42,"turns":3},{"damage":52,"enemies":"Time Eater","floor":50,"turns":12}],"seed_played":"-3103140596197712240","potions_obtained":[{"floor":1,"key":"GamblersBrew"},{"floor":7,"key":"Fruit Juice"},{"floor":33,"key":"Explosive Potion"},{"floor":39,"key":"Strength Potion"}],"is_trial":false,"path_per_floor":["M","?","$","?","$","E","M","R","T","R","M","M","R","E","R","B",null,"M","M","?","$","?","R","E","M","T","R","?","?","M","M","R","B",null,"M","?","$","?","M","R","M","E","T","$","?","?","$","?","R","B",null],"character_chosen":"THE_SILENT","items_purchased":["DollysMirror","Juzu Bracelet","Accuracy","Backstab+1","Footwork"],"campfire_rested":5,"item_purchase_floors":[21,21,37,37,47],"current_hp_per_floor":[63,63,63,38,38,38,38,59,59,59,59,59,59,58,58,29,71,84,84,84,84,68,85,47,42,42,67,67,67,53,44,69,43,75,75,75,75,75,75,75,74,74,74,74,74,74,74,74,85,33],"gold":25,"neow_bonus":"THREE_ENEMY_KILL","is_daily":false,"chose_seed":false,"campfire_upgraded":4,"win_rate":0.0,"timestamp":1611007127,"path_taken":["M","?","$","?","?","E","M","R","T","R","M","?","R","E","R","BOSS","M","M","?","$","?","R","E","M","T","R","?","?","M","M","R","BOSS","M","?","?","?","M","R","M","E","T","$","?","?","$","?","R","BOSS"],"items_purchased_type":["Relic","Relic","Card","Card","Card"],"build_version":"2020-12-22","purchased_purges":1,"victory":true,"max_hp_per_floor":[70,70,70,70,70,70,70,70,70,70,70,70,70,80,80,85,85,85,85,85,85,85,85,85,85,85,85,85,85,85,85,85,85,85,85,85,85,85,85,85,85,85,85,85,85,85,85,85,85,85],"card_choices":[{"not_picked":["Calculated Gamble","Backflip"],"picked":"Masterful Stab","floor":1},{"not_picked":["Bane","Tools of the Trade"],"picked":"Venomology","floor":6},{"not_picked":["Crippling Poison","Sucker Punch"],"picked":"Backflip","floor":7},{"not_picked":["Underhanded Strike","Backflip"],"picked":"Poisoned Stab","floor":8},{"not_picked":["Deflect","Caltrops","Dagger Throw"],"picked":"SKIP","floor":11},{"not_picked":["Underhanded Strike","Skewer"],"picked":"Malaise","floor":12},{"not_picked":["Flying Knee","Dagger Spray"],"picked":"Footwork","floor":14},{"not_picked":["Grand Finale","Die Die Die"],"picked":"Night Terror","floor":16},{"not_picked":["Prepared"],"picked":"SKIP","floor":18},{"not_picked":["Concentrate"],"picked":"SKIP","floor":19},{"not_picked":[],"picked":"Poisoned Stab","floor":23},{"not_picked":[],"picked":"Cloak And Dagger+1","floor":24},{"not_picked":["Concentrate"],"picked":"SKIP","floor":25},{"not_picked":["Prepared"],"picked":"Dagger Spray","floor":27},{"not_picked":["Eviscerate+1","Prepared"],"picked":"SKIP","floor":30},{"not_picked":["Setup"],"picked":"Cloak And Dagger+1","floor":31},{"not_picked":["Caltrops"],"picked":"Poisoned Stab+1","floor":32},{"not_picked":["Malaise"],"picked":"Glass Knife+1","floor":33},{"not_picked":["Bane+1"],"picked":"Bouncing Flask+1","floor":35},{"not_picked":["Underhanded Strike+1"],"picked":"Bane+1","floor":36},{"not_picked":["Underhanded Strike+1","Concentrate+1"],"picked":"SKIP","floor":39},{"not_picked":["Underhanded Strike+1","Quick Slash+1"],"picked":"SKIP","floor":41},{"not_picked":["Flechettes+1"],"picked":"PiercingWail","floor":49}],"player_experience":478906,"relics_obtained":[{"floor":6,"key":"Shuriken"},{"floor":9,"key":"Ninja Scroll"},{"floor":14,"key":"Pear"},{"floor":22,"key":"Enchiridion"},{"floor":24,"key":"HornCleat"},{"floor":26,"key":"Question Card"},{"floor":36,"key":"Torii"},{"floor":43,"key":"Art of War"},{"floor":46,"key":"Gambling Chip"}],"event_choices":[{"cards_removed":["Strike_G"],"damage_healed":0,"gold_gain":0,"player_choice":"Forget","damage_taken":0,"max_hp_gain":0,"max_hp_loss":0,"event_name":"Living Wall","floor":2,"gold_loss":0},{"damage_healed":0,"gold_gain":0,"player_choice":"Success","damage_taken":25,"relics_obtained":["Dream Catcher"],"max_hp_gain":0,"max_hp_loss":0,"event_name":"Scrap Ooze","floor":4,"gold_loss":0},{"damage_healed":0,"gold_gain":0,"player_choice":"Read","damage_taken":0,"max_hp_gain":0,"max_hp_loss":0,"event_name":"The Library","floor":20,"gold_loss":0,"cards_obtained":["PiercingWail"]},{"damage_healed":0,"gold_gain":0,"player_choice":"Obtained Book","damage_taken":16,"max_hp_gain":0,"max_hp_loss":0,"event_name":"Cursed Tome","floor":22,"gold_loss":0},{"damage_healed":0,"gold_gain":0,"player_choice":"Obtained Relic","damage_taken":0,"relics_obtained":["Molten Egg 2"],"max_hp_gain":0,"max_hp_loss":0,"event_name":"Addict","floor":28,"gold_loss":85},{"damage_healed":0,"gold_gain":0,"player_choice":"Opened","damage_taken":0,"relics_obtained":["Nunchaku"],"max_hp_gain":0,"max_hp_loss":0,"event_name":"The Mausoleum","floor":29,"gold_loss":0,"cards_obtained":["Writhe"]},{"damage_healed":0,"gold_gain":0,"player_choice":"Fight","damage_taken":0,"max_hp_gain":0,"max_hp_loss":0,"event_name":"MindBloom","floor":36,"gold_loss":0},{"damage_healed":0,"gold_gain":0,"player_choice":"Paid","damage_taken":0,"relics_obtained":["Red Mask"],"max_hp_gain":0,"max_hp_loss":0,"event_name":"Tomb of Lord Red Mask","floor":38,"gold_loss":5},{"damage_healed":0,"gold_gain":0,"player_choice":"1 cards matched","damage_taken":0,"max_hp_gain":0,"max_hp_loss":0,"event_name":"Match and Keep!","floor":45,"gold_loss":0,"cards_obtained":["Dodge and Roll"]},{"damage_healed":0,"gold_gain":0,"player_choice":"Relic","damage_taken":0,"max_hp_gain":0,"max_hp_loss":0,"event_name":"Wheel of Change","floor":46,"gold_loss":0},{"damage_healed":0,"gold_gain":0,"player_choice":"Ignored","damage_taken":0,"max_hp_gain":0,"max_hp_loss":0,"event_name":"Mysterious Sphere","floor":48,"gold_loss":0}],"is_beta":false,"boss_relics":[{"not_picked":["Philosopher\u0027s Stone","Runic Pyramid"],"picked":"Busted Crown"},{"not_picked":["Cursed Key","HoveringKite"],"picked":"WristBlade"}],"items_purged_floors":[37],"is_endless":false,"potions_floor_spawned":[1,7,12,16,24,33,35,39],"ascension_level":8}}