{"host":"jlz4is0nf6zo9oab","time":1611000286,"event":{"mods":["AchievementEnabler","BaseMod","Colored Map","Colored Powertips","Highlight Path","Minty Spire (QoL Compilation)","StSLib"],"gold_per_floor":[117,134,134,147,163,188,188,171,197,197,197,213,213,213,213,213,213],"floor_reached":16,"language":"SPA","playtime":544,"items_purged":[],"score":163,"play_id":"aadfabdc-2a02-44bb-b9c1-014d776fa319","local_time":"20210118210446","is_ascension_mode":true,"campfire_choices":[{"floor":7,"key":"REST"},{"floor":11,"key":"REST"},{"floor":13,"key":"REST"},{"floor":15,"key":"REST"}],"circlet_count":0,"master_deck":["AscendersBane","Strike_G","Strike_G","Strike_G","Strike_G","Strike_G","Defend_G","Defend_G","Defend_G","Defend_G","Defend_G","Survivor","Neutralize","Blur","Cloak And Dagger+1","Blur"],"relics":["Ring of the Snake","NeowsBlessing","Juzu Bracelet","Toy Ornithopter","Vajra","Pen Nib"],"acts_visited":["Exordium"],"potions_floor_usage":[5,16],"damage_taken":[{"damage":0,"enemies":"Cultist","floor":1,"turns":1},{"damage":0,"enemies":"Small Slimes","floor":2,"turns":1},{"damage":0,"enemies":"Jaw Worm","floor":4,"turns":1},{"damage":34,"enemies":"Gremlin Gang","floor":5,"turns":6},{"damage":23,"enemies":"3 Sentries","floor":6,"turns":17},{"damage":2,"enemies":"Exordium Thugs","floor":8,"turns":4},{"damage":6,"enemies":"Red Slaver","floor":12,"turns":5},{"damage":71,"enemies":"Hexaghost","floor":16,"turns":16}],"seed_played":"-4432967990666129421","potions_obtained":[{"floor":1,"key":"DistilledChaos"},{"floor":8,"key":"LiquidMemories"},{"floor":12,"key":"Block Potion"}],"is_trial":false,"path_per_floor":["M","M","?","M","M","E","R","M","T","?","R","M","R","?","R","B"],"character_chosen":"THE_SILENT","items_purchased":[],"campfire_rested":4,"item_purchase_floors":[],"current_hp_per_floor":[63,63,63,63,29,6,27,25,25,25,46,40,61,54,70,0,0],"gold":213,"neow_bonus":"THREE_ENEMY_KILL","is_daily":false,"chose_seed":false,"campfire_upgraded":0,"win_rate":0.0,"timestamp":1611000286,"path_taken":["M","?","?","M","M","E","R","M","T","?","R","M","R","?","R","BOSS"],"items_purchased_type":[],"build_version":"2020-12-22","purchased_purges":0,"victory":false,"max_hp_per_floor":[70,70,70,70,70,70,70,70,70,70,70,70,70,70,70,70,70],"card_choices":[{"not_picked":["Dagger Throw","Slice"],"picked":"Blur","floor":1},{"not_picked":["Sucker Punch","Flying Knee"],"picked":"Cloak And Dagger","floor":2},{"not_picked":["Tactician","Slice","Quick Slash"],"picked":"SKIP","floor":4},{"not_picked":["Endless Agony","Prepared","Quick Slash"],"picked":"SKIP","floor":5},{"not_picked":["Expertise","Deadly Poison"],"picked":"Blur","floor":6},{"not_picked":["Underhanded Strike","Slice","Concentrate"],"picked":"SKIP","floor":8},{"not_picked":["Glass Knife","Sucker Punch","Crippling Poison"],"picked":"SKIP","floor":12}],"player_experience":947703,"relics_obtained":[{"floor":6,"key":"Juzu Bracelet"},{"floor":9,"key":"Toy Ornithopter"}],"event_choices":[{"damage_healed":0,"gold_gain":0,"player_choice":"Grow","damage_taken":0,"max_hp_gain":0,"max_hp_loss":0,"event_name":"Living Wall","floor":3,"gold_loss":0,"cards_upgraded":["Cloak And Dagger"]},{"damage_healed":0,"gold_gain":0,"player_choice":"Gave Potion","damage_taken":0,"relics_obtained":["Vajra"],"max_hp_gain":0,"max_hp_loss":0,"event_name":"WeMeetAgain","floor":10,"gold_loss":0},{"damage_healed":0,"gold_gain":0,"player_choice":"Success","damage_taken":7,"relics_obtained":["Pen Nib"],"max_hp_gain":0,"max_hp_loss":0,"event_name":"Scrap Ooze","floor":14,"gold_loss":0}],"is_beta":false,"boss_relics":[],"items_purged_floors":[],"is_endless":false,"potions_floor_spawned":[1,2,8,12],"killed_by":"Hexaghost","ascension_level":12}}