{"host":"s8eu5oacnz2jj6un","time":1611006068,"event":{"mods":["AchievementEnabler","Act Like it!","Astrologer","BaseMod","Colored Powertips","KinomotoSakuraMod(????)","Lobotomy","Marisa????????","Minty Spire (QoL Compilation)","Remilia??????","Replay The Spire","Shop Mod","StSLib","The Senshi","The Servant 0.9.4","Yuri Mod"],"gold_per_floor":[113,127,219,219,219,246,246,278,278,294,322,322,341,351,351,456,506,519,538,7,7,7,7,37,37,88,122,141,61,79,92,52,157,157,176,176,176,193,121,121,155,155,155,186,186,236,251,277,277,277],"floor_reached":51,"language":"ENG","playtime":5317,"items_purged":[],"score":776,"play_id":"721f4231-4abd-4bb4-a30a-879320fdb97d","local_time":"20210118224108","is_ascension_mode":true,"campfire_choices":[{"floor":7,"key":"REST"},{"floor":12,"key":"REST"},{"floor":15,"key":"DIG"},{"data":"Envenom","floor":23,"key":"SMITH"},{"data":"Infinite Blades","floor":25,"key":"SMITH"},{"data":"Noxious Fumes","floor":40,"key":"SMITH"},{"data":"Distraction","floor":42,"key":"SMITH"},{"data":"Accuracy","floor":45,"key":"SMITH"},{"data":"Panache","floor":49,"key":"SMITH"}],"circlet_count":0,"master_deck":["Strike_G","Strike_G+1","Strike_G","Strike_G","Defend_G+1","Defend_G","Defend_G","Defend_G","Survivor","Neutralize+1","Deadly Poison","Infinite Blades+1","ReplayTheSpireMod:Splinters","Deadly Poison","Accuracy+1","Blade Dance","Distraction+1","Cloak And Dagger","Outmaneuver","Dagger Spray","Replay:Poison Smokescreen","Accuracy+1","Tools of the Trade","Endless Agony","Accuracy","Choke+1","Envenom+1","Panache+1","Die Die Die","Dagger Spray","Caltrops","Poisoned Stab","After Image","Distraction+1","Madness","Madness","Deadly Poison","Noxious Fumes+1","Well Laid Plans+1","Regret","Caltrops+1","Cloak And Dagger+1","Parasite","Accuracy","Caltrops+1"],"relics":["Ring of the Snake","Torii","yuri:PortableGlitches","ReplayTheSpireMod:Ninjato","Potion Belt","Boot","Tiny House","Oddly Smooth Stone","Replay:Rubber Ducky","Snake Skull","Bottled Flame","ReplayTheSpireMod:TigerMarble","Anchor","Cursed Key","ReplayTheSpireMod:Ring of Exchange","Ring of Misfortune","Snack Pack","Byrd Skull","MealTicket","Replay:Multitool","Garlic"],"acts_visited":["Exordium","TheCity","TheBeyond"],"potions_floor_usage":[11,11,14,16,19,19,41,47,50,50,50,50,50],"damage_taken":[{"damage":2,"enemies":"Small Slimes","floor":1,"turns":4},{"damage":1,"enemies":"2 Louse","floor":2,"turns":3},{"damage":37,"enemies":"3 Sentries","floor":6,"turns":9},{"damage":17,"enemies":"Lagavulin","floor":8,"turns":6},{"damage":1,"enemies":"Jaw Worm","floor":10,"turns":3},{"damage":17,"enemies":"3 Sentries","floor":11,"turns":8},{"damage":1,"enemies":"Looter","floor":13,"turns":3},{"damage":3,"enemies":"Lots of Slimes","floor":14,"turns":5},{"damage":0,"enemies":"Slime Boss","floor":16,"turns":5},{"damage":2,"enemies":"Chosen","floor":18,"turns":4},{"damage":16,"enemies":"Shell Parasite","floor":19,"turns":5},{"damage":1,"enemies":"Replay:Snechameleon","floor":24,"turns":5},{"damage":1,"enemies":"Slavers","floor":27,"turns":4},{"damage":0,"enemies":"Snake Plant","floor":28,"turns":3},{"damage":0,"enemies":"Centurion and Healer","floor":30,"turns":3},{"damage":0,"enemies":"Cultist and Chosen","floor":31,"turns":4},{"damage":39,"enemies":"Collector","floor":33,"turns":6},{"damage":0,"enemies":"Orb Walker","floor":35,"turns":3},{"damage":0,"enemies":"3 Darklings","floor":38,"turns":3},{"damage":0,"enemies":"Nemesis","floor":41,"turns":5},{"damage":1,"enemies":"Reptomancer","floor":44,"turns":5},{"damage":0,"enemies":"Mind Bloom Boss Battle","floor":46,"turns":5},{"damage":0,"enemies":"Writhing Mass","floor":47,"turns":4},{"damage":0,"enemies":"Nemesis","floor":48,"turns":5},{"damage":14,"enemies":"Replay:Hell Engine","floor":50,"turns":7}],"seed_played":"5226238810927122525","potions_obtained":[{"floor":8,"key":"ColorlessPotion"},{"floor":10,"key":"EssenceOfSteel"},{"floor":11,"key":"Fire Potion"},{"floor":14,"key":"PowerPotion"},{"floor":16,"key":"Elixir"},{"floor":17,"key":"DuplicationPotion"},{"floor":18,"key":"Explosive Potion"},{"floor":28,"key":"Adrenaline Potion"},{"floor":33,"key":"GamblersBrew"},{"floor":35,"key":"SteroidPotion"},{"floor":41,"key":"ColorlessPotion"},{"floor":44,"key":"Doom Potion"},{"floor":47,"key":"Dexterity Potion"}],"is_trial":false,"path_per_floor":["M","M","?","?","?","E","R","E","T","M","E","R","M","M","R","B",null,"M","M","$","?","$","R","E","R","T","E","M","$","M","M","R","B",null,"M","?","?","M","$","R","E","R","T","E","R","?","M","E","R","B",null],"character_chosen":"THE_SILENT","items_purchased":["Envenom","Oddly Smooth Stone","Panache","Replay:Rubber Ducky","Caltrops","Noxious Fumes"],"campfire_rested":2,"item_purchase_floors":[20,20,20,20,29,39],"current_hp_per_floor":[68,67,67,67,67,30,51,34,34,33,16,37,36,33,33,33,75,73,57,57,57,57,57,56,56,56,55,55,55,55,55,55,16,75,75,66,66,66,66,66,66,66,66,73,73,75,75,75,75,61],"gold":277,"neow_bonus":"UPGRADE_CARD","is_daily":false,"chose_seed":false,"campfire_upgraded":6,"win_rate":0.0,"timestamp":1611006068,"path_taken":["M","M","?","?","?","E","R","E","T","M","E","R","M","M","R","BOSS","M","?","$","?","?","R","E","R","T","E","M","?","M","M","R","BOSS","M","?","?","M","?","R","E","R","T","E","R","?","?","E","R","BOSS"],"items_purchased_type":["Card","Relic","Card","Relic","Card","Card"],"build_version":"2020-12-22","purchased_purges":0,"victory":true,"max_hp_per_floor":[70,70,70,70,70,70,70,70,70,70,70,70,70,70,70,70,75,75,75,75,75,75,75,75,75,75,75,75,75,75,75,75,75,75,75,75,75,75,75,75,75,75,75,75,75,75,75,75,75,75],"card_choices":[{"not_picked":["Hidden Blade","Draining Mist"],"picked":"Deadly Poison","floor":1},{"not_picked":["Sucker Punch","Acrobatics"],"picked":"Infinite Blades","floor":2},{"not_picked":["Cloak And Dagger","Endless Agony"],"picked":"Deadly Poison","floor":3},{"not_picked":["Deadly Poison","Toxin Wave"],"picked":"Accuracy","floor":3},{"not_picked":["Calculated Gamble","Expertise"],"picked":"Blade Dance","floor":3},{"not_picked":["Calculated Gamble","Fluid Movement"],"picked":"Distraction","floor":6},{"not_picked":["Deflect","Choke"],"picked":"Cloak And Dagger","floor":8},{"not_picked":["All Out Attack","Deflect"],"picked":"Outmaneuver","floor":10},{"not_picked":["Escape Plan","Sucker Punch"],"picked":"Dagger Spray","floor":11},{"not_picked":["Dodge and Roll","Dagger Throw"],"picked":"Replay:Poison Smokescreen","floor":13},{"not_picked":["Unload","Poisoned Stab"],"picked":"Accuracy","floor":14},{"not_picked":["Die Die Die","Night Terror"],"picked":"Tools of the Trade","floor":16},{"not_picked":["Sneak Up","Underhanded Strike"],"picked":"Endless Agony","floor":17},{"not_picked":["Prepared","Outmaneuver"],"picked":"Accuracy","floor":18},{"not_picked":["Blade Dance","Sucker Punch"],"picked":"Choke+1","floor":19},{"not_picked":["Dagger Throw","Sucker Punch","PiercingWail"],"picked":"SKIP","floor":24},{"not_picked":["Sneak Up","All Out Attack"],"picked":"Die Die Die","floor":27},{"not_picked":["Deflect","Dodge and Roll"],"picked":"Dagger Spray","floor":28},{"not_picked":["Slice","Deflect"],"picked":"Poisoned Stab","floor":30},{"not_picked":["Eviscerate","Underhanded Strike","Expertise+1"],"picked":"SKIP","floor":31},{"not_picked":["Adrenaline","Die Die Die"],"picked":"After Image","floor":33},{"not_picked":["Underhanded Strike+1","Dodge and Roll+1"],"picked":"Distraction+1","floor":35},{"not_picked":["Dagger Throw+1","Outmaneuver"],"picked":"Deadly Poison","floor":38},{"not_picked":["Venomology","Endless Agony"],"picked":"Well Laid Plans+1","floor":41},{"not_picked":["Underhanded Strike+1","Wraith Form v2"],"picked":"Caltrops+1","floor":44},{"not_picked":["ReplayTheSpireMod:The Works+1","Outmaneuver"],"picked":"Cloak And Dagger+1","floor":46},{"not_picked":["Blade Dance","Sucker Punch"],"picked":"Accuracy","floor":47},{"not_picked":["Masterful Stab+1","Dagger Throw+1"],"picked":"Caltrops+1","floor":48}],"player_experience":708617,"relics_obtained":[{"floor":6,"key":"Torii"},{"floor":8,"key":"yuri:PortableGlitches"},{"floor":9,"key":"ReplayTheSpireMod:Ninjato"},{"floor":11,"key":"Potion Belt"},{"floor":15,"key":"Boot"},{"floor":21,"key":"Snake Skull"},{"floor":24,"key":"Bottled Flame"},{"floor":26,"key":"ReplayTheSpireMod:TigerMarble"},{"floor":27,"key":"Anchor"},{"floor":37,"key":"ReplayTheSpireMod:Ring of Exchange"},{"floor":37,"key":"Ring of Misfortune"},{"floor":41,"key":"Snack Pack"},{"floor":43,"key":"Byrd Skull"},{"floor":44,"key":"MealTicket"},{"floor":46,"key":"Replay:Multitool"},{"floor":48,"key":"Garlic"}],"event_choices":[{"cards_removed":["Defend_G"],"damage_healed":0,"gold_gain":0,"player_choice":"Offered Basic","damage_taken":0,"max_hp_gain":0,"max_hp_loss":0,"event_name":"Bonfire Elementals","floor":5,"gold_loss":0},{"damage_healed":0,"gold_gain":0,"player_choice":"Relic","damage_taken":0,"max_hp_gain":0,"max_hp_loss":0,"event_name":"Wheel of Change","floor":21,"gold_loss":0},{"damage_healed":0,"gold_gain":0,"player_choice":"Upgraded Two","damage_taken":0,"max_hp_gain":0,"max_hp_loss":0,"event_name":"Designer","floor":32,"gold_loss":40,"cards_upgraded":["Defend_G","Strike_G"]},{"damage_healed":0,"gold_gain":0,"player_choice":"Embrace Madness","damage_taken":9,"max_hp_gain":0,"max_hp_loss":0,"event_name":"Winding Halls","floor":36,"gold_loss":0,"cards_obtained":["Madness","Madness"]},{"damage_healed":0,"gold_gain":0,"player_choice":"Fight","damage_taken":0,"max_hp_gain":0,"max_hp_loss":0,"event_name":"MindBloom","floor":46,"gold_loss":0}],"is_beta":false,"boss_relics":[{"not_picked":["SacredBark","Empty Cage"],"picked":"Tiny House"},{"not_picked":["HoveringKite","ChewingGum"],"picked":"Cursed Key"}],"items_purged_floors":[],"is_endless":false,"potions_floor_spawned":[8,10,11,14,16,18,28,33,35,41,44,47],"ascension_level":1}}