{"host":"uimu98mr9zvwuo5s","time":1611007309,"event":{"mods":["Aspiration","BaseMod","BetterRewards","Conspire","Defective Defect","GifTheSpireLib","Gremlin Mod","Hermit","Highlight Path","Hubris","Infinite Spire","Jedi Mod","Jorbs\u0027s Wanderer Trilogy","LagranYue(???·?)","Minty Spire (QoL Compilation)","Replay The Spire","Shop Mod","StSLib","Stuff the Spire","The Hierophant","Uncapped"],"gold_per_floor":[113,113,135,135,159,159,168,194,194,222,58,58,92,154,154,238,238,246,277,272,141,141,128,128,143,170,170,95,133,133,167,167,288,288,350,412,345,345,345,418,480,567,619,619,651,737,917,917,917,1101,1201,1309,1309,1418,1538,1343,1414,1414,1519,1591,1591,1591,1779,1796,1796,1796,2068,2068,2243,2011,2216,2430,2662,2662,2662,2862,2916,3136,3114,3331,3231,3466,3466,3743,3743,4012,4273,4477,4477,4477],"floor_reached":89,"language":"ENG","playtime":6678,"items_purged":["hierophant:Defend_Hierophant","hierophant:Defend_Hierophant","hierophant:Defend_Hierophant","hierophant:Defend_Hierophant","hierophant:RecallFunds+1","hierophant:Punish+1","hierophant:BulkyChest","hierophant:Smite","hierophant:Smite"],"score":1976,"play_id":"81908c08-1019-4a05-8781-fc1cba7f78d4","local_time":"20210118170149","is_ascension_mode":false,"campfire_choices":[{"data":"hierophant:Doubloon","floor":6,"key":"SMITH"},{"data":"hierophant:PristineSoul","floor":15,"key":"SMITH"},{"data":"hierophant:HolyVerse","floor":24,"key":"SMITH"},{"data":"hierophant:Repentance","floor":27,"key":"SMITH"},{"data":"hierophant:Doubloon","floor":32,"key":"SMITH"},{"floor":49,"key":"DIG"},{"data":"hubris:Rewind","floor":58,"key":"SMITH"},{"floor":66,"key":"DIG"},{"data":"hierophant:Community","floor":74,"key":"SMITH"},{"floor":83,"key":"DIG"}],"circlet_count":0,"master_deck":["hierophant:ChurchCoffers","hierophant:Repentance","hierophant:Determination","hierophant:Charity+1","hierophant:Doubloon+1","hierophant:MirrorShield","hierophant:Doubloon+1","hierophant:Refuge","hierophant:Doomsaying+1","hierophant:HolyVerse+1","hierophant:Doubloon","hierophant:Doubloon","hierophant:Refuge+1","hierophant:Repentance+1","hierophant:PristineSoul+1","hierophant:Exaltation+1","hierophant:Community+1","hierophant:Patience+1","hierophant:Glossolalia+1","hierophant:Repentance+1","hierophant:Zeal+1","hierophant:Racketeering+1","hierophant:HammerAndAnvil","hierophant:Community+1","hubris:Rewind+1","hierophant:Prophecy"],"relics":["hierophant:PropheticMaskRelic","LagranYue:RandomDrawCardRelic","MerchantsRug","Chemical X","Replay:Rubber Ducky","Bag of Preparation","aspiration:TomeofQuesting","Replay:Bottled Steam","StuffTheSpire:BottledEssence","Mummified Hand","Prayer Wheel","Happy Flower","Singing Bowl","Calipers","hubris:SlimyHat","infinitespire:EvilPickle","LagranYue:SoulBurningRelic","Du-Vu Doll","hubris:SlimyHat","StuffTheSpire:Kangaroo","Frozen Eye","Vajra","Replay:Wanted Poster","Boot","Mirror","Girya","conspire:SpecialSausage","Membership Card","Ancient Tea Set","Anchor","Orichalcum","SacredBark"],"acts_visited":["Exordium","TheCity","TheBeyond","Exordium","TheCity","TheBeyond"],"potions_floor_usage":[42,42],"damage_taken":[{"damage":0,"enemies":"2 Louse","floor":1,"turns":1},{"damage":0,"enemies":"Cultist","floor":3,"turns":3},{"damage":2,"enemies":"Small Slimes","floor":5,"turns":3},{"damage":0,"enemies":"Looter","floor":7,"turns":2},{"damage":0,"enemies":"3 Louse","floor":8,"turns":2},{"damage":0,"enemies":"2 Fungi Beasts","floor":10,"turns":1},{"damage":0,"enemies":"Lots of Slimes","floor":13,"turns":1},{"damage":0,"enemies":"Slime Boss","floor":16,"turns":4},{"damage":12,"enemies":"Chosen","floor":18,"turns":7},{"damage":0,"enemies":"Shell Parasite","floor":19,"turns":4},{"damage":37,"enemies":"Cultist and Chosen","floor":20,"turns":8},{"damage":13,"enemies":"Book of Stabbing","floor":23,"turns":5},{"damage":13,"enemies":"Centurion and Healer","floor":25,"turns":4},{"damage":0,"enemies":"Sentry and Sphere","floor":29,"turns":1},{"damage":32,"enemies":"Cultist and Chosen","floor":31,"turns":5},{"damage":3,"enemies":"Pondfish","floor":33,"turns":4},{"damage":6,"enemies":"3 Shapes","floor":35,"turns":2},{"damage":16,"enemies":"Orb Walker","floor":36,"turns":4},{"damage":43,"enemies":"Nemesis","floor":40,"turns":5},{"damage":27,"enemies":"Mind Bloom Boss Battle","floor":41,"turns":5},{"damage":0,"enemies":"Nightmare","floor":42,"turns":6},{"damage":27,"enemies":"Transient","floor":45,"turns":5},{"damage":0,"enemies":"4 Shapes","floor":46,"turns":2},{"damage":35,"enemies":"conspire:OrnateMirror","floor":50,"turns":5},{"damage":0,"enemies":"2 Louse","floor":52,"turns":2},{"damage":0,"enemies":"Small Slimes","floor":54,"turns":2},{"damage":0,"enemies":"Jaw Worm","floor":55,"turns":2},{"damage":0,"enemies":"Nightmare","floor":57,"turns":5},{"damage":0,"enemies":"Looter","floor":59,"turns":2},{"damage":0,"enemies":"Blue Slaver","floor":63,"turns":1},{"damage":84,"enemies":"Hexaghost","floor":67,"turns":3},{"damage":0,"enemies":"2 Thieves","floor":69,"turns":3},{"damage":26,"enemies":"3 Byrds","floor":71,"turns":3},{"damage":0,"enemies":"Centurion and Healer","floor":72,"turns":2},{"damage":0,"enemies":"Cultist and Chosen","floor":73,"turns":3},{"damage":0,"enemies":"Snake Plant","floor":76,"turns":1},{"damage":0,"enemies":"Sentry and Sphere","floor":78,"turns":1},{"damage":15,"enemies":"Centurion and Healer","floor":80,"turns":3},{"damage":23,"enemies":"Snake Plant","floor":82,"turns":2},{"damage":0,"enemies":"Champ","floor":84,"turns":4},{"damage":0,"enemies":"3 Darklings","floor":86,"turns":2},{"damage":0,"enemies":"3 Shapes","floor":87,"turns":2},{"damage":18,"enemies":"Transient","floor":88,"turns":3},{"damage":0,"enemies":"2 Orb Walkers","floor":89,"turns":1}],"seed_played":"3799159992305204121","potions_obtained":[{"floor":5,"key":"SpeedPotion"},{"floor":7,"key":"SkillPotion"},{"floor":13,"key":"EssenceOfSteel"},{"floor":14,"key":"SpeedPotion"},{"floor":14,"key":"FearPotion"},{"floor":20,"key":"LiquidMemories"},{"floor":29,"key":"Block Potion"},{"floor":40,"key":"BlessingOfTheForge"},{"floor":41,"key":"DuplicationPotion"},{"floor":42,"key":"AttackPotion"},{"floor":45,"key":"jedi:tentaclejuice"},{"floor":46,"key":"FearPotion"},{"floor":59,"key":"Swift Potion"},{"floor":67,"key":"SteroidPotion"},{"floor":72,"key":"BlessingOfTheForge"},{"floor":73,"key":"Weak Potion"},{"floor":76,"key":"Swift Potion"},{"floor":80,"key":"FearPotion"},{"floor":84,"key":"Adrenaline Potion"}],"is_trial":false,"path_per_floor":["M","?","M","?","M","R","M","M","T","M","$","?","M","?","R","B",null,"M","M","M","$","?","E","R","M","T","R","$","M","AVR","M","R","B",null,"M","M","$","?","?","E","?","NM","T","?","M","M","$","AVR","R","B",null,"M","?","M","M","$","NM","R","M","T","?","?","M","$","?","R","B",null,"M","$","M","M","M","R","AVR","M","T","M","$","M","$","M","R","B",null,"M","M","M","?"],"character_chosen":"HIEROPHANT","items_purchased":["MerchantsRug","Chemical X","Replay:Rubber Ducky","Bag of Preparation","hierophant:Repentance","aspiration:TomeofQuesting","hierophant:Smite","hierophant:Determination","Replay:Bottled Steam","StuffTheSpire:BottledEssence","Mummified Hand","hierophant:Charity+1","hierophant:MirrorShield","hierophant:Smite","Happy Flower","Singing Bowl","hierophant:Glossolalia","hierophant:Repentance","hierophant:Community","Membership Card"],"campfire_rested":0,"item_purchase_floors":[0,0,0,0,0,0,0,0,0,0,0,0,0,11,11,21,37,37,56,70],"current_hp_per_floor":[40,40,44,44,48,48,48,48,48,48,48,48,48,30,30,30,75,75,75,62,62,62,77,77,81,81,81,81,83,83,87,87,86,89,91,88,88,81,81,98,100,102,102,102,77,103,103,103,103,69,113,115,115,117,122,122,124,124,126,126,100,100,131,131,131,131,48,135,137,137,141,145,149,149,149,151,151,157,157,161,161,139,139,141,169,171,173,179,179,179],"gold":4477,"neow_bonus":"","is_daily":false,"chose_seed":false,"campfire_upgraded":7,"win_rate":0.0,"timestamp":1611007309,"path_taken":["M","?","?","?","M","R","M","M","T","M","$","?","M","?","R","BOSS","M","M","M","?","?","E","R","M","T","R","$","M","AVR","M","R","BOSS","M","M","$","?","?","E","?","NM","T","?","M","?","?","AVR","R","BOSS","M","?","M","M","$","NM","R","?","T","?","?","?","?","?","R","BOSS","M","?","M","M","M","R","AVR","?","T","M","?","M","$","M","R","BOSS","M","M","M","?"],"items_purchased_type":["Relic","Relic","Relic","Relic","Card","Relic","Card","Card","Relic","Relic","Relic","Card","Card","Card","Relic","Relic","Card","Card","Card","Relic"],"build_version":"2020-12-22","purchased_purges":9,"victory":false,"max_hp_per_floor":[75,75,75,75,75,75,75,75,75,75,75,75,75,75,75,75,75,75,75,75,75,75,77,77,81,81,81,81,83,83,87,87,89,89,93,93,93,99,99,99,101,103,103,103,107,111,111,111,111,113,113,117,117,121,123,123,125,125,129,129,129,129,133,133,133,133,135,135,139,139,143,147,151,151,151,155,155,159,159,163,163,165,165,169,169,173,177,181,181,181],"card_choices":[{"not_picked":["hierophant:OrnateBuckler","hierophant:MorningPrayer"],"picked":"hierophant:Refuge","floor":1},{"not_picked":["hierophant:Doomsaying","hierophant:Sermon"],"picked":"hierophant:PristineSoul","floor":3},{"not_picked":["hierophant:RepressedViolence","hierophant:PassingBell","hierophant:Alms"],"picked":"SKIP","floor":5},{"not_picked":["hierophant:Doubloon","hierophant:Repentance","hierophant:Shelter"],"picked":"SKIP","floor":7},{"not_picked":["hierophant:Dazzle","hierophant:Embezzle","hierophant:HammerAndAnvil"],"picked":"SKIP","floor":8},{"not_picked":["hierophant:RustyCrate","hierophant:Refuge","hierophant:ThreeLashes"],"picked":"SKIP","floor":10},{"not_picked":["hierophant:Doubloon","hierophant:MorningPrayer","hierophant:Bribe"],"picked":"SKIP","floor":10},{"not_picked":["hierophant:ArchangelShield","hierophant:Zeal"],"picked":"hierophant:HolyVerse","floor":13},{"not_picked":["hierophant:MorningPrayer","hierophant:OrnateBuckler","hierophant:Invocation"],"picked":"SKIP","floor":13},{"not_picked":["hierophant:HolyVerse","hierophant:Shelter+1"],"picked":"hierophant:Repentance","floor":18},{"not_picked":["hierophant:HammerAndAnvil","hierophant:Prophecy","hierophant:Encroach"],"picked":"SKIP","floor":18},{"not_picked":["hierophant:AuricBeam","hierophant:Empathy","hierophant:TollTheBells+1"],"picked":"SKIP","floor":19},{"not_picked":["hierophant:FaithHealing","hierophant:RepressedViolence","hierophant:Encroach"],"picked":"SKIP","floor":19},{"not_picked":["hierophant:SealAway+1","hierophant:Batter","hierophant:Glossolalia+1"],"picked":"SKIP","floor":20},{"not_picked":["hierophant:Shelter","hierophant:HammerAndAnvil","hierophant:Upheaval"],"picked":"SKIP","floor":20},{"not_picked":["hierophant:Exaltation","hierophant:Endure","hierophant:ConvertCurrency"],"picked":"Singing Bowl","floor":23},{"not_picked":["hierophant:EyeForCoin","hierophant:FlamingChariot+1","hierophant:RustyCrate"],"picked":"Singing Bowl","floor":25},{"not_picked":["hierophant:Doubloon","hierophant:AuricBeam","hierophant:RustyCrate"],"picked":"Singing Bowl","floor":25},{"not_picked":["hierophant:RecallFunds+1","hierophant:Remorse","hierophant:RustyCrate"],"picked":"Singing Bowl","floor":29},{"not_picked":["hierophant:Alms","hierophant:CoinFling"],"picked":"hierophant:Exaltation+1","floor":29},{"not_picked":["hierophant:Doubloon","hierophant:Refuge","hierophant:Smite+1"],"picked":"Singing Bowl","floor":31},{"not_picked":["hierophant:SecretStash+1","hierophant:TollTheBells+1","hierophant:Refuge"],"picked":"Singing Bowl","floor":31},{"not_picked":["hierophant:WrathOfGod","hierophant:DivineIntervention","hierophant:Kindle"],"picked":"Singing Bowl","floor":33},{"not_picked":["hierophant:OrnateBuckler","hierophant:Zeal","hierophant:LocustPlague"],"picked":"Singing Bowl","floor":35},{"not_picked":["hierophant:Sermon","hierophant:SealAway+1","hierophant:RepressedViolence+1"],"picked":"Singing Bowl","floor":35},{"not_picked":["hierophant:DisplayOfPower+1","hierophant:RepressedViolence"],"picked":"hierophant:Community+1","floor":36},{"not_picked":["hierophant:OrnateJavelin","hierophant:PassingBell+1"],"picked":"hierophant:Patience","floor":36},{"not_picked":["Sadistic Nature","Deep Breath","Master of Strategy"],"picked":"Singing Bowl","floor":38},{"not_picked":["jedi:cleanse","HandOfGreed","Dark Shackles"],"picked":"Singing Bowl","floor":38},{"not_picked":["Dramatic Entrance","Purity","Magnetism"],"picked":"Singing Bowl","floor":38},{"not_picked":["hierophant:Remorse+1","hierophant:Mercenaries+1"],"picked":"hierophant:Zeal+1","floor":40},{"not_picked":["hierophant:Doubloon","hierophant:Mercenaries","hierophant:Martyrdom+1"],"picked":"Singing Bowl","floor":41},{"not_picked":["infinitespire:Gouge","ReplayTheSpireMod:Black Plague","Replay:Fractal Strike"],"picked":"Singing Bowl","floor":42},{"not_picked":["hierophant:HammerAndAnvil","hierophant:SealAway+1"],"picked":"hierophant:Racketeering+1","floor":42},{"not_picked":["hierophant:FlamingChariot","hierophant:Encroach","hierophant:ConvertCurrency+1"],"picked":"Singing Bowl","floor":45},{"not_picked":["hierophant:AuricBeam","hierophant:DisplayOfPower","hierophant:SealAway+1"],"picked":"Singing Bowl","floor":45},{"not_picked":["hierophant:Embezzle","hierophant:ThreeLashes+1","hierophant:Doubloon+1"],"picked":"Singing Bowl","floor":46},{"not_picked":["hierophant:Remorse+1","hierophant:TollTheBells","hierophant:CursedGold+1"],"picked":"Singing Bowl","floor":46},{"not_picked":["hierophant:Kindle","hierophant:Generosity","hierophant:Invocation"],"picked":"Singing Bowl","floor":50},{"not_picked":["hierophant:RepressedViolence","hierophant:Encroach","hierophant:RustyCrate"],"picked":"Singing Bowl","floor":52},{"not_picked":["hierophant:Dazzle","hierophant:Shelter","hierophant:Glossolalia"],"picked":"Singing Bowl","floor":52},{"not_picked":["hierophant:Anathema","hierophant:FlamingChariot","hierophant:MorningPrayer"],"picked":"Singing Bowl","floor":54},{"not_picked":["hierophant:Repentance","hierophant:Encroach","hierophant:Purify"],"picked":"Singing Bowl","floor":54},{"not_picked":["hierophant:Smite","hierophant:Encroach","hierophant:DisplayOfPower"],"picked":"Singing Bowl","floor":55},{"not_picked":["hierophant:Embezzle","hierophant:DisplayOfPower"],"picked":"hierophant:HammerAndAnvil","floor":55},{"not_picked":["infinitespire:FinalStrike","infinitespire:Starlight"],"picked":"hubris:Rewind","floor":57},{"not_picked":["hierophant:DeathKnell","hierophant:Doubloon","hierophant:Zeal"],"picked":"Singing Bowl","floor":57},{"not_picked":["hierophant:Blessing","hierophant:FieryStrike","hierophant:BulkyChest"],"picked":"Singing Bowl","floor":59},{"not_picked":["hierophant:Remorse","hierophant:Purify","hierophant:MorningPrayer"],"picked":"Singing Bowl","floor":59},{"not_picked":["hierophant:Smite","hierophant:MirrorShield","hierophant:MorningPrayer"],"picked":"Singing Bowl","floor":63},{"not_picked":["hierophant:Encroach","hierophant:FieryStrike","hierophant:Determination"],"picked":"Singing Bowl","floor":63},{"not_picked":["hierophant:Generosity","hierophant:Anathema","hierophant:Levitation"],"picked":"Singing Bowl","floor":67},{"not_picked":["hierophant:AuricBeam","hierophant:FieryStrike","hierophant:MorningPrayer"],"picked":"Singing Bowl","floor":69},{"not_picked":["hierophant:Martyrdom","hierophant:DisplayOfPower","hierophant:Repentance"],"picked":"Singing Bowl","floor":69},{"not_picked":["hierophant:SealAway","hierophant:MorningPrayer","hierophant:Sermon"],"picked":"Singing Bowl","floor":71},{"not_picked":["hierophant:Doubloon","hierophant:Batter","hierophant:PassingBell+1"],"picked":"Singing Bowl","floor":71},{"not_picked":["hierophant:Alms+1","hierophant:ThreeLashes","hierophant:DisplayOfPower"],"picked":"Singing Bowl","floor":72},{"not_picked":["hierophant:Encroach","hierophant:Charity","hierophant:DisplayOfPower+1"],"picked":"Singing Bowl","floor":72},{"not_picked":["hierophant:ArchangelShield+1","hierophant:RepressedViolence","hierophant:Purify+1"],"picked":"Singing Bowl","floor":73},{"not_picked":["hierophant:OrnateBuckler+1","hierophant:PassingBell","hierophant:AuricBeam"],"picked":"Singing Bowl","floor":73},{"not_picked":["hierophant:MirrorShield","hierophant:PassingBell","hierophant:AuricShield"],"picked":"Singing Bowl","floor":76},{"not_picked":["hierophant:OrnateBuckler","hierophant:SealAway+1","hierophant:ThreeLashes+1"],"picked":"Singing Bowl","floor":76},{"not_picked":["hierophant:Dazzle+1","hierophant:Encroach","hierophant:FlamingChariot"],"picked":"Singing Bowl","floor":78},{"not_picked":["hierophant:AuricBeam","hierophant:SealAway","hierophant:Smite"],"picked":"Singing Bowl","floor":78},{"not_picked":["hierophant:TollTheBells+1","hierophant:MorningPrayer+1","hierophant:Rebuild"],"picked":"Singing Bowl","floor":80},{"not_picked":["hierophant:LocustPlague","hierophant:Charity","hierophant:FlamingChariot"],"picked":"Singing Bowl","floor":80},{"not_picked":["hierophant:MirrorShield","hierophant:AuricBeam"],"picked":"hierophant:Prophecy","floor":82},{"not_picked":["hierophant:AuricBeam","hierophant:PassingBell","hierophant:FlamingChariot"],"picked":"Singing Bowl","floor":82},{"not_picked":["infinitespire:TheBestDefense","hubris:Fate","infinitespire:FutureSight"],"picked":"Singing Bowl","floor":84},{"not_picked":["hierophant:Levitation","hierophant:MintersHammer","hierophant:BulkyChest"],"picked":"Singing Bowl","floor":84},{"not_picked":["hierophant:SealAway","hierophant:Sermon","hierophant:Dazzle+1"],"picked":"Singing Bowl","floor":86},{"not_picked":["hierophant:MorningPrayer+1","hierophant:SolarFlare+1","hierophant:FieryStrike"],"picked":"Singing Bowl","floor":86},{"not_picked":["hierophant:Smite","hierophant:Flagellation","hierophant:SealAway"],"picked":"Singing Bowl","floor":87},{"not_picked":["hierophant:Purify","hierophant:Prophecy+1","hierophant:CoinFling"],"picked":"Singing Bowl","floor":87},{"not_picked":["hierophant:FlamingChariot","hierophant:Refuge+1","hierophant:MorningPrayer"],"picked":"Singing Bowl","floor":88},{"not_picked":["hierophant:Empathy+1","hierophant:MirrorShield","hierophant:HammerAndAnvil"],"picked":"Singing Bowl","floor":88}],"player_experience":258071,"relics_obtained":[{"floor":9,"key":"Prayer Wheel"},{"floor":23,"key":"Gremlin Food"},{"floor":26,"key":"StuffTheSpire:Mouthbags"},{"floor":40,"key":"War Paint"},{"floor":41,"key":"Du-Vu Doll"},{"floor":42,"key":"Replay:Kaleidoscope"},{"floor":43,"key":"hubris:SlimyHat"},{"floor":49,"key":"Vajra"},{"floor":57,"key":"Boot"},{"floor":60,"key":"Mirror"},{"floor":66,"key":"Girya"},{"floor":77,"key":"Anchor"},{"floor":83,"key":"Orichalcum"}],"event_choices":[{"cards_removed":["hierophant:Strike_Hierophant"],"damage_healed":0,"gold_gain":0,"player_choice":"Purged","damage_taken":0,"max_hp_gain":0,"max_hp_loss":0,"event_name":"Purifier","floor":2,"gold_loss":0},{"damage_healed":0,"gold_gain":0,"player_choice":"Ignored","damage_taken":0,"max_hp_gain":0,"max_hp_loss":0,"event_name":"Liars Game","floor":12,"gold_loss":0},{"damage_healed":0,"gold_gain":0,"player_choice":"Ignored","damage_taken":0,"max_hp_gain":0,"max_hp_loss":0,"event_name":"Ghosts","floor":22,"gold_loss":0},{"damage_healed":0,"gold_gain":0,"player_choice":"Memory 3","damage_taken":10,"max_hp_gain":0,"max_hp_loss":0,"event_name":"SensoryStone","floor":38,"gold_loss":0},{"damage_healed":0,"gold_gain":0,"player_choice":"Fight","damage_taken":0,"max_hp_gain":0,"max_hp_loss":0,"event_name":"MindBloom","floor":41,"gold_loss":0},{"damage_healed":0,"gold_gain":0,"player_choice":"Ignored","damage_taken":0,"max_hp_gain":0,"max_hp_loss":0,"event_name":"NoteForYourself","floor":53,"gold_loss":0},{"damage_healed":0,"gold_gain":0,"player_choice":"Entered Light","damage_taken":26,"max_hp_gain":0,"max_hp_loss":0,"event_name":"Shining Light","floor":61,"gold_loss":0,"cards_upgraded":["hierophant:Glossolalia","hierophant:Punish"]},{"damage_healed":0,"gold_gain":0,"cards_transformed":["hierophant:Sermon"],"player_choice":"Transformed","damage_taken":0,"max_hp_gain":0,"max_hp_loss":0,"event_name":"Transmorgrifier","floor":62,"gold_loss":0,"cards_obtained":["hierophant:BulkyChest"]},{"damage_healed":0,"gold_gain":0,"player_choice":"Forge","damage_taken":0,"max_hp_gain":0,"max_hp_loss":0,"event_name":"Accursed Blacksmith","floor":65,"gold_loss":0,"cards_upgraded":["hierophant:Repentance"]},{"damage_healed":0,"gold_gain":0,"player_choice":"Fight","damage_taken":0,"max_hp_gain":0,"max_hp_loss":0,"event_name":"Mysterious Sphere","floor":89,"gold_loss":0}],"is_beta":false,"boss_relics":[{"not_picked":["jedi:battlestandard","hubris:GrandSneckoEye"],"picked":"Astrolabe"},{"not_picked":["Sozu","Velvet Choker"],"picked":"LagranYue:SoulBurningRelic"},{"not_picked":["LagranYue:ContractPerformanceRelic","hubris:TerracottaHorce"],"picked":"Replay:Wanted Poster"},{"not_picked":["aspiration:FutureDiary","hubris:CrackedHourglass"],"picked":"conspire:SpecialSausage"},{"not_picked":["aspiration:WatcherSkillbook","ChewingGum"],"picked":"SacredBark"}],"items_purged_floors":[28,30,37,48,56,70,75,79,81],"is_endless":true,"potions_floor_spawned":[5,7,13,20,29,40,41,42,45,46,59,67,72,73,76,78,80,84],"killed_by":"2 Orb Walkers","ascension_level":0}}