{"host":"qie2g20yrau14p9p","time":1611008491,"event":{"mods":["BaseMod","Downfall","Minty Spire (QoL Compilation)","Replay The Spire","StSLib","The Cursed","The Necromancer","The Runesmith"],"gold_per_floor":[99,99,99,99,99,99,99,126,126,145,145,80,98,117,127,225,225,225,239,239,239,258,271,271,271,285,285,285,285],"floor_reached":27,"playtime":2972,"items_purged":[],"score":236,"play_id":"c7db28cf-3764-44bd-a53f-f69455ab0699","local_time":"20210118162131","is_ascension_mode":false,"campfire_choices":[{"floor":1,"key":"RECALL"},{"data":"champ:Aggression","floor":6,"key":"SMITH"},{"data":"champ:Taunt","floor":9,"key":"SMITH"},{"data":"champ:DefensiveStyle","floor":11,"key":"SMITH"},{"data":"champ:Strike","floor":18,"key":"SMITH"},{"data":"champ:Strike","floor":18,"key":"SMITH"},{"floor":25,"key":"REST"}],"circlet_count":0,"master_deck":["champ:Strike","champ:Strike","champ:Strike+1","champ:Strike+1","champ:Defend","champ:Defend","champ:Defend","champ:Defend+1","champ:Execute","champ:Taunt+1","champ:Aggression+1","champ:BerserkersShout","champ:Haymaker","champ:DefensiveStyle+1","champ:StanceDance","Twin Strike","ReplayTheSpireMod:Muscle Training","champ:RisingSlash","champ:DefensiveShout","champ:DancingMaster","CurseOfTheBell","champ:HeartStrike","champ:FlashCut","champ:Circumvent+1","champ:SkillfulDodge"],"relics":["downfall:HeartsMalice","m_IronCrown","Calling Bell","Runesmith:AutoHammer","Replay:Bottled Snecko","Replay:Arrowhead","downfall:RedIOU","Pondfish Scales"],"acts_visited":["Exordium","TheCity"],"potions_floor_usage":[15,16,16,16],"damage_taken":[{"damage":0,"enemies":"2 Louse","floor":2,"turns":1},{"damage":0,"enemies":"Jaw Worm","floor":5,"turns":1},{"damage":0,"enemies":"3 Sentries","floor":8,"turns":1},{"damage":23,"enemies":"Small Slimes","floor":10,"turns":4},{"damage":12,"enemies":"downfall:FleeingMerchant","floor":12,"turns":4},{"damage":8,"enemies":"3 Louse","floor":13,"turns":4},{"damage":21,"enemies":"Large Slime","floor":14,"turns":6},{"damage":13,"enemies":"Gremlin Gang","floor":15,"turns":5},{"damage":92,"enemies":"downfall:Defect","floor":16,"turns":7},{"damage":13,"enemies":"Chosen","floor":19,"turns":5},{"damage":10,"enemies":"Spheric Guardian","floor":22,"turns":4},{"damage":59,"enemies":"Centurion and Healer","floor":23,"turns":6},{"damage":24,"enemies":"Chosen and Byrds","floor":26,"turns":7},{"damage":0,"enemies":"Slavers","floor":27,"turns":1}],"seed_played":"2304853209415282512","potions_obtained":[{"floor":10,"key":"champ:CounterPotion"},{"floor":13,"key":"DistilledChaos"},{"floor":14,"key":"Adrenaline Potion"},{"floor":15,"key":"champ:TechniquePotion"},{"floor":22,"key":"champ:OpenerPotion"},{"floor":23,"key":"FearPotion"}],"is_trial":false,"path_per_floor":["R","M","?","?","M","R","T","E","R","M","R","$","M","M","M","B",null,"R","M","?","?","M","M","T","R","M","E"],"character_chosen":"THE_CHAMP","items_purchased":["Twin Strike"],"campfire_rested":1,"item_purchase_floors":[12],"current_hp_per_floor":[90,90,90,90,90,90,90,90,90,84,84,90,90,79,83,23,90,90,83,83,83,79,57,57,84,66,66,66,66],"gold":285,"neow_bonus":"THREE_ENEMY_KILL","is_daily":false,"chose_seed":false,"campfire_upgraded":5,"win_rate":0.0,"timestamp":1611008491,"path_taken":["R","M","?","?","M","R","T","E","R","M","R","$","M","M","M","BOSS","R","M","?","?","M","M","T","R","M","E"],"items_purchased_type":["Card"],"build_version":"2020-12-13","purchased_purges":0,"victory":false,"max_hp_per_floor":[90,90,90,90,90,90,90,90,90,90,90,90,90,90,90,90,90,90,90,90,90,90,90,90,90,90,90,90,90],"card_choices":[{"not_picked":["champ:FlashCut","champ:ViciousMockery"],"picked":"champ:Aggression","floor":2},{"not_picked":["champ:FalseCounter","champ:IronFortress"],"picked":"champ:BerserkersShout","floor":5},{"not_picked":["champ:Control","champ:FlashCut"],"picked":"champ:Haymaker","floor":8},{"not_picked":["champ:GutPunch","Heavy Blade"],"picked":"champ:DefensiveStyle","floor":10},{"not_picked":["champ:Circumvent","champ:TornadoPunch"],"picked":"champ:StanceDance","floor":12},{"not_picked":["champ:Haymaker","ReplayTheSpireMod:LeadingStrike"],"picked":"ReplayTheSpireMod:Muscle Training","floor":13},{"not_picked":["champ:BladeFlurry","champ:BringItOn"],"picked":"champ:RisingSlash","floor":14},{"not_picked":["champ:CalledShot","Feed"],"picked":"champ:DefensiveShout","floor":15},{"not_picked":["champ:MurderStrike","champ:Devastate"],"picked":"champ:DancingMaster","floor":16},{"not_picked":["champ:StanceDance","champ:CrookedStrike"],"picked":"champ:HeartStrike","floor":19},{"not_picked":["champ:RisingSlash","champ:BladeFlurry"],"picked":"champ:FlashCut","floor":22},{"not_picked":["champ:TornadoPunch","champ:Shatter+1"],"picked":"champ:Circumvent+1","floor":23},{"not_picked":["champ:BladeFlurry","champ:BringItOn+1"],"picked":"champ:SkillfulDodge","floor":26}],"player_experience":29791,"relics_obtained":[{"floor":8,"key":"Boot"},{"floor":17,"key":"Runesmith:AutoHammer"},{"floor":17,"key":"Replay:Bottled Snecko"},{"floor":17,"key":"Replay:Arrowhead"},{"floor":24,"key":"Pondfish Scales"}],"event_choices":[],"is_beta":false,"boss_relics":[{"not_picked":["Empty Cage","Replay:Drink Me"],"picked":"Calling Bell"}],"items_purged_floors":[],"is_endless":false,"potions_floor_spawned":[10,13,14,15,22,23],"killed_by":"Slavers","ascension_level":0}}