{"host":"55frs1flqhuyvvn7","time":1611001407,"event":{"mods":["Act Like it!","Aspiration","BaseMod","BetterRewards","Colored Map","Colored Powertips","DeckTracker","Downfall","Hallownest","Hermit","Highlight Path","Hubris","Infinite Spire","Jorbs\u0027s Wanderer Trilogy","Marisa????????","Minty Spire (QoL Compilation)","Quick Restart","Random Character Button","Rare Cards Sparkle","Relic Sorter","StSLib","Synergy Search","The Bug Knight","The Construct","The Cursed","The Disciple","The Hierophant","The Jungle","The Necromancer","The Runesmith","The Servant 0.9.4"],"gold_per_floor":[116,116,116,130,140,140,140,140,140,153,153,169,182,67,67,163,163,181,200,200,212,228,228,228,228],"floor_reached":24,"language":"ENG","playtime":2037,"items_purged":["HollowMod:QuickDashStart"],"score":290,"play_id":"7dfd8798-130e-4fd1-9e62-eed53de5434b","local_time":"20210118212327","is_ascension_mode":false,"campfire_choices":[{"data":"HollowMod:SlysStrikes","floor":6,"key":"SMITH"},{"floor":8,"key":"REST"},{"data":"HollowMod:SoulEater","floor":11,"key":"SMITH"},{"data":"HollowMod:MonarchWings","floor":15,"key":"SMITH"},{"floor":23,"key":"REST"}],"circlet_count":0,"master_deck":["HollowMod:NailStrikeStart","HollowMod:NailStrikeStart","HollowMod:NailStrikeStart","HollowMod:QuickDashStart","HollowMod:QuickDashStart","HollowMod:QuickDashStart","HollowMod:FocusHealStart","HollowMod:PogoStrike","HollowMod:CoiledNail","HollowMod:ChannelNail","HollowMod:SoulEater+1","HollowMod:GoodIntentions","HollowMod:MothsMistake","infinitespire:Punishment","HollowMod:DoubleDash","HollowMod:SlysStrikes+1","HollowMod:FastStrike","HollowMod:MonarchWings+1","HollowMod:CoiledNail","HollowMod:MothsMistake","HollowMod:LifebloodCore","HollowMod:RecoilStrike","HollowMod:NewGlowingWomb","HollowMod:CycloneSlash+1","HollowMod:CycloneSlash+1"],"relics":["HollowMod:VesselMask","hubris:CuriousFeather","Bottled Flame","Runic Dome"],"acts_visited":["Exordium","Hallownest:Greenpath"],"potions_floor_usage":[16,16,22,24],"damage_taken":[{"damage":6,"enemies":"2_ Uuma","floor":1,"turns":7},{"damage":0,"enemies":"Hallownest:monsterHuskWarrior","floor":4,"turns":1},{"damage":0,"enemies":"Hallownest:2_MossCreeps","floor":5,"turns":3},{"damage":13,"enemies":"Hallownest:Guard_and_Warrior","floor":10,"turns":4},{"damage":10,"enemies":"Hallownest:1_Ooma_and_2_Uuma","floor":12,"turns":5},{"damage":4,"enemies":"Hallownest:Wandering_and_Horned","floor":13,"turns":4},{"damage":50,"enemies":"Hallownest:BossFalseKnight","floor":16,"turns":8},{"damage":10,"enemies":"Hallownest:Guard_and_Sentry","floor":18,"turns":5},{"damage":2,"enemies":"Hallownest:Flukemon_and_Top","floor":19,"turns":5},{"damage":36,"enemies":"Hallownest:3_Mistakes","floor":21,"turns":6},{"damage":15,"enemies":"Hallownest:Warrior_and_Youth","floor":22,"turns":5},{"damage":56,"enemies":"Nightmare","floor":24,"turns":4}],"seed_played":"-8965848954476835100","potions_obtained":[{"floor":1,"key":"Regen Potion"},{"floor":10,"key":"ColorlessPotion"},{"floor":21,"key":"SkillPotion"},{"floor":22,"key":"Weak Potion"}],"is_trial":false,"path_per_floor":["M","?","?","M","M","R","T","R","T","M","R","M","M","$","R","B",null,"M","M","?","M","M","R","NM"],"character_chosen":"THE_BUGKNIGHT","items_purchased":["HollowMod:CoiledNail","HollowMod:ChannelNail","HollowMod:SoulEater","HollowMod:GoodIntentions","HollowMod:MothsMistake"],"campfire_rested":2,"item_purchase_floors":[0,0,0,0,14],"current_hp_per_floor":[75,57,47,47,53,53,53,75,75,68,68,64,66,66,66,37,75,65,69,69,33,18,40,0,0],"gold":228,"neow_bonus":"","is_daily":false,"chose_seed":false,"campfire_upgraded":3,"win_rate":0.0,"timestamp":1611001407,"path_taken":["M","?","?","?","M","R","?","R","T","?","R","M","M","?","R","BOSS","M","M","?","M","M","R","NM"],"items_purchased_type":["Card","Card","Card","Card","Card"],"build_version":"2020-12-22","purchased_purges":1,"victory":false,"max_hp_per_floor":[75,75,75,75,75,75,75,75,75,75,75,75,75,75,75,75,75,75,75,75,75,75,75,75,75],"card_choices":[{"not_picked":["HollowMod:DesolateDive","HollowMod:InfectedAttack"],"picked":"HollowMod:MothsMistake","floor":1},{"not_picked":["infinitespire:NeuralNetwork","infinitespire:Gouge"],"picked":"infinitespire:Punishment","floor":2},{"not_picked":["HollowMod:TaintedHusks","HollowMod:SharpenedNail"],"picked":"HollowMod:DoubleDash","floor":4},{"not_picked":["HollowMod:DoubleDash","HollowMod:MothsMistake"],"picked":"HollowMod:SlysStrikes","floor":5},{"not_picked":["HollowMod:SoulShaman","HollowMod:CloakDash"],"picked":"HollowMod:FastStrike","floor":10},{"not_picked":["HollowMod:SoulVessel","HollowMod:CornifersMapStart"],"picked":"HollowMod:MonarchWings","floor":12},{"not_picked":["HollowMod:NewLittleFool","HollowMod:DoubleDash"],"picked":"HollowMod:CoiledNail","floor":13},{"not_picked":["HollowMod:ZotesMagnificence","HollowMod:HornetsHelp"],"picked":"HollowMod:LifebloodCore","floor":16},{"not_picked":["HollowMod:SiblingsShadow","HollowMod:PerfectDash"],"picked":"HollowMod:RecoilStrike","floor":18},{"not_picked":["HollowMod:CloakDash","HollowMod:ChannelNail"],"picked":"HollowMod:NewGlowingWomb","floor":19},{"not_picked":["HollowMod:PureNailStrike","HollowMod:ShapeofUnn"],"picked":"HollowMod:CycloneSlash+1","floor":21},{"not_picked":["HollowMod:WraithStrike","HollowMod:HeavyBlow"],"picked":"HollowMod:CycloneSlash+1","floor":22}],"player_experience":101661,"relics_obtained":[{"floor":7,"key":"hubris:CuriousFeather"},{"floor":9,"key":"Bottled Flame"}],"event_choices":[],"is_beta":false,"boss_relics":[{"not_picked":["hubris:BlackHole","hubris:CrackedHourglass"],"picked":"Runic Dome"}],"items_purged_floors":[14],"is_endless":false,"potions_floor_spawned":[1,10,21,22],"killed_by":"Nightmare","ascension_level":0}}