{"host":"5ty8fyb0ngp9gspj","time":1611014039,"event":{"mods":["2.2 Compatiblity","AchievementEnabler","Act Like it!","BaseMod","Colored Map","Downfall","Minty Spire (QoL Compilation)","Rare Cards Sparkle","Relic Stats","StSLib","The Jungle","slay the spire mod where everything is the same but ironclad has a cowboy hat"],"gold_per_floor":[99,113,130,144,161,6,60,60,72,72,72,107,7,35,47,151,151,151,167,167,183,183,183,208,208,208,228,228,144,144,144],"floor_reached":30,"language":"ENG","playtime":1251,"items_purged":[],"score":299,"play_id":"2e1ea0ec-82a2-44a3-92bb-9d5cbcb5e9ba","local_time":"20210119105359","is_ascension_mode":true,"campfire_choices":[{"data":"bronze:Replicate","floor":1,"key":"SMITH"},{"data":"bronze:Mutator","floor":10,"key":"SMITH"},{"data":"bronze:Constructor","floor":13,"key":"SMITH"},{"data":"bronze:Goto","floor":18,"key":"SMITH"},{"data":"bronze:ClassDefault","floor":23,"key":"SMITH"}],"circlet_count":0,"master_deck":["bronze:Strike","bronze:Defend","bronze:Defend","bronze:Defend","bronze:Defend","bronze:Replicate+1","bronze:Goto+1","bronze:CutThrough","bronze:Constructor+1","bronze:Overheat","bronze:DelayedSlice","bronze:Mutator+1","bronze:Separator","Parasite","bronze:ThunderWave","bronze:ItsAFeature","bronze:ShipIt","bronze:Boost+1","bronze:ClassDefault+1","bronze:Frontload","Shame","bronze:WildBeam+1","bronze:Terminator"],"relics":["bronze:BronzeCore","Bag of Preparation","downfall:HeartBlessingBlue","sneckomod:BlankCard","Black Star","theJungle:SpiritDisease","Spirit Poop","theJungle:WildStrawberry","Shovel","theJungle:SneckoAutograph","Sling"],"acts_visited":["Exordium","Exordium"],"potions_floor_usage":[16,16,29],"damage_taken":[{"damage":2,"enemies":"2 Louse","floor":2,"turns":3},{"damage":6,"enemies":"Jaw Worm","floor":3,"turns":2},{"damage":2,"enemies":"Small Slimes","floor":4,"turns":3},{"damage":2,"enemies":"2 Fungi Beasts","floor":5,"turns":4},{"damage":5,"enemies":"downfall:FleeingMerchant","floor":6,"turns":4},{"damage":1,"enemies":"3 Louse","floor":9,"turns":2},{"damage":10,"enemies":"Gremlin Nob","floor":12,"turns":3},{"damage":17,"enemies":"Lagavulin","floor":14,"turns":7},{"damage":7,"enemies":"Large Slime","floor":15,"turns":6},{"damage":39,"enemies":"WA_ARCHETYPE_RETAIN","floor":16,"turns":8},{"damage":17,"enemies":"theJungle:5_Spyders","floor":19,"turns":5},{"damage":31,"enemies":"theJungle:GiantWrat","floor":21,"turns":6},{"damage":14,"enemies":"theJungle:Snecko_Cultist_And_Trap","floor":27,"turns":5},{"damage":1,"enemies":"downfall:FleeingMerchant","floor":29,"turns":4},{"damage":22,"enemies":"theJungle:2_Snecko_Cultists","floor":30,"turns":2}],"seed_played":"-4210850071373527154","potions_obtained":[{"floor":2,"key":"PowerPotion"},{"floor":5,"key":"Block Potion"},{"floor":9,"key":"CultistPotion"},{"floor":16,"key":"bronze:FreeFunctionsPotion"},{"floor":27,"key":"hexamod:SoulburnPotion"}],"is_trial":false,"path_per_floor":["R","M","M","M","M","$","T","?","M","R","?","E","R","E","M","B",null,"R","M","?","M","?","R","T","?","?","M","?","$","M"],"character_chosen":"THE_AUTOMATON","items_purchased":["bronze:Mutator","bronze:Terminator"],"campfire_rested":0,"item_purchase_floors":[6,29],"current_hp_per_floor":[63,61,55,53,51,46,46,46,45,45,66,56,66,49,42,3,94,94,77,77,46,59,59,59,52,36,22,22,21,0,0],"gold":144,"neow_bonus":"TWENTY_PERCENT_HP_BONUS","is_daily":false,"chose_seed":false,"campfire_upgraded":5,"win_rate":0.0,"timestamp":1611014039,"path_taken":["R","M","M","M","M","$","T","?","M","R","?","E","R","E","M","BOSS","R","M","?","M","?","R","T","?","?","M","?","?","M"],"items_purchased_type":["Card","Card"],"build_version":"2020-12-22","purchased_purges":0,"victory":false,"max_hp_per_floor":[84,84,84,84,84,84,84,84,84,84,84,84,94,94,94,94,94,94,94,94,94,94,94,94,101,101,101,101,101,101,101],"relic_stats":{"Shovel":0,"counters":[15,64],"Bag of Preparation":[16],"Black Star":0,"obtain_stats":[{"theJungle:SneckoAutograph":28,"bronze:BronzeCore":0,"Shovel":26,"downfall:HeartBlessingBlue":13,"sneckomod:BlankCard":14,"Spirit Poop":24,"Bag of Preparation":12,"Black Star":17,"theJungle:SpiritDisease":20,"theJungle:WildStrawberry":25,"Sling":29},{"theJungle:SneckoAutograph":13,"bronze:BronzeCore":0,"Shovel":12,"downfall:HeartBlessingBlue":7,"sneckomod:BlankCard":8,"Spirit Poop":12,"Bag of Preparation":7,"Black Star":10,"theJungle:SpiritDisease":11,"theJungle:WildStrawberry":12,"Sling":14},{"theJungle:SneckoAutograph":58,"bronze:BronzeCore":0,"Shovel":53,"downfall:HeartBlessingBlue":21,"sneckomod:BlankCard":28,"Spirit Poop":53,"Bag of Preparation":21,"Black Star":42,"theJungle:SpiritDisease":47,"theJungle:WildStrawberry":53,"Sling":62}]},"card_choices":[{"not_picked":["bronze:Refactor","bronze:Deprecate"],"picked":"bronze:CutThrough","floor":2},{"not_picked":["bronze:ClassDefault","bronze:BuggyMess","bronze:Backtrace"],"picked":"SKIP","floor":3},{"not_picked":["bronze:CutThrough","bronze:BitShift"],"picked":"bronze:Constructor","floor":4},{"not_picked":["bronze:OilSpill","bronze:Return"],"picked":"bronze:Overheat","floor":5},{"not_picked":["bronze:DarkDash","bronze:Fortify"],"picked":"bronze:DelayedSlice","floor":6},{"not_picked":["bronze:ItsAFeature","bronze:BugBarrage"],"picked":"bronze:Separator","floor":9},{"not_picked":["bronze:Shield","bronze:OilSpill"],"picked":"bronze:ThunderWave","floor":12},{"not_picked":["bronze:Optimize","bronze:FineTuning"],"picked":"bronze:CleanCode","floor":14},{"not_picked":["bronze:NullPointer","bronze:BuggyMess"],"picked":"bronze:ItsAFeature","floor":15},{"not_picked":["bronze:HyperBeam","bronze:SpaghettiCode"],"picked":"bronze:ShipIt","floor":16},{"not_picked":["bronze:FineTuning+1","bronze:Separator"],"picked":"bronze:Boost+1","floor":19},{"not_picked":["bronze:Separator","bronze:Overheat"],"picked":"bronze:ClassDefault","floor":21},{"not_picked":["bronze:Constructor","bronze:ForceShield"],"picked":"bronze:Frontload","floor":27},{"not_picked":["bronze:Iterate+1","bronze:Shield"],"picked":"bronze:WildBeam+1","floor":29}],"player_experience":401907,"relics_obtained":[{"floor":12,"key":"Bag of Preparation"},{"floor":14,"key":"sneckomod:BlankCard"},{"floor":24,"key":"Spirit Poop"}],"event_choices":[{"damage_healed":21,"gold_gain":0,"player_choice":"Healed and dodged fight","damage_taken":0,"max_hp_gain":0,"max_hp_loss":0,"event_name":"Mushrooms","floor":11,"gold_loss":0,"cards_obtained":["Parasite"]}],"is_beta":false,"boss_relics":[{"not_picked":["Snecko Eye","SlaversCollar"],"picked":"Black Star"}],"items_purged_floors":[],"is_endless":false,"potions_floor_spawned":[2,5,9,16,27],"killed_by":"theJungle:2_Snecko_Cultists","ascension_level":1}}