{"host":"7tvb1em0d2fx72q7","time":1611011923,"event":{"mods":["BaseMod","Challenge The Spire","Minty Spire (QoL Compilation)","StSLib","everything is the same but u backflip on backflip"],"gold_per_floor":[113,113,113,133,152,172,182,200,226,243,243,277,291,24,24,99,99,117,117,130,156,156,183,183,8,8,27,27,44,44,44,44,118,118,132,147,97,116,141,141,141],"floor_reached":40,"language":"ENG","playtime":2153,"items_purged":[],"score":870,"play_id":"7c5db480-3a36-4685-9a7a-f3f2e3d578d4","local_time":"20210118181843","is_ascension_mode":true,"campfire_choices":[{"data":"Rip and Tear","floor":11.0,"key":"SMITH"},{"data":"Defragment","floor":15.0,"key":"SMITH"},{"floor":24.0,"key":"REST"},{"floor":32.0,"key":"REST"}],"circlet_count":0,"master_deck":["AscendersBane","Strike_B+1","Defend_B+1","Defend_B+1","Defend_B+1","Defend_B+1","Zap","Dualcast","BootSequence","Coolheaded","Leap","Redo","Loop","Rebound","Rip and Tear+1","Compile Driver","Beam Cell","Defragment+1","Rainbow","Electrodynamics","Force Field+1","All For One+1","Sunder+1","Defragment+1","Defragment+1","Heatsinks+1","Capacitor","Glacier","Consume","Echo Form","Static Discharge","Chaos+1","Redo"],"relics":["Cracked Core","Omamori","Juzu Bracelet","Astrolabe","Lantern","Molten Egg 2","Nloth\u0027s Gift","Velvet Choker","StoneCalendar"],"acts_visited":["Exordium","TheCity","TheBeyond"],"potions_floor_usage":[35],"damage_taken":[{"damage":0.0,"enemies":"Cultist","floor":1.0,"turns":3.0},{"damage":2.0,"enemies":"Jaw Worm","floor":4.0,"turns":2.0},{"damage":0.0,"enemies":"2 Louse","floor":5.0,"turns":2.0},{"damage":4.0,"enemies":"Exordium Wildlife","floor":6.0,"turns":6.0},{"damage":4.0,"enemies":"Exordium Thugs","floor":7.0,"turns":6.0},{"damage":15.0,"enemies":"Blue Slaver","floor":8.0,"turns":5.0},{"damage":7.0,"enemies":"Red Slaver","floor":10.0,"turns":5.0},{"damage":9.0,"enemies":"Lagavulin","floor":12.0,"turns":11.0},{"damage":0.0,"enemies":"Large Slime","floor":13.0,"turns":4.0},{"damage":29.0,"enemies":"Hexaghost","floor":16.0,"turns":8.0},{"damage":16.0,"enemies":"Shell Parasite","floor":18.0,"turns":8.0},{"damage":7.0,"enemies":"2 Thieves","floor":20.0,"turns":4.0},{"damage":14.0,"enemies":"Slavers","floor":23.0,"turns":4.0},{"damage":22.0,"enemies":"Cultist and Chosen","floor":27.0,"turns":6.0},{"damage":21.0,"enemies":"Centurion and Healer","floor":29.0,"turns":7.0},{"damage":13.0,"enemies":"Champ","floor":33.0,"turns":13.0},{"damage":21,"enemies":"3 Darklings","floor":35,"turns":3},{"damage":1,"enemies":"3 Shapes","floor":36,"turns":3},{"damage":40,"enemies":"Sphere and 2 Shapes","floor":38,"turns":8},{"damage":0,"enemies":"Mind Bloom Boss Battle","floor":39,"turns":9},{"damage":29,"enemies":"Nemesis","floor":40,"turns":2}],"seed_played":"-8116640965849718466","potions_obtained":[{"floor":4.0,"key":"BlessingOfTheForge"},{"floor":5.0,"key":"PowerPotion"},{"floor":8.0,"key":"SpeedPotion"},{"floor":16.0,"key":"Weak Potion"},{"floor":18.0,"key":"Block Potion"},{"floor":29.0,"key":"Explosive Potion"},{"floor":33.0,"key":"LiquidBronze"},{"floor":39,"key":"Ancient Potion"}],"is_trial":false,"path_per_floor":["M","?","?","M","M","M","M","M","T","M","R","E","M","$","R","B",null,"M","?","M","T","?","E","R","$","T","M","?","M","?","?","R","B",null,"M","M","?","M","?","E"],"character_chosen":"DEFECT","items_purchased":["Defragment","LiquidBronze","Rainbow","Capacitor","DuplicationPotion","Block Potion"],"campfire_rested":2,"item_purchase_floors":[14,14,14,25,25,25],"current_hp_per_floor":[64,64,81,79,79,75,71,56,56,49,49,40,40,40,40,11,64,48,48,41,41,41,27,51,51,51,29,29,8,8,8,32,19,66,45,44,44,4,4,0,0],"gold":141,"neow_bonus":"ONE_RANDOM_RARE_CARD","is_daily":false,"chose_seed":false,"campfire_upgraded":2,"win_rate":0.0,"timestamp":1611011923,"path_taken":["M","?","?","M","?","M","M","M","T","M","R","E","M","$","R","BOSS","M","?","M","?","?","E","R","$","T","M","?","M","?","?","R","BOSS","M","M","?","M","?","E"],"items_purchased_type":["Card","Potion","Card","Card","Potion","Potion"],"build_version":"2020-12-22","purchased_purges":0,"victory":false,"max_hp_per_floor":[71,71,81,81,81,81,81,81,81,81,81,81,81,81,81,81,81,81,81,81,81,81,81,81,81,81,81,81,81,81,81,81,81,81,81,81,81,81,81,81,81],"card_choices":[{"not_picked":["Rebound","Loop"],"picked":"BootSequence","floor":1.0},{"not_picked":["Barrage","Tempest"],"picked":"Coolheaded","floor":4.0},{"not_picked":["Hologram","Conserve Battery"],"picked":"Leap","floor":5.0},{"not_picked":["Blizzard","Double Energy"],"picked":"Redo","floor":6.0},{"not_picked":["Blizzard","Turbo"],"picked":"Loop","floor":7.0},{"not_picked":["Recycle","Turbo"],"picked":"Rebound","floor":8.0},{"not_picked":["Leap","Double Energy"],"picked":"Rip and Tear","floor":10.0},{"not_picked":["Stack","Recycle"],"picked":"Compile Driver","floor":12.0},{"not_picked":["Leap","Reinforced Body"],"picked":"Beam Cell","floor":13.0},{"not_picked":["Amplify","Hyperbeam"],"picked":"Electrodynamics","floor":16.0},{"not_picked":["Cold Snap","Genetic Algorithm"],"picked":"Defragment","floor":18.0},{"not_picked":["Conserve Battery+1","Beam Cell","Lockon"],"picked":"SKIP","floor":20.0},{"not_picked":["Stack","Fusion"],"picked":"Heatsinks+1","floor":23.0},{"not_picked":["Beam Cell+1","Sunder+1"],"picked":"Glacier","floor":27.0},{"not_picked":["Redo","Rip and Tear+1"],"picked":"Consume","floor":29.0},{"not_picked":["Meteor Strike+1","All For One+1"],"picked":"Echo Form","floor":33.0},{"not_picked":["Sweeping Beam+1","Darkness","Melter+1"],"picked":"SKIP","floor":35},{"not_picked":["Steam","Rebound+1"],"picked":"Static Discharge","floor":36},{"not_picked":["Skim","FTL+1"],"picked":"Chaos+1","floor":38},{"not_picked":["Blizzard+1","Chaos"],"picked":"Redo","floor":39}],"player_experience":1932315,"relics_obtained":[{"floor":9.0,"key":"Omamori"},{"floor":12.0,"key":"Juzu Bracelet"},{"floor":21.0,"key":"Lantern"},{"floor":23.0,"key":"Ancient Tea Set"},{"floor":26.0,"key":"Molten Egg 2"},{"floor":39,"key":"StoneCalendar"}],"event_choices":[{"damage_healed":0.0,"max_hp_gain":0.0,"max_hp_loss":0.0,"gold_gain":0.0,"event_name":"Liars Game","player_choice":"Ignored","floor":2.0,"gold_loss":0.0,"damage_taken":0.0},{"cards_removed":["Fission"],"damage_healed":7.0,"max_hp_gain":10.0,"max_hp_loss":0.0,"gold_gain":0.0,"event_name":"Bonfire Elementals","player_choice":"Offered Rare","floor":3.0,"gold_loss":0.0,"damage_taken":0.0},{"damage_healed":0.0,"max_hp_gain":0.0,"max_hp_loss":0.0,"gold_gain":0.0,"event_name":"Back to Basics","player_choice":"Simplicity","floor":19.0,"gold_loss":0.0,"damage_taken":0.0,"cards_upgraded":["Strike_B","Defend_B","Defend_B","Defend_B","Defend_B"]},{"damage_healed":0.0,"max_hp_gain":0.0,"max_hp_loss":0.0,"gold_gain":0.0,"event_name":"The Library","player_choice":"Read","floor":22.0,"gold_loss":0.0,"damage_taken":0.0,"cards_obtained":["Defragment"]},{"damage_healed":0.0,"max_hp_gain":0.0,"max_hp_loss":0.0,"gold_gain":0.0,"event_name":"Upgrade Shrine","player_choice":"Upgraded","floor":28.0,"gold_loss":0.0,"damage_taken":0.0,"cards_upgraded":["Defragment"]},{"damage_healed":0.0,"max_hp_gain":0.0,"max_hp_loss":0.0,"gold_gain":0.0,"event_name":"Forgotten Altar","player_choice":"Smashed Altar","floor":30.0,"gold_loss":0.0,"damage_taken":0.0,"cards_obtained":["Decay"]},{"damage_healed":0.0,"max_hp_gain":0.0,"max_hp_loss":0.0,"gold_gain":0.0,"event_name":"N\u0027loth","player_choice":"Traded Relic","floor":31.0,"relics_lost":["Ancient Tea Set"],"gold_loss":0.0,"damage_taken":0.0,"relics_obtained":["Nloth\u0027s Gift"]},{"damage_healed":0,"gold_gain":0,"player_choice":"Upgrade","damage_taken":0,"max_hp_gain":0,"max_hp_loss":0,"event_name":"Designer","floor":37,"gold_loss":50,"cards_upgraded":["Defragment"]},{"damage_healed":0,"gold_gain":0,"player_choice":"Fight","damage_taken":0,"max_hp_gain":0,"max_hp_loss":0,"event_name":"MindBloom","floor":39,"gold_loss":0}],"is_beta":false,"boss_relics":[{"not_picked":["SlaversCollar","Sozu"],"picked":"Astrolabe"},{"not_picked":["Empty Cage","Calling Bell"],"picked":"Velvet Choker"}],"items_purged_floors":[],"is_endless":false,"potions_floor_spawned":[1,4,5,8,16,18,29,33,39],"killed_by":"Nemesis","ascension_level":20}}