{"host":"dhlnk6yox2l1s6up","time":1611009888,"event":{"mods":["BaseMod","Colored Map","Highlight Path","Minty Spire (QoL Compilation)","Relic Stats","StSLib"],"gold_per_floor":[113,2,20,46,62,62,95,108,108,108,136,150,150,150,150,255,255,269,285,9,9,28,62,82,113,137,137,153,153,153,33,33,135,135,155,203,203,223,235,235,263,278,278,24,24,42,42,42,42,42,42,42,42,75,75,75],"floor_reached":55,"language":"ENG","playtime":3692,"items_purged":["Defend_G"],"score":1113,"play_id":"3c8d702b-1d99-4b41-b9ff-20e3d41d24d4","local_time":"20210118164448","is_ascension_mode":true,"campfire_choices":[{"data":"Dash","floor":6,"key":"SMITH"},{"data":"Accuracy","floor":10,"key":"SMITH"},{"data":"Blade Dance","floor":15,"key":"SMITH"},{"data":"Well Laid Plans","floor":27,"key":"SMITH"},{"floor":29,"key":"REST"},{"data":"Footwork","floor":32,"key":"SMITH"},{"floor":40,"key":"RECALL"},{"data":"Accuracy","floor":45,"key":"SMITH"},{"data":"PiercingWail","floor":47,"key":"SMITH"},{"data":"Tactician","floor":49,"key":"SMITH"},{"data":"Footwork","floor":52,"key":"SMITH"}],"circlet_count":0,"master_deck":["Defend_G","Defend_G","Defend_G","Defend_G+1","Survivor","Neutralize","Blade Dance+1","Dash+1","Accuracy+1","Blade Dance+1","Acrobatics+1","Tactician+1","PiercingWail+1","Tools of the Trade","Adrenaline+1","Storm of Steel+1","Expertise+1","Accuracy+1","Backflip","Bouncing Flask","Acrobatics+1","Deflect","Well Laid Plans+1","Footwork+1","Footwork","Corpse Explosion","Dagger Throw+1","Bandage Up","PiercingWail+1","Footwork+1"],"relics":["Ring of the Snake","NeowsBlessing","Oddly Smooth Stone","MealTicket","Orichalcum","Pen Nib","Astrolabe","OrangePellets","War Paint","Vajra","Omamori","Nilry\u0027s Codex","HoveringKite","Ice Cream","Mercury Hourglass","Medical Kit","Strawberry"],"acts_visited":["Exordium","TheCity","TheBeyond","TheEnding"],"potions_floor_usage":[18,24,25,25,33,33,36,42,42,42,50,54,54],"damage_taken":[{"damage":0,"enemies":"Cultist","floor":1,"turns":1},{"damage":0,"enemies":"Jaw Worm","floor":3,"turns":1},{"damage":0,"enemies":"2 Louse","floor":5,"turns":1},{"damage":10,"enemies":"3 Sentries","floor":7,"turns":8},{"damage":3,"enemies":"Blue Slaver","floor":8,"turns":3},{"damage":4,"enemies":"Lagavulin","floor":11,"turns":6},{"damage":0,"enemies":"3 Louse","floor":12,"turns":4},{"damage":3,"enemies":"Hexaghost","floor":16,"turns":9},{"damage":0,"enemies":"2 Thieves","floor":18,"turns":3},{"damage":0,"enemies":"Spheric Guardian","floor":19,"turns":2},{"damage":0,"enemies":"Centurion and Healer","floor":22,"turns":1},{"damage":0,"enemies":"Gremlin Leader","floor":23,"turns":6},{"damage":7,"enemies":"3 Cultists","floor":24,"turns":5},{"damage":15,"enemies":"Slavers","floor":25,"turns":6},{"damage":21,"enemies":"Snake Plant","floor":28,"turns":4},{"damage":27,"enemies":"Automaton","floor":33,"turns":8},{"damage":1,"enemies":"3 Shapes","floor":35,"turns":3},{"damage":26,"enemies":"2 Orb Walkers","floor":36,"turns":5},{"damage":0,"enemies":"Orb Walker","floor":38,"turns":3},{"damage":0,"enemies":"Transient","floor":39,"turns":5},{"damage":0,"enemies":"Reptomancer","floor":41,"turns":5},{"damage":18,"enemies":"3 Darklings","floor":42,"turns":3},{"damage":0,"enemies":"Maw","floor":46,"turns":5},{"damage":52,"enemies":"Awakened One","floor":50,"turns":21},{"damage":73,"enemies":"Shield and Spear","floor":54,"turns":5},{"damage":28,"enemies":"The Heart","floor":55,"turns":2}],"seed_played":"-6079549888400905668","potions_obtained":[{"floor":1,"key":"AttackPotion"},{"floor":3,"key":"ColorlessPotion"},{"floor":12,"key":"Energy Potion"},{"floor":18,"key":"SteroidPotion"},{"floor":24,"key":"Dexterity Potion"},{"floor":28,"key":"LiquidMemories"},{"floor":41,"key":"EntropicBrew"}],"is_trial":false,"path_per_floor":["M","$","M","T","M","R","E","M","T","R","E","M","?","?","R","B",null,"M","M","$","?","M","E","M","E","T","R","M","R","?","$","R","B",null,"M","?","?","M","M","R","E","M","T","$","R","M","R","$","R","B",null,"R","$","E","B"],"character_chosen":"THE_SILENT","items_purchased":["Dash","Accuracy","OrangePellets","Backflip","Footwork","SpeedPotion","Medical Kit","Energy Potion","SkillPotion"],"campfire_rested":1,"item_purchase_floors":[2,2,20,20,31,31,44,44,44],"current_hp_per_floor":[63,63,63,63,63,63,53,50,50,50,46,46,46,32,32,29,60,60,60,70,70,70,70,63,48,48,48,27,48,32,47,47,20,58,57,31,31,35,39,39,43,29,29,44,44,48,48,63,63,15,56,56,70,8,0,0],"gold":75,"neow_bonus":"THREE_ENEMY_KILL","is_daily":false,"chose_seed":false,"campfire_upgraded":9,"win_rate":0.0,"timestamp":1611009888,"path_taken":["M","$","?","?","?","R","E","M","T","R","E","M","?","?","R","BOSS","M","M","$","?","M","E","M","E","T","R","M","R","?","$","R","BOSS","M","?","?","M","?","R","E","M","T","$","R","M","R","?","R","BOSS","R","$","E","BOSS"],"items_purchased_type":["Card","Card","Relic","Card","Card","Potion","Relic","Potion","Potion"],"build_version":"2020-12-22","purchased_purges":1,"victory":false,"max_hp_per_floor":[70,70,70,70,70,70,70,70,70,70,70,70,70,70,70,70,70,70,70,70,70,70,70,70,70,70,70,70,70,70,70,70,70,70,70,70,70,70,70,70,70,70,70,70,70,70,70,70,70,70,70,70,70,77,77,77],"relic_stats":{"OrangePellets":[8],"counters":[26,125],"Astrolabe":["Adrenaline","Storm of Steel","Expertise"],"HoveringKite":[41],"MealTicket":69,"Pen Nib":[36],"Orichalcum":[120],"War Paint":["Acrobatics","Acrobatics"],"Medical Kit":[0],"obtain_stats":[{"Ice Cream":36,"NeowsBlessing":0,"Nilry\u0027s Codex":30,"Astrolabe":17,"Oddly Smooth Stone":4,"Vajra":25,"HoveringKite":34,"Pen Nib":11,"Omamori":26,"Orichalcum":9,"War Paint":23,"Medical Kit":44,"Mercury Hourglass":41,"OrangePellets":20,"Strawberry":54,"MealTicket":7,"Ring of the Snake":0},{"Ice Cream":18,"NeowsBlessing":0,"Nilry\u0027s Codex":15,"Astrolabe":8,"Oddly Smooth Stone":2,"Vajra":14,"HoveringKite":16,"Pen Nib":6,"Omamori":14,"Orichalcum":5,"War Paint":12,"Medical Kit":22,"Mercury Hourglass":21,"OrangePellets":10,"Strawberry":25,"MealTicket":4,"Ring of the Snake":0},{"Ice Cream":76,"NeowsBlessing":0,"Nilry\u0027s Codex":60,"Astrolabe":33,"Oddly Smooth Stone":2,"Vajra":56,"HoveringKite":68,"Pen Nib":20,"Omamori":56,"Orichalcum":14,"War Paint":45,"Medical Kit":92,"Mercury Hourglass":89,"OrangePellets":38,"Strawberry":123,"MealTicket":11,"Ring of the Snake":0}],"Ring of the Snake":[52],"Mercury Hourglass":[134]},"card_choices":[{"not_picked":["Masterful Stab","Sucker Punch"],"picked":"Blade Dance","floor":1},{"not_picked":["Deadly Poison","Bouncing Flask"],"picked":"Blade Dance","floor":3},{"not_picked":["Slice","Backflip","PiercingWail"],"picked":"SKIP","floor":5},{"not_picked":["Deadly Poison","Cloak And Dagger","Unload"],"picked":"SKIP","floor":7},{"not_picked":["Prepared","Flying Knee"],"picked":"Acrobatics","floor":8},{"not_picked":["Bane","Heel Hook"],"picked":"Tactician","floor":11},{"not_picked":["Outmaneuver","Deadly Poison"],"picked":"PiercingWail","floor":12},{"not_picked":["A Thousand Cuts","Burst"],"picked":"Tools of the Trade","floor":16},{"not_picked":["Cloak And Dagger","Blade Dance"],"picked":"Accuracy","floor":18},{"not_picked":["Bouncing Flask+1","Dodge and Roll","Flying Knee"],"picked":"SKIP","floor":19},{"not_picked":["Masterful Stab+1","Acrobatics","Prepared"],"picked":"SKIP","floor":22},{"not_picked":["Deadly Poison+1","Prepared+1","Infinite Blades"],"picked":"SKIP","floor":23},{"not_picked":["Accuracy","Setup+1"],"picked":"Deflect","floor":24},{"not_picked":["Sucker Punch+1","Night Terror"],"picked":"Well Laid Plans","floor":25},{"not_picked":["Terror+1","Blade Dance"],"picked":"Footwork","floor":28},{"not_picked":["A Thousand Cuts","Night Terror"],"picked":"Corpse Explosion","floor":33},{"not_picked":["PiercingWail","Dagger Spray+1","Acrobatics+1"],"picked":"SKIP","floor":35},{"not_picked":["Bouncing Flask","Well Laid Plans+1"],"picked":"Dagger Throw+1","floor":36},{"not_picked":["Dramatic Entrance","Secret Weapon"],"picked":"Bandage Up","floor":37},{"not_picked":["Blade Dance","Well Laid Plans"],"picked":"PiercingWail+1","floor":38},{"not_picked":["Caltrops+1","Dagger Spray","Underhanded Strike+1"],"picked":"SKIP","floor":39},{"not_picked":["Underhanded Strike+1","Glass Knife"],"picked":"Footwork","floor":41},{"not_picked":["Eviscerate","Footwork+1","Choke"],"picked":"SKIP","floor":42},{"not_picked":["Bane+1","Deflect","Concentrate+1"],"picked":"SKIP","floor":46},{"not_picked":["Sucker Punch+1","Expertise+1","Corpse Explosion"],"picked":"SKIP","floor":54}],"player_experience":5869562,"relics_obtained":[{"floor":4,"key":"Oddly Smooth Stone"},{"floor":7,"key":"MealTicket"},{"floor":9,"key":"Orichalcum"},{"floor":11,"key":"Pen Nib"},{"floor":23,"key":"War Paint"},{"floor":25,"key":"Vajra"},{"floor":26,"key":"Omamori"},{"floor":30,"key":"Nilry\u0027s Codex"},{"floor":36,"key":"Ice Cream"},{"floor":41,"key":"Mercury Hourglass"},{"floor":54,"key":"Strawberry"}],"event_choices":[{"damage_healed":0,"gold_gain":0,"player_choice":"Ignored","damage_taken":0,"max_hp_gain":0,"max_hp_loss":0,"event_name":"Liars Game","floor":13,"gold_loss":0},{"damage_healed":0,"gold_gain":0,"player_choice":"Entered Light","damage_taken":14,"max_hp_gain":0,"max_hp_loss":0,"event_name":"Shining Light","floor":14,"gold_loss":0,"cards_upgraded":["Defend_G","Blade Dance"]},{"damage_healed":0,"gold_gain":0,"cards_transformed":["Strike_G","Strike_G"],"player_choice":"Became Test Subject","damage_taken":0,"max_hp_gain":0,"max_hp_loss":0,"event_name":"Drug Dealer","floor":21,"gold_loss":0,"cards_obtained":["Bouncing Flask","Acrobatics"]},{"damage_healed":0,"gold_gain":0,"player_choice":"Obtained Book","damage_taken":16,"max_hp_gain":0,"max_hp_loss":0,"event_name":"Cursed Tome","floor":30,"gold_loss":0},{"damage_healed":0,"gold_gain":0,"player_choice":"Fight","damage_taken":0,"max_hp_gain":0,"max_hp_loss":0,"event_name":"Mysterious Sphere","floor":36,"gold_loss":0},{"damage_healed":0,"gold_gain":0,"player_choice":"Memory 1","damage_taken":0,"max_hp_gain":0,"max_hp_loss":0,"event_name":"SensoryStone","floor":37,"gold_loss":0}],"is_beta":false,"boss_relics":[{"not_picked":["Runic Pyramid","Tiny House"],"picked":"Astrolabe"},{"not_picked":["Calling Bell","Pandora\u0027s Box"],"picked":"HoveringKite"}],"items_purged_floors":[20],"is_endless":false,"potions_floor_spawned":[1,3,12,18,19,24,28,41,46],"killed_by":"The Heart","ascension_level":8}}