{"host":"rl5ku05escnl5kxo","time":1611004328,"event":{"mods":["Act Like it!","BaseMod","Minty Spire (QoL Compilation)","StSLib","The Bug Knight"],"gold_per_floor":[216,231,244,254,254,254,268,268,319,350,379,403,415,443,455,570,582,612,657,669,681,681],"floor_reached":21,"language":"ENG","playtime":1670,"items_purged":[],"score":175,"play_id":"5423b75f-5a99-498f-9452-461f28b14f1f","local_time":"20210118131208","is_ascension_mode":false,"campfire_choices":[{"data":"HollowMod:PureNailStrike","floor":6,"key":"SMITH"},{"data":"HollowMod:FallenFury","floor":8,"key":"SMITH"},{"floor":15,"key":"REST"}],"circlet_count":0,"master_deck":["HollowMod:NailStrikeStart","HollowMod:NailStrikeStart","HollowMod:NailStrikeStart","HollowMod:NailStrikeStart","HollowMod:QuickDashStart","HollowMod:QuickDashStart","HollowMod:QuickDashStart","HollowMod:QuickDashStart","HollowMod:FocusHealStart","HollowMod:PogoStrike","HollowMod:SiblingsSouls","HollowMod:SoulStrike","HollowMod:PureNailStrike+1","HollowMod:MantisMark","HollowMod:FallenFury+1","HollowMod:SoulSplash","HollowMod:CoiledNail","HollowMod:DesolateDive","HollowMod:CornifersMapStart","HollowMod:HornetsHelp","HollowMod:CornifersMapStart+1","HollowMod:CoiledNail+1","HollowMod:PureNailStrike+1"],"relics":["HollowMod:VesselMask","MawBank","Pantograph","Velvet Choker","Red Mask"],"acts_visited":["Exordium","TheCity"],"potions_floor_usage":[],"damage_taken":[{"damage":0,"enemies":"Small Slimes","floor":1,"turns":3},{"damage":0,"enemies":"Jaw Worm","floor":2,"turns":4},{"damage":7,"enemies":"Cultist","floor":3,"turns":5},{"damage":0,"enemies":"Looter","floor":4,"turns":3},{"damage":35,"enemies":"Exordium Wildlife","floor":7,"turns":5},{"damage":9,"enemies":"2 Fungi Beasts","floor":10,"turns":3},{"damage":13,"enemies":"Lots of Slimes","floor":11,"turns":4},{"damage":8,"enemies":"Red Slaver","floor":12,"turns":2},{"damage":0,"enemies":"3 Louse","floor":14,"turns":2},{"damage":86,"enemies":"The Guardian","floor":16,"turns":11},{"damage":15,"enemies":"3 Byrds","floor":18,"turns":7},{"damage":66,"enemies":"Masked Bandits","floor":19,"turns":6},{"damage":3,"enemies":"Chosen","floor":21,"turns":1}],"seed_played":"-3212038129243915471","potions_obtained":[{"floor":4,"key":"Regen Potion"},{"floor":7,"key":"Block Potion"},{"floor":10,"key":"PowerPotion"},{"floor":12,"key":"FairyPotion"},{"floor":19,"key":"Weak Potion"}],"is_trial":false,"path_per_floor":["M","M","M","M","?","R","M","R","T","M","M","M","T","M","R","B",null,"M","?","?","M"],"character_chosen":"THE_BUGKNIGHT","items_purchased":[],"campfire_rested":1,"item_purchase_floors":[],"current_hp_per_floor":[75,75,74,74,74,74,45,45,45,36,23,15,15,15,37,7,75,69,3,3,0,0],"gold":681,"neow_bonus":"HUNDRED_GOLD","is_daily":false,"chose_seed":false,"campfire_upgraded":2,"win_rate":0.0,"timestamp":1611004328,"path_taken":["M","M","M","M","?","R","M","R","T","M","M","M","?","M","R","BOSS","M","?","?","?"],"items_purchased_type":[],"build_version":"2020-12-22","purchased_purges":0,"victory":false,"max_hp_per_floor":[75,75,75,75,75,75,75,75,75,75,75,75,75,75,75,75,75,75,75,75,75,75],"card_choices":[{"not_picked":["HollowMod:DescendingDark","HollowMod:InfectedAttack"],"picked":"HollowMod:SiblingsSouls","floor":1},{"not_picked":["HollowMod:MonarchWings","HollowMod:DescendingDark"],"picked":"HollowMod:SoulStrike","floor":2},{"not_picked":["HollowMod:LifebloodCocoon","HollowMod:RecoilStrike"],"picked":"HollowMod:PureNailStrike","floor":3},{"not_picked":["HollowMod:LifebloodCocoon","HollowMod:ShapeofUnn"],"picked":"HollowMod:MantisMark","floor":4},{"not_picked":["HollowMod:CycloneSlash","HollowMod:HeavyBlow"],"picked":"HollowMod:FallenFury","floor":7},{"not_picked":["HollowMod:NewJinnsSoul","HollowMod:InfectedAttack"],"picked":"HollowMod:SoulSplash","floor":10},{"not_picked":["HollowMod:WhiteLadysBlessing","HollowMod:WraithStrike"],"picked":"HollowMod:CoiledNail","floor":11},{"not_picked":["HollowMod:SoulShaman","HollowMod:InfectedCysts"],"picked":"HollowMod:DesolateDive","floor":12},{"not_picked":["HollowMod:SoulStrike","HollowMod:PureNailStrike"],"picked":"HollowMod:CornifersMapStart","floor":14},{"not_picked":["HollowMod:RadiancesLament","HollowMod:MidwifesHunger"],"picked":"HollowMod:HornetsHelp","floor":16},{"not_picked":["HollowMod:QuirrelsAssistance","HollowMod:SiblingsShadow"],"picked":"HollowMod:CornifersMapStart+1","floor":18},{"not_picked":["HollowMod:LuriensSpire","HollowMod:ShapeofUnn"],"picked":"HollowMod:CoiledNail+1","floor":19}],"player_experience":473223,"relics_obtained":[{"floor":9,"key":"MawBank"},{"floor":13,"key":"Pantograph"},{"floor":19,"key":"Red Mask"}],"event_choices":[{"damage_healed":0,"gold_gain":0,"player_choice":"Ignored","damage_taken":0,"max_hp_gain":0,"max_hp_loss":0,"event_name":"Golden Wing","floor":5,"gold_loss":0},{"damage_healed":0,"gold_gain":0,"player_choice":"Fought Bandits","damage_taken":0,"max_hp_gain":0,"max_hp_loss":0,"event_name":"Masked Bandits","floor":19,"gold_loss":0},{"damage_healed":0,"gold_gain":0,"player_choice":"Copied","damage_taken":0,"max_hp_gain":0,"max_hp_loss":0,"event_name":"Duplicator","floor":20,"gold_loss":0,"cards_obtained":["HollowMod:PureNailStrike"]}],"is_beta":false,"boss_relics":[{"not_picked":["Runic Dome","SlaversCollar"],"picked":"Velvet Choker"}],"items_purged_floors":[],"is_endless":false,"potions_floor_spawned":[4,7,10,12,19],"killed_by":"Chosen","ascension_level":0}}