{"host":"m3rs92yjkwi06hli","time":1611005758,"event":{"mods":["Act Like it!","Aspiration","BaseMod","Colored Map","Conspire","Defuse TimeMaze Blight","Downfall","Energized Spire","Hubris","Infinite Spire","Minty Spire (QoL Compilation)","Relic Stats","Spicy Shops","StSLib"],"gold_per_floor":[99,114,114,132,232,232,232,251,284,284,49,224,255,255,267,367,367,367,384,400,400,400,400,425,425,425,155,155,155,170,190,209,309,309,309,319,338,338,350,350,650,650,678,692,708,725,736,32,42,146,146,146,146,146,180,180,180,249,74,90,110,110,120,120,152,164,265,265,265,282,282,282,282,134,168,168,168,181,181,181,181,181,193,289,289,289,299,311,311,311,311,338,373,373,373,373,373,391,406,423,525,525,525,544,559,559,145,145,172,190,190,290,315,327,95,129,146,243,243,243,263,276,276,276,296,322,338,349,362,362,362,362,362,377,478,478,478,497,497,513,513,513,646,646,646,658,674,703,703,734,748,748,748,748],"floor_reached":152,"language":"ENG","playtime":6675,"items_purged":["champ:Backstep","Doubt","hubris:Envy","Shame","downfall:Malfunctioning","Writhe","hubris:Lust","Parasite","Slimebound:Tackle+1","Slimebound:Tackle+1"],"score":3874,"play_id":"8436c8a4-ed9d-45ed-8cfc-3edfee04ba2c","local_time":"20210118153558","is_ascension_mode":true,"campfire_choices":[{"data":"champ:Taunt","floor":1,"key":"SMITH"},{"data":"champ:FanOfKnives","floor":6,"key":"SMITH"},{"data":"champ:Encircle","floor":10,"key":"SMITH"},{"data":"champ:UltimateStance","floor":18,"key":"SMITH"},{"data":"champ:FanOfKnives","floor":23,"key":"SMITH"},{"data":"champ:Lariat","floor":26,"key":"SMITH"},{"data":"champ:VampiricStrike","floor":29,"key":"SMITH"},{"data":"champ:AdrenalArmor","floor":35,"key":"SMITH"},{"data":"champ:UltimateStance","floor":52,"key":"SMITH"},{"data":"champ:BerserkersShout","floor":64,"key":"SMITH"},{"data":"champ:BerserkersShout","floor":69,"key":"SMITH"},{"data":"champ:FanOfKnives","floor":77,"key":"SMITH"},{"data":"champ:BerserkersShout","floor":79,"key":"SMITH"},{"data":"champ:StanceDance","floor":81,"key":"SMITH"},{"data":"champ:CheapShot","floor":86,"key":"SMITH"},{"data":"champ:StanceDance","floor":91,"key":"SMITH"},{"data":"champ:RecklessLeap","floor":94,"key":"SMITH"},{"data":"champ:GladiatorForm","floor":103,"key":"SMITH"},{"data":"champ:GladiatorForm","floor":120,"key":"SMITH"},{"data":"champ:StanceDance","floor":132,"key":"SMITH"},{"data":"champ:Improvising","floor":137,"key":"SMITH"},{"data":"champ:BerserkersShout","floor":142,"key":"SMITH"},{"data":"champ:BerserkersShout","floor":145,"key":"SMITH"}],"circlet_count":0,"master_deck":["champ:Defend+1","champ:Defend+1","champ:Execute","champ:FanOfKnives+1","champ:BerserkersShout+1","champ:AdrenalArmor+1","champ:FaceSlap+1","champ:Encircle+1","champ:FocusedBerserking","champ:FanOfKnives+1","champ:BerserkersShout+1","champ:ViciousMockery+1","champ:BringItOn+1","champ:UltimateStance+1","champ:Lariat+1","champ:VampiricStrike+1","champ:RageSigil+1","champ:PreciseThrust","Parasite","champ:EnragedBash+1","hubris:InfiniteBlow+110","champ:AdrenalArmor+1","champ:GladiatorForm+1","champ:UltimateStance+1","champ:MurderStrike","champ:FocusedBerserking","champ:AdrenalArmor+1","champ:RecklessLeap+1","champ:AdrenalArmor+1","champ:VampiricStrike","champ:BerserkersShout+1","champ:MurderStrike","champ:FanOfKnives+1","champ:Devastate","champ:StanceDance+1","champ:Devastate","CurseOfTheBell","champ:FaceSlap","Slimebound:Tackle+1","RitualDagger+1","champ:DeathBlow","champ:ShieldSigil","champ:StanceDance+1","champ:CheapShot+1","champ:EnragedBash+1","champ:FaceSlap+1","champ:RecklessLeap+1","champ:Duel+1","Injury","champ:SwordSigil+1","champ:BerserkersShout+1","Injury","champ:Duel+1","champ:Shatter+1","champ:BerserkersShout+1","champ:Haymaker+1","champ:StanceDance+1","champ:GladiatorForm+1","champ:ShieldSigil+1","champ:PreciseThrust+1","champ:RapidStrikes+1","champ:BerserkersShout+1","champ:Lariat+1","champ:FanOfKnives+1","downfall:Bewildered","champ:RisingSlash+1","champ:Improvising+1","champ:RapidStrikes+1","champ:RapidStrikes+1","champ:GutPunch+1","champ:GutPunch+1","champ:SteelEdge+1","champ:FocusedBerserking"],"relics":["champ:ChampionCrown","Champion Belt","StrikeDummy","hubris:Potato","TheAbacus","aspiration:Lifesprig","Cursed Key","hubris:Towel","infinitespire:Beetle Shell","Coffee Dripper","Juzu Bracelet","aspiration:RitualStick","Bronze Scales","Blue Candle","sneckomod:SneckoTalon","Old Coin","Gremlin Horn","Guardian:GemstoneGun","War Paint","hubris:ScarierMask","Art of War","aspiration:StickyExplosives","Dream Catcher","Calling Bell","Bag of Preparation","White Beast Statue","hubris:64BitClover","Letter Opener","Potion Belt","Busted Crown","conspire:InfiniteJournal","aspiration:FaultyCoupler","Mummified Hand","hubris:Backtick","Shuriken","Du-Vu Doll","Question Card","champ:LiftRelic","Molten Egg 2","Guardian:BottledAnomaly","hexamod:BolsterEngine","Runic Dome","downfall:RedIOU","MutagenicStrength","sneckomod:BlankCard","sneckomod:BabySnecko","Cauldron","Vajra","Philosopher\u0027s Stone","aspiration:FrozenJewel","hubris:Icosahedron","aspiration:ChemicalBlood"],"acts_visited":["Exordium","TheCity","TheBeyond","Exordium","TheCity","TheBeyond","Exordium","TheCity","TheBeyond"],"potions_floor_usage":[5,11,11,50,50,50,67,87,101,112,152,152,152,152],"damage_taken":[{"damage":2,"enemies":"Small Slimes","floor":2,"turns":3},{"damage":31,"enemies":"Jaw Worm","floor":4,"turns":4},{"damage":66,"enemies":"Jaw Worm","floor":5,"turns":4},{"damage":15,"enemies":"conspire:RoseBush","floor":8,"turns":3},{"damage":20,"enemies":"Gremlin Nob","floor":9,"turns":3},{"damage":0,"enemies":"downfall:FleeingMerchant","floor":11,"turns":4},{"damage":10,"enemies":"Lagavulin","floor":13,"turns":6},{"damage":9,"enemies":"3 Louse","floor":15,"turns":2},{"damage":56,"enemies":"IC_STATUS_ARCHETYPE","floor":16,"turns":9},{"damage":32,"enemies":"Spheric Guardian","floor":19,"turns":6},{"damage":37,"enemies":"Snecko","floor":20,"turns":6},{"damage":10,"enemies":"downfall:FleeingMerchant","floor":27,"turns":4},{"damage":20,"enemies":"Centurion and Healer","floor":30,"turns":4},{"damage":13,"enemies":"conspire:HollyBat","floor":31,"turns":7},{"damage":28,"enemies":"Sentry and Sphere","floor":32,"turns":4},{"damage":20,"enemies":"WA_ARCHETYPE_CALM","floor":33,"turns":8},{"damage":11,"enemies":"Orb Walker","floor":36,"turns":2},{"damage":10,"enemies":"3 Shapes","floor":37,"turns":5},{"damage":5,"enemies":"Writhing Mass","floor":39,"turns":5},{"damage":26,"enemies":"Giant Head","floor":43,"turns":6},{"damage":5,"enemies":"Transient","floor":44,"turns":4},{"damage":27,"enemies":"3 Darklings","floor":45,"turns":3},{"damage":37,"enemies":"Maw","floor":46,"turns":6},{"damage":0,"enemies":"4 Shapes","floor":47,"turns":2},{"damage":0,"enemies":"downfall:FleeingMerchant","floor":48,"turns":1},{"damage":0,"enemies":"Sphere and 2 Shapes","floor":49,"turns":2},{"damage":26,"enemies":"SI_POISON_ARCHETYPE","floor":50,"turns":6},{"damage":0,"enemies":"Cultist","floor":53,"turns":1},{"damage":0,"enemies":"conspire:MimicChest","floor":55,"turns":2},{"damage":0,"enemies":"Small Slimes","floor":60,"turns":2},{"damage":14,"enemies":"Jaw Worm","floor":61,"turns":2},{"damage":0,"enemies":"Exordium Wildlife","floor":63,"turns":1},{"damage":0,"enemies":"3 Sentries","floor":65,"turns":2},{"damage":0,"enemies":"Exordium Thugs","floor":66,"turns":1},{"damage":88,"enemies":"Hexaghost","floor":67,"turns":3},{"damage":0,"enemies":"3 Byrds","floor":70,"turns":2},{"damage":10,"enemies":"Slavers","floor":75,"turns":3},{"damage":0,"enemies":"conspire:FuzzyDice","floor":78,"turns":2},{"damage":0,"enemies":"Cultist and Chosen","floor":83,"turns":2},{"damage":61,"enemies":"hubris:MusketHawk","floor":84,"turns":5},{"damage":6,"enemies":"3 Darklings","floor":87,"turns":2},{"damage":0,"enemies":"3 Shapes","floor":88,"turns":2},{"damage":0,"enemies":"Nemesis","floor":92,"turns":2},{"damage":0,"enemies":"Reptomancer","floor":93,"turns":1},{"damage":12,"enemies":"Writhing Mass","floor":98,"turns":2},{"damage":0,"enemies":"4 Shapes","floor":99,"turns":2},{"damage":0,"enemies":"Transient","floor":100,"turns":5},{"damage":81,"enemies":"Donu and Deca","floor":101,"turns":6},{"damage":0,"enemies":"Cultist","floor":104,"turns":1},{"damage":15,"enemies":"Jaw Worm","floor":105,"turns":2},{"damage":0,"enemies":"Gremlin Nob","floor":109,"turns":1},{"damage":0,"enemies":"2 Louse","floor":110,"turns":1},{"damage":0,"enemies":"downfall:Heads","floor":112,"turns":2},{"damage":0,"enemies":"Lagavulin","floor":113,"turns":2},{"damage":0,"enemies":"Exordium Thugs","floor":114,"turns":1},{"damage":0,"enemies":"Gremlin Nob","floor":116,"turns":2},{"damage":0,"enemies":"2 Fungi Beasts","floor":117,"turns":1},{"damage":0,"enemies":"Slime Boss","floor":118,"turns":3},{"damage":14,"enemies":"Shell Parasite","floor":121,"turns":3},{"damage":0,"enemies":"Chosen","floor":122,"turns":2},{"damage":17,"enemies":"Shelled Parasite and Fungi","floor":125,"turns":2},{"damage":0,"enemies":"Book of Stabbing","floor":126,"turns":3},{"damage":0,"enemies":"Snecko","floor":127,"turns":2},{"damage":19,"enemies":"Snake Plant","floor":128,"turns":1},{"damage":0,"enemies":"Centurion and Healer","floor":129,"turns":2},{"damage":19,"enemies":"Chosen and Byrds","floor":134,"turns":2},{"damage":0,"enemies":"Automaton","floor":135,"turns":2},{"damage":8,"enemies":"Orb Walker","floor":138,"turns":2},{"damage":0,"enemies":"3 Shapes","floor":140,"turns":1},{"damage":0,"enemies":"Nemesis","floor":143,"turns":1},{"damage":0,"enemies":"Writhing Mass","floor":146,"turns":2},{"damage":0,"enemies":"3 Darklings","floor":147,"turns":1},{"damage":0,"enemies":"Reptomancer","floor":148,"turns":2},{"damage":68,"enemies":"Giant Head","floor":150,"turns":3},{"damage":0,"enemies":"Transient","floor":151,"turns":3},{"damage":93,"enemies":"infinitespire:LordOfFortification","floor":152,"turns":2}],"seed_played":"-8733710910955669976","potions_obtained":[{"floor":4,"key":"DistilledChaos"},{"floor":9,"key":"EntropicBrew"},{"floor":13,"key":"SmokeBomb"},{"floor":15,"key":"LiquidBronze"},{"floor":44,"key":"LiquidMemories"},{"floor":50,"key":"Ancient Potion"},{"floor":60,"key":"Regen Potion"},{"floor":63,"key":"Swift Potion"},{"floor":70,"key":"LiquidMemories"},{"floor":72,"key":"CultistPotion"},{"floor":75,"key":"FearPotion"},{"floor":78,"key":"ColorlessPotion"},{"floor":83,"key":"Guardian:BlockOnCardUsePotion"},{"floor":87,"key":"champ:TechniquePotion"},{"floor":101,"key":"AttackPotion"},{"floor":112,"key":"Dexterity Potion"},{"floor":113,"key":"Slimebound:ThreeZeroPotion"},{"floor":129,"key":"DistilledChaos"}],"is_trial":false,"path_per_floor":["R","M","?","M","?","R","T","M","E","R","$","?","E","?","M","B",null,"R","M","M","?","AVR","R","T","?","R","$","?","R","M","M","M","B",null,"R","M","M","?","M","?","T","?","E","M","M","M","M","$","M","B",null,"R","M","?","?","?","?","T","$","M","M","AVR","M","R","E","M","B",null,"R","M","?","?","?","$","E","?","R","M","R","?","R","?","M","B",null,"R","M","M","$","?","R","E","E","R","?","AVR","?","M","M","M","B",null,"R","M","M","?","$","?","E","M","?","?","E","M","$","E","M","B",null,"R","M","M","?","?","M","E","M","M","M","?","AVR","R","$","M","B",null,"R","M","AVR","M","?","R","E","?","R","M","M","E","?","E","M","B"],"character_chosen":"THE_CHAMP","items_purchased":["TheAbacus","champ:FanOfKnives","champ:BerserkersShout","Bronze Scales","Guardian:GemstoneGun","champ:MurderStrike","War Paint","champ:FocusedBerserking","champ:AdrenalArmor","champ:RecklessLeap","Potion Belt","Du-Vu Doll","Question Card","Guardian:BottledAnomaly","hexamod:BolsterEngine","Vajra"],"campfire_rested":0,"item_purchase_floors":[11,11,11,27,48,48,48,48,48,48,74,107,107,115,115,133],"current_hp_per_floor":[90,88,88,77,51,51,51,51,51,51,81,81,90,90,90,86,90,90,90,90,90,90,90,90,72,72,90,90,90,75,90,90,87,90,90,89,90,90,90,90,90,69,83,90,90,73,90,90,90,90,90,90,90,90,90,90,90,90,90,90,81,81,90,90,90,90,14,90,90,90,90,90,90,90,90,90,90,90,90,90,90,90,90,68,90,90,89,90,90,90,90,90,90,90,90,87,87,80,87,87,79,87,87,87,87,87,87,87,87,87,87,87,87,87,87,87,87,87,87,87,78,87,87,87,87,87,87,87,87,87,87,87,77,63,87,87,87,87,87,87,87,87,87,87,87,87,87,87,87,44,87,0,0,0],"gold":748,"neow_bonus":"THREE_CARDS","is_daily":false,"chose_seed":false,"campfire_upgraded":23,"win_rate":0.0,"timestamp":1611005758,"path_taken":["R","M","?","M","?","R","T","M","E","R","$","?","E","?","M","BOSS","R","M","M","?","AVR","R","T","?","R","$","?","R","M","M","M","BOSS","R","M","M","?","M","?","T","?","E","M","M","M","M","$","M","BOSS","R","M","?","?","?","?","T","$","M","M","AVR","M","R","E","M","BOSS","R","M","?","?","?","$","E","?","R","M","R","?","R","?","M","BOSS","R","M","M","$","?","R","E","E","R","?","AVR","?","M","M","M","BOSS","R","M","M","?","$","?","E","M","?","?","E","M","?","E","M","BOSS","R","M","M","?","?","M","E","M","M","M","?","AVR","R","?","M","BOSS","R","M","AVR","M","?","R","E","?","R","M","M","E","?","E","M","BOSS"],"items_purchased_type":["Relic","Card","Card","Relic","Relic","Card","Relic","Card","Card","Card","Relic","Relic","Relic","Relic","Relic","Relic"],"build_version":"2020-12-22","purchased_purges":10,"victory":false,"max_hp_per_floor":[90,90,90,90,90,90,90,90,90,90,90,90,90,90,90,90,90,90,90,90,90,90,90,90,90,90,90,90,90,90,90,90,90,90,90,90,90,90,90,90,90,90,90,90,90,90,90,90,90,90,90,90,90,90,90,90,90,90,90,90,90,90,90,90,90,90,90,90,90,90,90,90,90,90,90,90,90,90,90,90,90,90,90,90,90,90,90,90,90,90,90,90,90,90,90,87,87,87,87,87,87,87,87,87,87,87,87,87,87,87,87,87,87,87,87,87,87,87,87,87,87,87,87,87,87,87,87,87,87,87,87,87,87,87,87,87,87,87,87,87,87,87,87,87,87,87,87,87,87,87,87,87,87,87],"relic_stats":{"Gremlin Horn":[19,19],"counters":[76,221],"Blue Candle":[35],"Juzu Bracelet":4,"Bag of Preparation":[82],"Letter Opener":[446],"War Paint":["champ:Defend","champ:BringItOn"],"Cursed Key":4,"Question Card":64,"aspiration:RitualStick":[0],"Dream Catcher":0,"TheAbacus":[48],"Busted Crown":180,"Mummified Hand":[21],"Shuriken":[35],"Bronze Scales":[252],"Art of War":[0],"Champion Belt":[39],"obtain_stats":[{"Gremlin Horn":43,"Vajra":133,"aspiration:RitualStick":25,"Old Coin":41,"downfall:BrokenWingStatue":3,"Philosopher\u0027s Stone":136,"downfall:RedIOU":123,"aspiration:FaultyCoupler":96,"aspiration:StickyExplosives":58,"Blue Candle":28,"infinitespire:Beetle Shell":22,"Letter Opener":73,"War Paint":48,"sneckomod:SneckoTalon":34,"Question Card":107,"aspiration:FrozenJewel":139,"Du-Vu Doll":107,"Runic Dome":119,"Shuriken":102,"Bronze Scales":27,"MutagenicStrength":124,"Molten Egg 2":111,"StrikeDummy":7,"aspiration:Lifesprig":13,"sneckomod:BlankCard":128,"champ:ChampionCrown":0,"Juzu Bracelet":24,"Bag of Preparation":68,"hubris:SlimyHat":114,"Cursed Key":17,"conspire:InfiniteJournal":90,"Dream Catcher":62,"TheAbacus":11,"hubris:Backtick":102,"hubris:Icosahedron":141,"Mummified Hand":98,"hubris:ScarierMask":51,"Guardian:BottledAnomaly":115,"aspiration:ChemicalBlood":147,"Potion Belt":74,"hubris:64BitClover":68,"Guardian:GemstoneGun":48,"hubris:Towel":21,"White Beast Statue":68,"Calling Bell":68,"sneckomod:BabySnecko":130,"Cauldron":131,"Busted Crown":85,"champ:LiftRelic":108,"Coffee Dripper":22,"Art of War":55,"Champion Belt":5,"hexamod:BolsterEngine":115,"hubris:Potato":9},{"Gremlin Horn":20,"Vajra":65,"aspiration:RitualStick":11,"Old Coin":19,"downfall:BrokenWingStatue":1,"Philosopher\u0027s Stone":67,"downfall:RedIOU":60,"aspiration:FaultyCoupler":44,"aspiration:StickyExplosives":29,"Blue Candle":12,"infinitespire:Beetle Shell":11,"Letter Opener":36,"War Paint":25,"sneckomod:SneckoTalon":16,"Question Card":50,"aspiration:FrozenJewel":68,"Du-Vu Doll":50,"Runic Dome":58,"Shuriken":48,"Bronze Scales":12,"MutagenicStrength":60,"Molten Egg 2":52,"StrikeDummy":3,"aspiration:Lifesprig":7,"sneckomod:BlankCard":64,"champ:ChampionCrown":0,"Juzu Bracelet":11,"Bag of Preparation":35,"hubris:SlimyHat":55,"Cursed Key":9,"conspire:InfiniteJournal":42,"Dream Catcher":31,"TheAbacus":6,"hubris:Backtick":48,"hubris:Icosahedron":69,"Mummified Hand":45,"hubris:ScarierMask":27,"Guardian:BottledAnomaly":55,"aspiration:ChemicalBlood":72,"Potion Belt":36,"hubris:64BitClover":35,"Guardian:GemstoneGun":25,"hubris:Towel":11,"White Beast Statue":35,"Calling Bell":35,"sneckomod:BabySnecko":65,"Cauldron":65,"Busted Crown":40,"champ:LiftRelic":50,"Coffee Dripper":11,"Art of War":29,"Champion Belt":3,"hexamod:BolsterEngine":55,"hubris:Potato":5},{"Gremlin Horn":95,"Vajra":200,"aspiration:RitualStick":50,"Old Coin":89,"downfall:BrokenWingStatue":3,"Philosopher\u0027s Stone":204,"downfall:RedIOU":190,"aspiration:FaultyCoupler":154,"aspiration:StickyExplosives":122,"Blue Candle":54,"infinitespire:Beetle Shell":50,"Letter Opener":135,"War Paint":111,"sneckomod:SneckoTalon":77,"Question Card":172,"aspiration:FrozenJewel":206,"Du-Vu Doll":172,"Runic Dome":185,"Shuriken":169,"Bronze Scales":54,"MutagenicStrength":190,"Molten Egg 2":174,"StrikeDummy":11,"aspiration:Lifesprig":27,"sneckomod:BlankCard":198,"champ:ChampionCrown":0,"Juzu Bracelet":50,"Bag of Preparation":133,"hubris:SlimyHat":179,"Cursed Key":38,"conspire:InfiniteJournal":151,"Dream Catcher":126,"TheAbacus":21,"hubris:Backtick":169,"hubris:Icosahedron":207,"Mummified Hand":156,"hubris:ScarierMask":119,"Guardian:BottledAnomaly":179,"aspiration:ChemicalBlood":211,"Potion Belt":135,"hubris:64BitClover":133,"Guardian:GemstoneGun":111,"hubris:Towel":50,"White Beast Statue":133,"Calling Bell":133,"sneckomod:BabySnecko":200,"Cauldron":200,"Busted Crown":147,"champ:LiftRelic":172,"Coffee Dripper":50,"Art of War":122,"Champion Belt":11,"hexamod:BolsterEngine":179,"hubris:Potato":17}]},"card_choices":[{"not_picked":["champ:Backstep","champ:PerfectedStrike"],"picked":"champ:FanOfKnives","floor":0},{"not_picked":["champ:StanceDance","champ:HeartStrike"],"picked":"champ:BerserkersShout","floor":2},{"not_picked":["champ:FlashCut","champ:HoldFirm"],"picked":"champ:AdrenalArmor","floor":4},{"not_picked":["champ:PerfectedStrike","champ:RageSigil"],"picked":"champ:Backstep","floor":5},{"not_picked":["champ:Parry","champ:Haymaker"],"picked":"champ:FaceSlap","floor":8},{"not_picked":["champ:CrownThrow","champ:BerserkersShout"],"picked":"champ:Encircle","floor":9},{"not_picked":["champ:ViciousMockery","champ:ShieldWall"],"picked":"champ:FocusedBerserking","floor":11},{"not_picked":["champ:SkillfulDodge","champ:CrookedStrike"],"picked":"champ:ViciousMockery","floor":13},{"not_picked":["champ:EnGarde","champ:PerfectedStrike"],"picked":"champ:BringItOn","floor":15},{"not_picked":["champ:HoldFirm","champ:GladiatorForm"],"picked":"champ:UltimateStance","floor":16},{"not_picked":["champ:FocusedDefense","champ:Backstep","champ:PerfectedStrike"],"picked":"SKIP","floor":19},{"not_picked":["champ:EnGarde+1","champ:PerfectedStrike+1"],"picked":"champ:Lariat","floor":20},{"not_picked":["champ:Backstep","champ:GladiatorStyle"],"picked":"champ:VampiricStrike","floor":27},{"not_picked":["champ:FocusedDefense+1","champ:EnGarde","champ:TornadoPunch"],"picked":"SKIP","floor":30},{"not_picked":["champ:SkillfulDodge","champ:Duel","champ:ShieldWall"],"picked":"SKIP","floor":31},{"not_picked":["champ:RisingSlash","champ:TornadoPunch","champ:ShieldSlam"],"picked":"SKIP","floor":32},{"not_picked":["champ:SkillfulDodge+1","champ:ShieldSigil"],"picked":"champ:RageSigil+1","floor":36},{"not_picked":["champ:TornadoPunch+1","champ:ShieldSigil"],"picked":"champ:PreciseThrust","floor":37},{"not_picked":["champ:EndlessRage+1","champ:FalseCounter+1"],"picked":"champ:EnragedBash+1","floor":39},{"not_picked":["hubris:Fate","infinitespire:Starlight"],"picked":"hubris:InfiniteBlow+110","floor":42},{"not_picked":["champ:BringItOn","champ:Duel","champ:FocusedDefense+1"],"picked":"SKIP","floor":43},{"not_picked":["champ:DefensiveStyle","champ:GutPunch","champ:TornadoPunch"],"picked":"SKIP","floor":44},{"not_picked":["champ:CrownThrow+1","champ:Haymaker"],"picked":"champ:AdrenalArmor+1","floor":45},{"not_picked":["champ:FancyFootwork+1","champ:FlashCut+1"],"picked":"champ:GladiatorForm","floor":46},{"not_picked":["champ:DefensiveStyle","champ:Haymaker+1","champ:Backstep+1"],"picked":"SKIP","floor":47},{"not_picked":["champ:IgnorePain","champ:ViciousMockery"],"picked":"champ:UltimateStance","floor":48},{"not_picked":["champ:CalledShot+1","champ:FocusedDefense"],"picked":"champ:AdrenalArmor+1","floor":49},{"not_picked":["champ:DancingMaster","champ:HeavySlash"],"picked":"champ:VampiricStrike","floor":50},{"not_picked":["champ:Circumvent","champ:Shatter"],"picked":"champ:BerserkersShout","floor":53},{"not_picked":["champ:Lariat","champ:Endure"],"picked":"champ:MurderStrike","floor":60},{"not_picked":["champ:Endure","champ:RisingSlash"],"picked":"champ:CrownThrow","floor":61},{"not_picked":["champ:GutPunch","champ:PerfectedStrike"],"picked":"champ:FanOfKnives","floor":63},{"not_picked":["champ:AdrenalArmor","champ:EndlessRage"],"picked":"champ:Devastate","floor":65},{"not_picked":["champ:BladeFlurry","champ:Encircle"],"picked":"champ:StanceDance","floor":66},{"not_picked":["champ:ShieldThrow","champ:DancingMaster"],"picked":"champ:Devastate","floor":67},{"not_picked":["champ:Haymaker+1","champ:Devastate"],"picked":"champ:FaceSlap","floor":70},{"not_picked":["champ:TornadoPunch+1","champ:Backstep+1"],"picked":"champ:DeathBlow","floor":75},{"not_picked":["champ:PreciseThrust+1","champ:DancingMaster"],"picked":"champ:ShieldSigil","floor":78},{"not_picked":["champ:TornadoPunch","champ:FlashCut+1"],"picked":"champ:StanceDance","floor":83},{"not_picked":["champ:UltimateStance","champ:GladiatorForm"],"picked":"champ:CheapShot","floor":84},{"not_picked":[],"picked":"champ:EnragedBash+1","floor":87},{"not_picked":["champ:Backstep"],"picked":"SKIP","floor":88},{"not_picked":["champ:PreemptiveStrike"],"picked":"SKIP","floor":92},{"not_picked":[],"picked":"champ:FaceSlap+1","floor":93},{"not_picked":[],"picked":"champ:RecklessLeap+1","floor":98},{"not_picked":["champ:Backstep"],"picked":"SKIP","floor":99},{"not_picked":[],"picked":"champ:Duel+1","floor":100},{"not_picked":["champ:EnGarde"],"picked":"SKIP","floor":104},{"not_picked":["champ:SetATrap"],"picked":"SKIP","floor":105},{"not_picked":["champ:Circumvent"],"picked":"champ:SwordSigil","floor":109},{"not_picked":["champ:BladeFlurry"],"picked":"champ:BerserkersShout","floor":110},{"not_picked":["champ:Haymaker+1"],"picked":"champ:Shatter+1","floor":112},{"not_picked":["champ:EnGarde","champ:ShieldSlam"],"picked":"SKIP","floor":113},{"not_picked":["champ:Parry"],"picked":"champ:BerserkersShout","floor":114},{"not_picked":["champ:Circumvent"],"picked":"champ:Haymaker+1","floor":116},{"not_picked":["champ:BringItOn"],"picked":"champ:StanceDance","floor":117},{"not_picked":["champ:HeavySlash+1"],"picked":"champ:GladiatorForm","floor":118},{"not_picked":["champ:BerserkersShout"],"picked":"champ:ShieldSigil+1","floor":121},{"not_picked":["champ:GutPunch+1"],"picked":"champ:PreciseThrust+1","floor":122},{"not_picked":["champ:FlashCut+1"],"picked":"champ:RapidStrikes+1","floor":125},{"not_picked":["champ:ViciousMockery","champ:Circumvent+1"],"picked":"SKIP","floor":126},{"not_picked":["champ:Backstep"],"picked":"champ:BerserkersShout+1","floor":127},{"not_picked":["champ:DancingMaster"],"picked":"champ:Lariat+1","floor":128},{"not_picked":["champ:Circumvent+1"],"picked":"champ:FanOfKnives+1","floor":129},{"not_picked":["champ:GladiatorStyle"],"picked":"champ:RisingSlash+1","floor":134},{"not_picked":["champ:UltimateStance"],"picked":"champ:Improvising","floor":135},{"not_picked":["champ:Backstep+1"],"picked":"champ:RapidStrikes+1","floor":138},{"not_picked":["champ:Parry"],"picked":"champ:RapidStrikes+1","floor":140},{"not_picked":["champ:GladiatorStyle+1"],"picked":"champ:GutPunch+1","floor":143},{"not_picked":["champ:BringItOn","champ:FancyFootwork+1"],"picked":"SKIP","floor":146},{"not_picked":["champ:TornadoPunch+1"],"picked":"champ:GutPunch+1","floor":147},{"not_picked":["champ:Circumvent+1","champ:ShieldSigil"],"picked":"SKIP","floor":148},{"not_picked":["champ:FocusedBerserking+1"],"picked":"champ:SteelEdge+1","floor":150},{"not_picked":["champ:AdrenalArmor"],"picked":"champ:FocusedBerserking","floor":151}],"player_experience":878670,"relics_obtained":[{"floor":5,"key":"Champion Belt"},{"floor":7,"key":"StrikeDummy"},{"floor":9,"key":"hubris:Potato"},{"floor":13,"key":"aspiration:Lifesprig"},{"floor":24,"key":"Juzu Bracelet"},{"floor":41,"key":"Old Coin"},{"floor":43,"key":"Gremlin Horn"},{"floor":55,"key":"Art of War"},{"floor":58,"key":"aspiration:StickyExplosives"},{"floor":68,"key":"Bag of Preparation"},{"floor":68,"key":"White Beast Statue"},{"floor":68,"key":"hubris:64BitClover"},{"floor":90,"key":"conspire:InfiniteJournal"},{"floor":98,"key":"Mummified Hand"},{"floor":114,"key":"hubris:SlimyHat"},{"floor":128,"key":"sneckomod:BlankCard"},{"floor":147,"key":"aspiration:ChemicalBlood"}],"event_choices":[{"damage_healed":0,"gold_gain":0,"player_choice":"Leave","damage_taken":0,"max_hp_gain":0,"max_hp_loss":0,"event_name":"FaceTrader","floor":54,"gold_loss":0},{"damage_healed":0,"gold_gain":0,"player_choice":"Leave","damage_taken":0,"max_hp_gain":0,"max_hp_loss":0,"event_name":"conspire:Investor","floor":76,"gold_loss":0},{"damage_healed":0,"gold_gain":0,"player_choice":"Disagree","damage_taken":0,"max_hp_gain":0,"max_hp_loss":0,"event_name":"conspire:LoneGhost","floor":106,"gold_loss":0},{"damage_healed":0,"gold_gain":0,"player_choice":"Inject Mutagens","damage_taken":0,"relics_obtained":["MutagenicStrength"],"max_hp_gain":0,"max_hp_loss":0,"event_name":"Drug Dealer","floor":124,"gold_loss":0},{"cards_removed":["champ:Taunt"],"damage_healed":0,"gold_gain":0,"player_choice":"Removed Skill","damage_taken":0,"max_hp_gain":0,"max_hp_loss":0,"event_name":"Falling","floor":149,"gold_loss":0}],"is_beta":false,"boss_relics":[{"not_picked":["hubris:RunicObelisk","hubris:GrandSneckoEye"],"picked":"Cursed Key"},{"not_picked":["Pandora\u0027s Box","aspiration:IroncladSkillbook"],"picked":"sneckomod:SneckoTalon"},{"not_picked":["aspiration:SilentSkillbook","hubris:HollowSoul"],"picked":"hubris:ScarierMask"},{"not_picked":["aspiration:RitualDagger","aspiration:SecretTechniqueScroll"],"picked":"Calling Bell"},{"not_picked":["conspire:RoyalGoblet","hubris:HollowSoul"],"picked":"Busted Crown"},{"not_picked":["Snecko Eye","aspiration:PoetsPen"],"picked":"hubris:Backtick"},{"not_picked":["hubris:CrackedHourglass","energizedSpire:MagnifyingGlass"],"picked":"Runic Dome"},{"not_picked":["energizedSpire:OgreHead","Fusion Hammer"],"picked":"Philosopher\u0027s Stone"}],"items_purged_floors":[11,22,27,48,48,59,62,96,131,139],"is_endless":true,"potions_floor_spawned":[4,9,13,15,20,30,33,37,44,45,47,49,50,55,60,63,70,75,78,83,84,87,88,92,93,98,99,100,101,104,105,109,110,112,113,114,116,117,118,121,122,125,126,127,128,129,134,135,138,140,143,146,147,148,150,151],"killed_by":"infinitespire:LordOfFortification","ascension_level":1}}