{"host":"och2iitg9ibgz06n","time":1611010101,"event":{"mods":["Abigail Mod","AchievementEnabler","Aspiration","BaseMod","Colored Powertips","Dio Mod","FruityMod","Hubris","Hyrulean Relics","Infinite Spire","Minty Spire (QoL Compilation)","Replay The Spire","Small Relic Pack","StSLib","The Animator","The Bug Knight","The Hierophant","The Jungle","The Saiyan","TheHero","Wandering Minibosses","everything is the same but u backflip on backflip","slay the spire mod where everything is the same but ironclad has a cowboy hat","vexMod"],"gold_per_floor":[118,138,138,156,5,35,35,146,172,350,350,350,350,464,464,568,568,609,609,628,628,628],"floor_reached":21,"language":"ENG","playtime":1098,"items_purged":[],"score":198,"play_id":"a851a574-a06e-40a4-a467-0d834fc87985","local_time":"20210118164821","is_ascension_mode":true,"campfire_choices":[{"floor":7,"key":"REST"},{"floor":11,"key":"REST"},{"data":"AbbyMod:ExposeNavel","floor":13,"key":"SMITH"},{"data":"AbbyMod:ConsumeFlesh","floor":15,"key":"SMITH"}],"circlet_count":0,"master_deck":["AbbyMod:Ab_Strike","AbbyMod:Ab_Strike","AbbyMod:Ab_Strike","AbbyMod:Ab_Defend","AbbyMod:Ab_Defend","AbbyMod:Ab_Defend","AbbyMod:FleetingSanity","AbbyMod:ForeheadBeam","AbbyMod:WitchTrial","AbbyMod:Dabigail+1","AbbyMod:MeltBrain","AbbyMod:LargeTentacle","AbbyMod:ExposeNavel+1","AbbyMod:VoidWhispers","AbbyMod:ConsumeFlesh+1","AbbyMod:SlimyBody","AbbyMod:AdultWords","AbbyMod:ChocoKey"],"relics":["AbbyMod:Salem_Diary","Ancient Tea Set","Regal Pillow","Vajra","hubris:MobiusCoin","Ring of Chaos"],"acts_visited":["Exordium","TheCity"],"potions_floor_usage":[18,20,21,21],"damage_taken":[{"damage":2,"enemies":"2 Louse","floor":1,"turns":4},{"damage":4,"enemies":"Cultist","floor":2,"turns":4},{"damage":5,"enemies":"Small Slimes","floor":4,"turns":6},{"damage":11,"enemies":"3 Sentries","floor":6,"turns":9},{"damage":7,"enemies":"3 Louse","floor":8,"turns":5},{"damage":22,"enemies":"Gremlin Nob","floor":10,"turns":4},{"damage":0,"enemies":"Looter","floor":14,"turns":7},{"damage":19,"enemies":"Hexaghost","floor":16,"turns":8},{"damage":20,"enemies":"Shell Parasite","floor":18,"turns":9},{"damage":31,"enemies":"Chosen","floor":20,"turns":8},{"damage":11,"enemies":"Shelled Parasite and Fungi","floor":21,"turns":5}],"seed_played":"1747915021586357692","potions_obtained":[{"floor":1,"key":"SkillPotion"},{"floor":2,"key":"Swift Potion"},{"floor":6,"key":"Swift Potion"},{"floor":10,"key":"SkillPotion"},{"floor":20,"key":"Block Potion"}],"is_trial":false,"path_per_floor":["M","M","?","M","$","E","R","M","T","E","R","?","R","M","R","B",null,"M","?","M","M"],"character_chosen":"Ab_Foreigner","items_purchased":["Regal Pillow"],"campfire_rested":2,"item_purchase_floors":[5],"current_hp_per_floor":[58,54,54,49,49,38,60,53,53,31,60,60,60,60,60,43,62,44,38,9,0,0],"gold":628,"neow_bonus":"RANDOM_COMMON_RELIC","is_daily":false,"chose_seed":false,"campfire_upgraded":2,"win_rate":0.0,"timestamp":1611010101,"path_taken":["M","M","?","?","$","E","R","M","T","E","R","?","R","M","R","BOSS","M","?","?","M"],"items_purchased_type":["Relic"],"build_version":"2020-12-22","purchased_purges":0,"victory":false,"max_hp_per_floor":[60,60,60,60,60,60,60,60,60,60,60,60,60,60,60,62,62,64,64,66,66,66],"card_choices":[{"not_picked":["AbbyMod:AlignStars","AbbyMod:Thflth"],"picked":"AbbyMod:WitchTrial","floor":1},{"not_picked":["AbbyMod:Kuroboshi","AbbyMod:PowerGamer"],"picked":"AbbyMod:Dabigail","floor":2},{"not_picked":["AbbyMod:FamiliarShield","AbbyMod:LiftSkirt"],"picked":"AbbyMod:MeltBrain","floor":4},{"not_picked":["AbbyMod:PapaProtection","AbbyMod:FatalEntropy"],"picked":"AbbyMod:LargeTentacle","floor":6},{"not_picked":["AbbyMod:ImpossibleGeometry","AbbyMod:StarRadiance"],"picked":"AbbyMod:ExposeNavel","floor":8},{"not_picked":["AbbyMod:PapaProtection","AbbyMod:AceInTheHole"],"picked":"AbbyMod:VoidWhispers","floor":10},{"not_picked":["AbbyMod:LargeTentacle","AbbyMod:SweetPancakes"],"picked":"AbbyMod:ConsumeFlesh","floor":14},{"not_picked":["AbbyMod:VoidPriest","AbbyMod:CosmicSpark"],"picked":"AbbyMod:SlimyBody","floor":16},{"not_picked":["AbbyMod:EyesOfMadness","AbbyMod:AceInTheHole+1"],"picked":"AbbyMod:AdultWords","floor":18},{"not_picked":["AbbyMod:HolidayWishes","AbbyMod:PapaProtection"],"picked":"AbbyMod:ChocoKey","floor":20}],"player_experience":409638,"relics_obtained":[{"floor":6,"key":"Vajra"},{"floor":10,"key":"hubris:MobiusCoin"}],"event_choices":[{"cards_removed":["AbbyMod:Ab_Strike"],"damage_healed":0,"gold_gain":0,"player_choice":"Card Removal","damage_taken":0,"max_hp_gain":0,"max_hp_loss":0,"event_name":"Wheel of Change","floor":3,"gold_loss":0},{"damage_healed":0,"gold_gain":0,"player_choice":"Grow","damage_taken":0,"max_hp_gain":0,"max_hp_loss":0,"event_name":"Living Wall","floor":12,"gold_loss":0,"cards_upgraded":["AbbyMod:Dabigail"]},{"damage_healed":0,"gold_gain":0,"player_choice":"","damage_taken":6,"max_hp_gain":0,"max_hp_loss":0,"event_name":"Knowing Skull","floor":19,"potions_obtained":[],"gold_loss":0,"cards_obtained":[]}],"is_beta":false,"boss_relics":[{"not_picked":["hubris:CrackedHourglass","Pandora\u0027s Box"],"picked":"Ring of Chaos"}],"items_purged_floors":[],"is_endless":false,"potions_floor_spawned":[1,2,6,10,20],"killed_by":"Shelled Parasite and Fungi","ascension_level":1}}