{"host":"bnypxyuqqfhejs48","time":1610999663,"event":{"mods":["AchievementEnabler","BaseMod","Colored Map","Colored Powertips","Downfall","Hermit","MarisaÅiñ∂âJÅ@ñÇóùçπÅj","Minty Spire (QoL Compilation)","Permanent Neow","Quick Restart","StSLib"],"gold_per_floor":[99,199,218,234,234,245,271,289,301,36,67,52,52,77,90,90,90,90],"floor_reached":16,"language":"ENG","playtime":1053,"items_purged":[],"score":118,"play_id":"3bfa3140-f7f7-4b1b-9253-f6a659d84766","local_time":"20210118135423","is_ascension_mode":true,"campfire_choices":[{"floor":1,"key":"RECALL"},{"floor":13,"key":"REST"}],"circlet_count":0,"master_deck":["champ:Strike","champ:Strike","champ:Strike","champ:Strike","champ:Defend","champ:Defend","champ:Defend","champ:Defend","champ:Execute","champ:Taunt","champ:BerserkersShout","champ:FalseCounter","champ:AdrenalArmor","champ:Haymaker","champ:BerserkerStyle","champ:IgnorePain","champ:CrownThrow","champ:FanOfKnives","champ:IgnorePain","champ:Shatter"],"relics":["champ:ChampionCrown","Pocketwatch","HornCleat","champ:FightingForDummies","Shovel"],"acts_visited":["Exordium"],"potions_floor_usage":[11,12,16,16],"damage_taken":[{"damage":10,"enemies":"Small Slimes","floor":3,"turns":3},{"damage":52,"enemies":"Cultist","floor":4,"turns":6},{"damage":10,"enemies":"2 Louse","floor":6,"turns":1},{"damage":37,"enemies":"Blue Slaver","floor":8,"turns":7},{"damage":16,"enemies":"Exordium Wildlife","floor":9,"turns":4},{"damage":15,"enemies":"downfall:FleeingMerchant","floor":10,"turns":4},{"damage":42,"enemies":"Lagavulin","floor":11,"turns":5},{"damage":17,"enemies":"downfall:FleeingMerchant","floor":12,"turns":4},{"damage":39,"enemies":"Gremlin Nob","floor":14,"turns":5},{"damage":26,"enemies":"Gremlin Gang","floor":15,"turns":4},{"damage":35,"enemies":"IC_STATUS_ARCHETYPE","floor":16,"turns":4}],"seed_played":"-3466752951642025663","potions_obtained":[{"floor":8,"key":"sneckomod:MuddlingPotion"},{"floor":11,"key":"DistilledChaos"},{"floor":14,"key":"SkillPotion"},{"floor":15,"key":"FearPotion"}],"is_trial":false,"path_per_floor":["R","?","M","M","?","M","T","M","M","$","E","$","R","E","M","B"],"character_chosen":"THE_CHAMP","items_purchased":["HornCleat"],"campfire_rested":1,"item_purchase_floors":[10],"current_hp_per_floor":[63,63,63,41,26,26,26,17,16,16,18,18,45,27,19,0,0,0],"gold":90,"neow_bonus":"ONE_RARE_RELIC","is_daily":false,"chose_seed":false,"campfire_upgraded":0,"win_rate":0.0,"timestamp":1610999663,"path_taken":["R","?","M","M","?","?","T","M","?","?","E","$","R","E","M","BOSS"],"items_purchased_type":["Relic"],"build_version":"2020-12-22","purchased_purges":0,"victory":false,"max_hp_per_floor":[90,90,90,90,90,90,90,90,90,90,90,90,90,90,90,90,90,90],"card_choices":[{"not_picked":["champ:AdrenalArmor","champ:RecklessLeap"],"picked":"champ:BerserkersShout","floor":3},{"not_picked":["champ:EnGarde","champ:BladeFlurry"],"picked":"champ:FalseCounter","floor":4},{"not_picked":["champ:Parry","champ:BerserkersShout"],"picked":"champ:AdrenalArmor","floor":6},{"not_picked":["champ:PerfectedStrike","champ:SkillfulDodge"],"picked":"champ:Haymaker","floor":8},{"not_picked":["champ:TornadoPunch","champ:BringItOn"],"picked":"champ:BerserkerStyle","floor":9},{"not_picked":["champ:PreciseThrust","champ:FocusedDefense"],"picked":"champ:IgnorePain","floor":10},{"not_picked":["champ:DefensiveShout","champ:Shatter"],"picked":"champ:CrownThrow","floor":11},{"not_picked":["champ:CrownThrow","champ:Haymaker"],"picked":"champ:FanOfKnives","floor":12},{"not_picked":["champ:SetATrap","champ:FlashCut"],"picked":"champ:IgnorePain","floor":14},{"not_picked":["champ:BerserkersShout","champ:Lariat"],"picked":"champ:Shatter","floor":15}],"player_experience":301922,"relics_obtained":[{"floor":11,"key":"champ:FightingForDummies"},{"floor":14,"key":"Shovel"}],"event_choices":[],"is_beta":false,"boss_relics":[],"items_purged_floors":[],"is_endless":false,"potions_floor_spawned":[8,11,14,15],"killed_by":"IC_STATUS_ARCHETYPE","ascension_level":1}}