{"host":"t2jxv9tm8kj57cky","time":1611002481,"event":{"mods":["BaseMod","Minty Spire (QoL Compilation)","StSLib","The Poker Player","The Saiyan"],"gold_per_floor":[111,124,138,70,70,70,81,81,129,129,141,141,154,184,184,287,287,298,0,0,0,10,10,34,45,45,74,74,74,74],"floor_reached":29,"language":"ENG","playtime":1249,"items_purged":["Strike_B"],"score":243,"play_id":"d8bcf5f8-301d-4836-9473-79b4a920f95e","local_time":"20210118144121","is_ascension_mode":false,"campfire_choices":[{"data":"Lockon","floor":6,"key":"SMITH"},{"data":"Beam Cell","floor":8,"key":"SMITH"},{"data":"Creative AI","floor":10,"key":"SMITH"},{"data":"Biased Cognition","floor":12,"key":"SMITH"},{"floor":15,"key":"REST"},{"data":"Loop","floor":23,"key":"SMITH"},{"floor":28,"key":"REST"}],"circlet_count":0,"master_deck":["Strike_B","Strike_B","Strike_B","Defend_B","Defend_B","Defend_B","Defend_B","Zap","Dualcast","Normality","Biased Cognition+1","Lockon+1","Leap","Beam Cell+1","Streamline","Redo","Heatsinks","Creative AI+1","Zap","Self Repair","Melter","Hello World","Leap","Amplify","Barrage","Loop+1","Ball Lightning","Thunder Strike","Recycle"],"relics":["Cracked Core","Pen Nib","Potion Belt","Inserter","Lee\u0027s Waffle","Smiling Mask","PreservedInsect","Blood Vial"],"acts_visited":["TheCity"],"potions_floor_usage":[7,16,16,25,29],"damage_taken":[{"damage":0,"enemies":"Cultist","floor":1,"turns":3},{"damage":0,"enemies":"Small Slimes","floor":2,"turns":2},{"damage":1,"enemies":"Jaw Worm","floor":3,"turns":2},{"damage":11,"enemies":"Exordium Wildlife","floor":7,"turns":4},{"damage":0,"enemies":"2 Fungi Beasts","floor":11,"turns":2},{"damage":13,"enemies":"Red Slaver","floor":13,"turns":3},{"damage":18,"enemies":"Lagavulin","floor":14,"turns":4},{"damage":20,"enemies":"Hexaghost","floor":16,"turns":9},{"damage":35,"enemies":"3 Byrds","floor":18,"turns":5},{"damage":16,"enemies":"Chosen","floor":22,"turns":5},{"damage":19,"enemies":"Snake Plant","floor":25,"turns":4},{"damage":51,"enemies":"Gremlin Leader","floor":27,"turns":5},{"damage":36,"enemies":"Slavers","floor":29,"turns":3}],"seed_played":"-6676540523768545787","potions_obtained":[{"floor":2,"key":"EssenceOfSteel"},{"floor":7,"key":"ColorlessPotion"},{"floor":13,"key":"ColorlessPotion"},{"floor":22,"key":"Energy Potion"},{"floor":27,"key":"Fire Potion"}],"is_trial":false,"path_per_floor":["M","M","M","$","?","R","M","R","T","R","M","R","M","E","R","B",null,"M","$","$","?","M","R","T","M","T","E","R","E"],"character_chosen":"DEFECT","items_purchased":["Streamline","Redo","Loop","Lee\u0027s Waffle"],"campfire_rested":2,"item_purchase_floors":[4,4,19,19],"current_hp_per_floor":[75,75,74,74,74,74,63,63,63,63,63,63,50,39,61,41,75,47,82,82,73,64,64,64,52,52,8,32,0,0],"gold":74,"neow_bonus":"THREE_RARE_CARDS","is_daily":false,"chose_seed":false,"campfire_upgraded":5,"win_rate":0.0,"timestamp":1611002481,"path_taken":["M","?","?","$","?","R","M","R","T","R","M","R","M","E","R","BOSS","M","?","$","?","M","R","?","?","T","E","R","E"],"items_purchased_type":["Card","Card","Card","Relic"],"build_version":"2020-12-22","purchased_purges":1,"victory":false,"max_hp_per_floor":[75,75,75,75,75,75,75,75,75,75,75,75,75,75,75,75,75,75,82,82,82,82,82,82,82,82,82,82,82,82],"card_choices":[{"not_picked":["Core Surge","Machine Learning"],"picked":"Biased Cognition","floor":0},{"not_picked":["Hello World","Force Field"],"picked":"Lockon","floor":1},{"not_picked":["Fusion","Blizzard"],"picked":"Leap","floor":2},{"not_picked":["Hologram","Compile Driver"],"picked":"Beam Cell","floor":3},{"not_picked":["FTL","Loop"],"picked":"Self Repair","floor":7},{"not_picked":["Reprogram","Gash"],"picked":"Melter","floor":11},{"not_picked":["Doom and Gloom","Fission"],"picked":"Hello World","floor":13},{"not_picked":["Consume","Heatsinks"],"picked":"Leap","floor":14},{"not_picked":["Meteor Strike","Machine Learning"],"picked":"Amplify","floor":16},{"not_picked":["Cold Snap","Go for the Eyes"],"picked":"Barrage","floor":18},{"not_picked":["Chaos","Hologram"],"picked":"Ball Lightning","floor":22},{"not_picked":["Cold Snap","Compile Driver"],"picked":"Thunder Strike","floor":25},{"not_picked":["Consume","Go for the Eyes"],"picked":"Recycle","floor":27}],"player_experience":70869,"relics_obtained":[{"floor":9,"key":"Pen Nib"},{"floor":14,"key":"Potion Belt"},{"floor":24,"key":"Smiling Mask"},{"floor":26,"key":"PreservedInsect"},{"floor":27,"key":"Blood Vial"}],"event_choices":[{"damage_healed":0,"gold_gain":0,"player_choice":"3 cards matched","damage_taken":0,"max_hp_gain":0,"max_hp_loss":0,"event_name":"Match and Keep!","floor":5,"gold_loss":0,"cards_obtained":["Heatsinks","Creative AI","Zap"]},{"damage_healed":0,"gold_gain":0,"player_choice":"Stopped","damage_taken":9,"max_hp_gain":0,"max_hp_loss":0,"event_name":"Cursed Tome","floor":21,"gold_loss":0}],"is_beta":false,"boss_relics":[{"not_picked":["Sozu","Velvet Choker"],"picked":"Inserter"}],"items_purged_floors":[19],"is_endless":false,"potions_floor_spawned":[2,7,13,22,27],"killed_by":"Slavers","ascension_level":0}}