{"host":"t2jxv9tm8kj57cky","time":1611008726,"event":{"mods":["BaseMod","Minty Spire (QoL Compilation)","StSLib","The Poker Player","The Saiyan"],"gold_per_floor":[409,409,106,119,135,135,148,176,247,262,276,1,0,0,0,98,98,112,0,0,14,31,61,71,71,71],"floor_reached":25,"language":"ENG","playtime":1936,"items_purged":["Pain","Strike_P"],"score":225,"play_id":"320af551-a62c-486b-a3d2-edddb4d237bc","local_time":"20210118162526","is_ascension_mode":false,"campfire_choices":[{"data":"FlurryOfBlows","floor":6,"key":"SMITH"},{"floor":15,"key":"REST"}],"circlet_count":0,"master_deck":["Strike_P","Strike_P","Strike_P","Defend_P+1","Defend_P","Defend_P","Defend_P","Eruption","Vigilance+1","FlurryOfBlows+1","Vengeance","EmptyFist","TalkToTheHand","ClearTheMind","EmptyBody","FlurryOfBlows","PathToVictory","LikeWater","FlurryOfBlows","Mind Blast","Meditate","ClearTheMind","FollowUp+1","Perseverance"],"relics":["PureWater","Old Coin","Dead Branch","War Paint","Omamori","Matryoshka","SlaversCollar","Orichalcum","Ornamental Fan","Toy Ornithopter"],"acts_visited":["Exordium","TheCity"],"potions_floor_usage":[16,22,22,22,22,23,23,24,25],"damage_taken":[{"damage":9,"enemies":"Small Slimes","floor":1,"turns":4},{"damage":7,"enemies":"2 Louse","floor":4,"turns":3},{"damage":2,"enemies":"Jaw Worm","floor":5,"turns":4},{"damage":4,"enemies":"Looter","floor":7,"turns":3},{"damage":18,"enemies":"3 Sentries","floor":8,"turns":7},{"damage":1,"enemies":"3 Louse","floor":10,"turns":3},{"damage":13,"enemies":"Exordium Thugs","floor":11,"turns":4},{"damage":13,"enemies":"Hexaghost","floor":16,"turns":8},{"damage":2,"enemies":"Shell Parasite","floor":18,"turns":3},{"damage":0,"enemies":"Spheric Guardian","floor":21,"turns":3},{"damage":10,"enemies":"Snake Plant","floor":22,"turns":2},{"damage":47,"enemies":"Slavers","floor":23,"turns":7},{"damage":0,"enemies":"Centurion and Healer","floor":24,"turns":5},{"damage":26,"enemies":"Gremlin Leader","floor":25,"turns":5}],"seed_played":"-3633106825284974215","potions_obtained":[{"floor":4,"key":"DuplicationPotion"},{"floor":10,"key":"Energy Potion"},{"floor":11,"key":"LiquidMemories"},{"floor":16,"key":"EntropicBrew"},{"floor":22,"key":"Strength Potion"},{"floor":24,"key":"SkillPotion"}],"is_trial":false,"path_per_floor":["M","?","$","M","M","R","M","E","T","M","M","$","?","?","R","B",null,"M","?","T","M","M","E","M","E"],"character_chosen":"WATCHER","items_purchased":["War Paint","Vengeance","LikeWater","FlurryOfBlows","Mind Blast"],"campfire_rested":1,"item_purchase_floors":[3,3,12,12,12],"current_hp_per_floor":[63,51,51,44,42,42,38,20,20,19,6,6,6,6,27,14,72,70,70,70,70,60,13,18,0,0],"gold":71,"neow_bonus":"ONE_RARE_RELIC","is_daily":false,"chose_seed":false,"campfire_upgraded":1,"win_rate":0.0,"timestamp":1611008726,"path_taken":["M","?","$","M","M","R","M","E","T","M","M","$","?","?","R","BOSS","M","?","?","M","M","E","M","E"],"items_purchased_type":["Relic","Card","Card","Card","Card"],"build_version":"2020-12-22","purchased_purges":2,"victory":false,"max_hp_per_floor":[72,72,72,72,72,72,72,72,72,72,72,72,72,72,72,72,72,72,72,72,72,72,72,72,72,72],"card_choices":[{"not_picked":["CrushJoints","CutThroughFate"],"picked":"FlurryOfBlows","floor":1},{"not_picked":["DeceiveReality","BowlingBash"],"picked":"EmptyFist","floor":4},{"not_picked":["FollowUp","Consecrate"],"picked":"TalkToTheHand","floor":5},{"not_picked":["Evaluate","ReachHeaven"],"picked":"ClearTheMind","floor":7},{"not_picked":["CrushJoints","Evaluate"],"picked":"EmptyBody","floor":8},{"not_picked":["Judgement","JustLucky"],"picked":"FlurryOfBlows","floor":10},{"not_picked":["CutThroughFate","ReachHeaven"],"picked":"PathToVictory","floor":11},{"not_picked":["Evaluate","FlyingSleeves","BowlingBash"],"picked":"SKIP","floor":18},{"not_picked":["Swivel","PathToVictory"],"picked":"Meditate","floor":21},{"not_picked":["Wallop","CrushJoints"],"picked":"ClearTheMind","floor":22},{"not_picked":["Brilliance","JustLucky"],"picked":"FollowUp+1","floor":23},{"not_picked":["ClearTheMind","Evaluate"],"picked":"Perseverance","floor":24}],"player_experience":75826,"relics_obtained":[{"floor":8,"key":"Omamori"},{"floor":9,"key":"Matryoshka"},{"floor":20,"key":"Orichalcum"},{"floor":20,"key":"Ornamental Fan"},{"floor":23,"key":"Toy Ornithopter"}],"event_choices":[{"damage_healed":0,"gold_gain":0,"player_choice":"Success","damage_taken":12,"relics_obtained":["Dead Branch"],"max_hp_gain":0,"max_hp_loss":0,"event_name":"Scrap Ooze","floor":2,"gold_loss":0},{"damage_healed":0,"gold_gain":0,"player_choice":"Left Gold","damage_taken":0,"max_hp_gain":0,"max_hp_loss":0,"event_name":"World of Goop","floor":13,"gold_loss":1},{"damage_healed":0,"gold_gain":0,"player_choice":"Ignored","damage_taken":0,"max_hp_gain":0,"max_hp_loss":0,"event_name":"Shining Light","floor":14,"gold_loss":0},{"damage_healed":0,"gold_gain":0,"player_choice":"Paid Fearfully","damage_taken":0,"max_hp_gain":0,"max_hp_loss":0,"event_name":"Masked Bandits","floor":19,"gold_loss":112}],"is_beta":false,"boss_relics":[{"not_picked":["Calling Bell","Velvet Choker"],"picked":"SlaversCollar"}],"items_purged_floors":[3,12],"is_endless":false,"potions_floor_spawned":[4,10,11,16,22,24],"killed_by":"Gremlin Leader","ascension_level":0}}