{"host":"J","time":1611000305,"event":{"mods":["AchievementEnabler","BaseMod","Block Reminder","Highlight Path","Minty Spire (QoL Compilation)","Permanent Neow","Quick Restart","Relic Stats","UnlockEverythingMod"],"gold_per_floor":[113,126,141,156,173,173,203,203,229,34,34,66,78,109,121,133,133],"floor_reached":16,"language":"ENG","playtime":1125,"items_purged":[],"score":196,"play_id":"b7ef3bc8-78dd-4edc-af60-259274cd0204","local_time":"20210118210505","is_ascension_mode":true,"campfire_choices":[{"data":"Bash","floor":6,"key":"SMITH"},{"data":"Pommel Strike","floor":8,"key":"SMITH"},{"data":"Offering","floor":15,"key":"SMITH"}],"circlet_count":0,"master_deck":["AscendersBane","Strike_R","Strike_R","Strike_R","Strike_R","Strike_R","Defend_R","Defend_R","Defend_R","Defend_R","Bash+1","Pommel Strike+1","Twin Strike","Battle Trance","Bloodletting","Sword Boomerang+1","Rupture+1","Offering+1","Heavy Blade+1"],"relics":["Runic Cube","Molten Egg 2","MawBank"],"acts_visited":["Exordium"],"potions_floor_usage":[7,14],"damage_taken":[{"damage":5,"enemies":"Small Slimes","floor":1,"turns":6},{"damage":1,"enemies":"2 Louse","floor":2,"turns":3},{"damage":1,"enemies":"Cultist","floor":3,"turns":3},{"damage":7,"enemies":"3 Louse","floor":4,"turns":5},{"damage":16,"enemies":"Gremlin Gang","floor":5,"turns":6},{"damage":11,"enemies":"Gremlin Nob","floor":7,"turns":3},{"damage":24,"enemies":"3 Sentries","floor":12,"turns":4},{"damage":13,"enemies":"Large Slime","floor":14,"turns":4},{"damage":6,"enemies":"The Guardian","floor":16,"turns":2}],"seed_played":"-303744912304377034","potions_obtained":[{"floor":1,"key":"LiquidMemories"},{"floor":2,"key":"Ancient Potion"},{"floor":7,"key":"Block Potion"}],"is_trial":false,"path_per_floor":["M","M","M","M","M","R","E","R","T","$","?","E","?","M","R","B"],"character_chosen":"IRONCLAD","items_purchased":["Rupture","Offering"],"campfire_rested":0,"item_purchase_floors":[10,10],"current_hp_per_floor":[63,62,61,54,38,38,27,27,27,27,27,3,28,15,15,9,9],"gold":133,"neow_bonus":"BOSS_RELIC","is_daily":false,"chose_seed":false,"campfire_upgraded":3,"win_rate":0.0,"timestamp":1611000305,"path_taken":["M","M","M","M","M","R","E","R","T","$","?","E","?","M","R","BOSS"],"items_purchased_type":["Card","Card"],"build_version":"2020-12-18","purchased_purges":0,"victory":false,"max_hp_per_floor":[75,75,75,75,75,75,75,75,75,75,75,75,75,75,75,75,75],"relic_stats":{"counters":[9,36],"MawBank":48,"obtain_stats":[{"Molten Egg 2":7,"MawBank":12,"Burning Blood":0,"Runic Cube":0},{"Molten Egg 2":6,"MawBank":7,"Burning Blood":0,"Runic Cube":0},{"Molten Egg 2":26,"MawBank":30,"Burning Blood":0,"Runic Cube":0}],"Runic Cube":[17]},"card_choices":[{"not_picked":["Rampage","Second Wind"],"picked":"Pommel Strike","floor":1},{"not_picked":["Iron Wave","Wild Strike"],"picked":"Twin Strike","floor":2},{"not_picked":["Clash","Evolve"],"picked":"Battle Trance","floor":3},{"not_picked":["Twin Strike","Sever Soul","Flame Barrier"],"picked":"SKIP","floor":4},{"not_picked":["Ghostly Armor","Second Wind"],"picked":"Bloodletting","floor":5},{"not_picked":["Flex","Pommel Strike+1"],"picked":"Sword Boomerang+1","floor":7},{"not_picked":["Flame Barrier","Clash+1"],"picked":"Heavy Blade+1","floor":12},{"not_picked":["Bludgeon+1","Wild Strike+1","Havoc"],"picked":"SKIP","floor":14}],"player_experience":159674,"relics_obtained":[{"floor":7,"key":"Molten Egg 2"},{"floor":12,"key":"MawBank"}],"event_choices":[{"damage_healed":0,"gold_gain":0,"player_choice":"Grow","damage_taken":0,"max_hp_gain":0,"max_hp_loss":0,"event_name":"Living Wall","floor":11,"gold_loss":0,"cards_upgraded":["Rupture"]},{"damage_healed":25,"gold_gain":0,"player_choice":"Banana","damage_taken":0,"max_hp_gain":0,"max_hp_loss":0,"event_name":"Big Fish","floor":13,"gold_loss":0}],"is_beta":true,"boss_relics":[],"items_purged_floors":[],"is_endless":false,"potions_floor_spawned":[1,2,7],"killed_by":"The Guardian","ascension_level":15}}