{"host":"z4nt7tdd4gjrinn7","time":1611012574,"event":{"mods":["100% Spire Juice","BaseMod","Minty Spire (QoL Compilation)","StSLib"],"gold_per_floor":[113,113,213,137,147,147,157,157,203,203,215,241,0,0,0,97,97,113,127,138,138,138],"floor_reached":21,"language":"ENG","playtime":984,"items_purged":[],"score":179,"play_id":"97a6583a-c36a-4d0b-b98a-1170b558f83d","local_time":"20210118182934","is_ascension_mode":false,"campfire_choices":[{"floor":6,"key":"REST"},{"data":"Gash","floor":8,"key":"SMITH"},{"data":"Streamline","floor":10,"key":"SMITH"},{"floor":15,"key":"REST"}],"circlet_count":0,"master_deck":["Strike_B","Strike_B","Strike_B","Strike_B+1","Defend_B","Defend_B","Defend_B","Defend_B","Zap","Dualcast+1","Beam Cell","Stack","Streamline+1","Gash+1","Lockon","Ball Lightning+1","Capacitor","Gash","Hello World","All For One","Gash","Cold Snap","Rainbow"],"relics":["Cracked Core","Nunchaku","Regal Pillow","Whetstone","SlaversCollar"],"acts_visited":["Exordium","TheCity"],"potions_floor_usage":[16,18,20,21],"damage_taken":[{"damage":3,"enemies":"Jaw Worm","floor":1,"turns":4},{"damage":1,"enemies":"2 Louse","floor":5,"turns":2},{"damage":0,"enemies":"Cultist","floor":7,"turns":2},{"damage":12,"enemies":"3 Louse","floor":11,"turns":2},{"damage":6,"enemies":"Gremlin Nob","floor":12,"turns":3},{"damage":43,"enemies":"Slime Boss","floor":16,"turns":7},{"damage":44,"enemies":"2 Thieves","floor":18,"turns":4},{"damage":18,"enemies":"Spheric Guardian","floor":19,"turns":4},{"damage":20,"enemies":"3 Cultists","floor":20,"turns":5},{"damage":5,"enemies":"Centurion and Healer","floor":21,"turns":1}],"seed_played":"5910368403826123496","potions_obtained":[{"floor":7,"key":"Strength Potion"},{"floor":16,"key":"PowerPotion"},{"floor":19,"key":"SkillPotion"},{"floor":20,"key":"Explosive Potion"}],"is_trial":false,"path_per_floor":["M","?","?","$","M","R","M","R","T","R","M","E","$","?","R","B",null,"M","M","M","M"],"character_chosen":"DEFECT","items_purchased":["Stack","Streamline","Gash","Hello World","Whetstone"],"campfire_rested":2,"item_purchase_floors":[4,4,13,13,13],"current_hp_per_floor":[79,79,79,79,78,82,82,82,82,82,70,64,64,69,87,44,87,43,25,5,0,0],"gold":138,"neow_bonus":"TEN_PERCENT_HP_BONUS","is_daily":false,"chose_seed":false,"campfire_upgraded":2,"win_rate":0.0,"timestamp":1611012574,"path_taken":["M","?","?","$","M","R","M","R","T","R","?","E","$","?","R","BOSS","M","M","M","M"],"items_purchased_type":["Card","Card","Card","Card","Relic"],"build_version":"2020-12-22","purchased_purges":0,"victory":false,"max_hp_per_floor":[82,82,82,82,82,82,82,82,82,82,82,82,82,87,87,87,87,87,87,87,87,87],"card_choices":[{"not_picked":["Conserve Battery","Reinforced Body"],"picked":"Beam Cell","floor":1},{"not_picked":["Compile Driver","White Noise"],"picked":"Gash","floor":5},{"not_picked":["Coolheaded","Tempest"],"picked":"Lockon","floor":7},{"not_picked":["Stack","Consume"],"picked":"Ball Lightning","floor":11},{"not_picked":["Rip and Tear","Conserve Battery"],"picked":"Capacitor","floor":12},{"not_picked":["Machine Learning","Fission"],"picked":"All For One","floor":16},{"not_picked":["Sweeping Beam","BootSequence"],"picked":"Gash","floor":18},{"not_picked":["Stack","Steam"],"picked":"Cold Snap","floor":19},{"not_picked":["Tempest","Go for the Eyes"],"picked":"Rainbow","floor":20}],"player_experience":97563,"relics_obtained":[{"floor":9,"key":"Nunchaku"},{"floor":12,"key":"Regal Pillow"}],"event_choices":[{"damage_healed":0,"gold_gain":0,"player_choice":"Grow","damage_taken":0,"max_hp_gain":0,"max_hp_loss":0,"event_name":"Living Wall","floor":2,"gold_loss":0,"cards_upgraded":["Dualcast"]},{"damage_healed":0,"gold_gain":100,"player_choice":"Pray","damage_taken":0,"max_hp_gain":0,"max_hp_loss":0,"event_name":"Golden Shrine","floor":3,"gold_loss":0},{"damage_healed":0,"gold_gain":0,"player_choice":"Donut","damage_taken":0,"max_hp_gain":5,"max_hp_loss":0,"event_name":"Big Fish","floor":14,"gold_loss":0}],"is_beta":false,"boss_relics":[{"not_picked":["Coffee Dripper","Runic Dome"],"picked":"SlaversCollar"}],"items_purged_floors":[],"is_endless":false,"potions_floor_spawned":[7,16,19,20],"killed_by":"Centurion and Healer","ascension_level":0}}