{"host":"ifrtxrfi0kt9ye6r","time":1611007824,"event":{"mods":["Act Like it!","BaseMod","BetterRewards","Friendly Minions","Gensokyo","Hubris","Infinite Spire","Koishi","Marisa£¨Ùöéë¡¡Øª×âÞÞ£©","Minty Spire (QoL Compilation)","Replay The Spire","StSLib","The Animator"],"gold_per_floor":[110,127,145,145,176,203,203,55,79,97,126,126,126,137,137,232,232,248,128,141,158,175,175,175],"floor_reached":23,"language":"ENG","playtime":2848,"items_purged":["animator:Strike","animator:Strike"],"score":216,"play_id":"f9e9ffb4-272e-4994-98ed-f70ac1b2d0d6","local_time":"20210119071024","is_ascension_mode":true,"campfire_choices":[{"floor":7,"key":"REST"},{"data":"Gensokyo:CrescentMoonSlash","floor":7,"key":"SMITH"},{"floor":12,"key":"REST"},{"data":"animator:DolaStephanie","floor":12,"key":"SMITH"},{"floor":15,"key":"REST"}],"circlet_count":0,"master_deck":["animator:Strike_TouhouProject","animator:Defend_TouhouProject","animator:Strike","animator:Defend","animator:Defend","animator:Defend","animator:MarisaKirisame","animator:ReimuHakurei","animator:Cirno+1","animator:MetalKnight+1","animator:Entoma+7","Gensokyo:CrescentMoonSlash+1","animator:AliceMargatroid","Pot Of Greed","Pot Of Greed+1","animator:DolaStephanie+1","animator:Fredrika","animator:Saber","animator:Tet","animator:SuikaIbuki"],"relics":["animator:LivingPicture","animator:TheMissingPiece","animator:PurgingStone","infinitespire:Magic Flask","hubris:Potato","Snack Pack","Guide Book","Grinning Jar","hubris:Towel","Replay:Bronze Core","Gensokyo:SpiderMask"],"acts_visited":["Gensokyo:Gensokyo","Gensokyo:Gensokyoer"],"potions_floor_usage":[6,18,18,18,21],"damage_taken":[{"damage":0,"enemies":"Gensokyo:Python","floor":1,"turns":3},{"damage":3,"enemies":"Gensokyo:3_Fairies","floor":2,"turns":4},{"damage":8,"enemies":"Gensokyo:Gryphon","floor":3,"turns":3},{"damage":1,"enemies":"Gensokyo:VengefulSpirit","floor":5,"turns":4},{"damage":10,"enemies":"Gensokyo:Cirno","floor":6,"turns":5},{"damage":2,"enemies":"Gensokyo:Python_and_Kodama","floor":10,"turns":4},{"damage":12,"enemies":"Gensokyo:Gryphon_and_Rabbit","floor":11,"turns":4},{"damage":10,"enemies":"Gensokyo:3_Kodama","floor":14,"turns":4},{"damage":2,"enemies":"Gensokyo:Reimu","floor":16,"turns":6},{"damage":18,"enemies":"Gensokyo:3_Dogs","floor":18,"turns":3},{"damage":17,"enemies":"Gensokyo:AngelMirror","floor":20,"turns":4},{"damage":17,"enemies":"Gensokyo:Swordslinger","floor":21,"turns":4},{"damage":25,"enemies":"Gensokyo:Slime_Group","floor":22,"turns":5},{"damage":12,"enemies":"Nightmare","floor":23,"turns":5}],"seed_played":"-5921349817806392196","potions_obtained":[{"floor":3,"key":"LiquidBronze"},{"floor":11,"key":"FearPotion"},{"floor":14,"key":"LiquidBronze"},{"floor":16,"key":"Swift Potion"},{"floor":20,"key":"Weak Potion"}],"is_trial":false,"path_per_floor":["M","M","M","?","M","E","R","$","T","M","M","R","?","M","R","B",null,"M","?","M","M","M","NM"],"character_chosen":"THE_ANIMATOR","items_purchased":["animator:Cirno","animator:MetalKnight","infinitespire:Magic Flask","Guide Book"],"campfire_rested":3,"item_purchase_floors":[0,0,0,8],"current_hp_per_floor":[32,31,23,13,12,4,25,25,25,25,13,34,34,28,72,75,76,63,63,46,31,7,0,0],"gold":175,"neow_bonus":"","is_daily":false,"chose_seed":true,"campfire_upgraded":2,"win_rate":0.0,"timestamp":1611007824,"path_taken":["M","M","M","?","M","E","R","?","T","M","M","R","?","M","R","BOSS","M","?","M","M","M","NM"],"items_purchased_type":["Card","Card","Relic","Relic"],"build_version":"2020-12-22","purchased_purges":2,"victory":false,"max_hp_per_floor":[66,68,68,68,68,70,70,70,70,72,72,72,72,74,74,76,76,79,79,79,79,80,80,80],"card_choices":[{"not_picked":["animator:Fredrika","animator:IrohaTamaki"],"picked":"animator:Entoma","floor":1},{"not_picked":["animator:YoshinoHimekawa","animator:RinTohsaka","animator:Hinaichigo"],"picked":"SKIP","floor":2},{"not_picked":["animator:Viivi","animator:Shalltear","animator:Assassin"],"picked":"SKIP","floor":3},{"not_picked":["animator:ReimuHakurei","animator:AyaShameimaru"],"picked":"animator:AliceMargatroid","floor":5},{"not_picked":["animator:ChlammyZell","animator:JunSakurada"],"picked":"animator:Entoma","floor":6},{"not_picked":["animator:Illya","animator:Demiurge","animator:ReimuHakurei"],"picked":"SKIP","floor":10},{"not_picked":["animator:DolaSchwi","animator:Shiro"],"picked":"animator:DolaStephanie","floor":11},{"not_picked":["animator:Demiurge","animator:KotoriItsuka"],"picked":"animator:Fredrika","floor":14},{"not_picked":["animator:AcuraShin","animator:Kyubey"],"picked":"animator:Saber","floor":16},{"not_picked":["animator:SuikaIbuki+1","animator:NarberalGamma"],"picked":"animator:Tet","floor":18},{"not_picked":["animator:SayakaMiki","animator:DolaRiku","animator:Tet"],"picked":"SKIP","floor":20},{"not_picked":["animator:YoshinoHimekawa","animator:EmiyaShirou+1","animator:Genos"],"picked":"SKIP","floor":21},{"not_picked":["animator:Illya","animator:Caster+1"],"picked":"animator:SuikaIbuki","floor":22}],"player_experience":293977,"relics_obtained":[{"floor":6,"key":"Snack Pack"},{"floor":9,"key":"Grinning Jar"}],"event_choices":[],"is_beta":false,"boss_relics":[{"not_picked":["ChewingGum","hubris:BlackHole"],"picked":"Replay:Bronze Core"}],"items_purged_floors":[0,0],"is_endless":false,"potions_floor_spawned":[3,11,14,16,20],"killed_by":"Nightmare","ascension_level":2}}