{"host":"ebj6lkgm8suah319","time":1611002206,"event":{"mods":["2.2 Compatiblity","AchievementEnabler","BaseMod","Block Reminder","Colored Map","Colored Powertips","Minty Spire (QoL Compilation)","Quick Restart","Rare Cards Sparkle","Relic Stats","SuperFastMode"],"gold_per_floor":[113,38,38,38,38,38,67,67,67,84,84,110,125,153,153,248,248,263,274,293,293,310,310,320,350,362,374,386,6,20,55,55,153,153,167,167,217,232,242,277,8,26,26,52,52,72,101,121,121,121],"floor_reached":51,"language":"ENG","playtime":2348,"items_purged":["Pain","Pain","Strike_R"],"score":1140,"play_id":"3124e561-9465-44f0-ab06-cdb40c0fc145","local_time":"20210118153646","is_ascension_mode":true,"campfire_choices":[{"data":"Apotheosis","floor":6.0,"key":"SMITH"},{"data":"True Grit","floor":11.0,"key":"SMITH"},{"data":"Pommel Strike","floor":15.0,"key":"SMITH"},{"data":"Offering","floor":23.0,"key":"SMITH"},{"floor":28,"key":"REST"},{"floor":32,"key":"REST"},{"floor":49,"key":"REST"}],"circlet_count":0,"master_deck":["Strike_R","Defend_R","Defend_R","Defend_R","Defend_R","Bash","Apotheosis+1","Uppercut","Pommel Strike+1","True Grit+1","Feel No Pain","Feel No Pain","Pommel Strike","Offering+1","Disarm","Entrench","Feed","Pommel Strike","Havoc","Dark Embrace","Barricade","Corruption+1","Shockwave+1","Fiend Fire+1","Shockwave+1","Inflame","Flame Barrier","Shrug It Off+1","Body Slam+1","Feel No Pain","Spot Weakness+1","Reaper","Shrug It Off+1","Sentinel+1"],"relics":["Burning Blood","Happy Flower","Pen Nib","Matryoshka","InkBottle","Vajra","Velvet Choker","Strawberry","Mummified Hand","MawBank","Potion Belt","Question Card","WarpedTongs","Lee\u0027s Waffle","Centennial Puzzle","White Beast Statue","Astrolabe","Peace Pipe","PreservedInsect","DollysMirror","Darkstone Periapt","Singing Bowl","Ornamental Fan","Frozen Egg 2"],"acts_visited":["Exordium","TheCity","TheBeyond"],"potions_floor_usage":[25,31,33,33,42,42,46,50,50,50,50],"damage_taken":[{"damage":8.0,"enemies":"Cultist","floor":1.0,"turns":5.0},{"damage":18.0,"enemies":"Gremlin Nob","floor":7.0,"turns":4.0},{"damage":0.0,"enemies":"Small Slimes","floor":10.0,"turns":3.0},{"damage":12.0,"enemies":"Lagavulin","floor":12.0,"turns":6.0},{"damage":2.0,"enemies":"Jaw Worm","floor":13.0,"turns":4.0},{"damage":12.0,"enemies":"3 Sentries","floor":14.0,"turns":7.0},{"damage":34.0,"enemies":"Hexaghost","floor":16.0,"turns":7.0},{"damage":1.0,"enemies":"Shell Parasite","floor":18.0,"turns":4.0},{"damage":6.0,"enemies":"Spheric Guardian","floor":19.0,"turns":3.0},{"damage":6.0,"enemies":"Snecko","floor":20.0,"turns":4.0},{"damage":27.0,"enemies":"Centurion and Healer","floor":22.0,"turns":5.0},{"damage":6.0,"enemies":"Snake Plant","floor":24.0,"turns":4.0},{"damage":32,"enemies":"Slavers","floor":25,"turns":5},{"damage":16,"enemies":"Shelled Parasite and Fungi","floor":30,"turns":5},{"damage":11,"enemies":"Book of Stabbing","floor":31,"turns":5},{"damage":65,"enemies":"Champ","floor":33,"turns":15},{"damage":6,"enemies":"Orb Walker","floor":35,"turns":3},{"damage":0,"enemies":"Mind Bloom Boss Battle","floor":37,"turns":8},{"damage":14,"enemies":"3 Darklings","floor":38,"turns":9},{"damage":22,"enemies":"Jaw Worm Horde","floor":39,"turns":5},{"damage":7,"enemies":"Giant Head","floor":40,"turns":10},{"damage":10,"enemies":"4 Shapes","floor":42,"turns":8},{"damage":8,"enemies":"Reptomancer","floor":44,"turns":6},{"damage":25,"enemies":"3 Darklings","floor":46,"turns":7},{"damage":24,"enemies":"Nemesis","floor":47,"turns":21},{"damage":11,"enemies":"Transient","floor":48,"turns":5},{"damage":8,"enemies":"Donu and Deca","floor":50,"turns":9}],"seed_played":"-8668082145225438407","potions_obtained":[{"floor":1.0,"key":"PowerPotion"},{"floor":13.0,"key":"BlessingOfTheForge"},{"floor":14.0,"key":"CultistPotion"},{"floor":19.0,"key":"ElixirPotion"},{"floor":24.0,"key":"EntropicBrew"},{"floor":33,"key":"SkillPotion"},{"floor":35,"key":"Regen Potion"},{"floor":37,"key":"Strength Potion"},{"floor":38,"key":"AttackPotion"},{"floor":42,"key":"DuplicationPotion"},{"floor":44,"key":"Weak Potion"},{"floor":46,"key":"Dexterity Potion"},{"floor":47,"key":"LiquidBronze"},{"floor":48,"key":"HeartOfIron"}],"is_trial":false,"path_per_floor":["M","$","T","?","$","R","E","$","T","M","R","E","M","E","R","B",null,"M","M","M","T","M","R","M","E","T","?","R","$","M","E","R","B",null,"M","?","?","M","M","E","$","M","T","E","T","M","E","M","R","B",null],"character_chosen":"IRONCLAD","items_purchased":["Lee\u0027s Waffle","Centennial Puzzle","DollysMirror"],"campfire_rested":3,"item_purchase_floors":[29,29,41],"current_hp_per_floor":[70,70,70,75,75,75,63,63,63,69,69,63,67,61,61,33,72,77,77,77,84,63,63,67,41,41,41,69,103,97,96,111,74,102,106,106,116,112,100,99,99,99,99,101,101,101,101,105,139,143],"gold":121,"neow_bonus":"RANDOM_COLORLESS_2","is_daily":false,"chose_seed":false,"campfire_upgraded":4,"win_rate":0.0,"timestamp":1611002206,"path_taken":["M","$","?","?","$","R","E","?","T","M","R","E","M","E","R","BOSS","M","M","M","?","M","R","M","E","T","?","R","$","?","E","R","BOSS","M","?","?","M","?","E","$","M","T","E","?","M","E","M","R","BOSS"],"items_purchased_type":["Relic","Relic","Relic"],"build_version":"2020-12-22","purchased_purges":3,"victory":true,"max_hp_per_floor":[80,80,80,85,85,85,85,85,85,85,85,85,85,85,85,85,85,85,85,85,92,92,92,96,96,96,96,96,103,107,111,111,111,111,115,115,119,123,127,127,127,131,131,135,135,139,139,139,139,143],"relic_stats":{"Darkstone Periapt":0,"Lee\u0027s Waffle":34,"Happy Flower":[57],"Singing Bowl":0,"counters":[27,177],"Astrolabe":["Corruption","Shockwave","Fiend Fire"],"Pen Nib":[28],"PreservedInsect":105,"MawBank":48,"Question Card":13,"Burning Blood":156,"WarpedTongs":[33],"Peace Pipe":0,"Centennial Puzzle":[39],"Mummified Hand":[90],"Ornamental Fan":[28],"obtain_stats":[{"Potion Belt":26,"Darkstone Periapt":43,"Lee\u0027s Waffle":29,"Happy Flower":3,"Singing Bowl":44,"Astrolabe":34,"Vajra":14,"Velvet Choker":17,"Pen Nib":7,"PreservedInsect":40,"Frozen Egg 2":47,"MawBank":25,"Question Card":26,"Burning Blood":0,"White Beast Statue":31,"WarpedTongs":27,"Peace Pipe":37,"Centennial Puzzle":29,"Matryoshka":9,"Mummified Hand":21,"DollysMirror":41,"Ornamental Fan":45,"Strawberry":21,"InkBottle":12},{"Potion Belt":13,"Darkstone Periapt":22,"Lee\u0027s Waffle":13,"Happy Flower":1,"Singing Bowl":23,"Astrolabe":16,"Vajra":6,"Velvet Choker":7,"Pen Nib":2,"PreservedInsect":21,"Frozen Egg 2":25,"MawBank":13,"Question Card":13,"Burning Blood":0,"White Beast Statue":15,"WarpedTongs":13,"Peace Pipe":18,"Centennial Puzzle":13,"Matryoshka":2,"Mummified Hand":10,"DollysMirror":21,"Ornamental Fan":23,"Strawberry":10,"InkBottle":4},{"Potion Belt":61,"Darkstone Periapt":129,"Lee\u0027s Waffle":61,"Happy Flower":5,"Singing Bowl":135,"Astrolabe":86,"Vajra":29,"Velvet Choker":36,"Pen Nib":9,"PreservedInsect":121,"Frozen Egg 2":163,"MawBank":61,"Question Card":61,"Burning Blood":0,"White Beast Statue":71,"WarpedTongs":61,"Peace Pipe":97,"Centennial Puzzle":61,"Matryoshka":9,"Mummified Hand":47,"DollysMirror":121,"Ornamental Fan":135,"Strawberry":47,"InkBottle":18}],"InkBottle":[57]},"card_choices":[{"not_picked":["Thinking Ahead","The Bomb"],"picked":"Apotheosis","floor":0.0},{"not_picked":["Thunderclap","Dual Wield"],"picked":"Uppercut","floor":1.0},{"not_picked":["Body Slam","Perfected Strike"],"picked":"Pommel Strike","floor":7.0},{"not_picked":["Second Wind","Perfected Strike"],"picked":"True Grit","floor":10.0},{"not_picked":["Ghostly Armor","Sword Boomerang"],"picked":"Feel No Pain","floor":12.0},{"not_picked":["Anger","Flex"],"picked":"Feel No Pain","floor":13.0},{"not_picked":["Sword Boomerang","Exhume"],"picked":"Pommel Strike","floor":14.0},{"not_picked":["Berserk","Brutality"],"picked":"Offering","floor":16.0},{"not_picked":["Sentinel","Pommel Strike+1"],"picked":"Disarm","floor":18.0},{"not_picked":["Cleave","Ghostly Armor","Anger"],"picked":"SKIP","floor":19.0},{"not_picked":["Iron Wave","Wild Strike"],"picked":"Entrench","floor":20.0},{"not_picked":["Anger+1","Thunderclap"],"picked":"Feed","floor":22.0},{"not_picked":["Headbutt+1","Armaments"],"picked":"Pommel Strike","floor":24.0},{"not_picked":["Intimidate","Warcry"],"picked":"Havoc","floor":25},{"not_picked":["Sever Soul","True Grit","Pommel Strike"],"picked":"Dark Embrace","floor":30},{"not_picked":["Uppercut","Heavy Blade+1","Headbutt","Armaments"],"picked":"SKIP","floor":31},{"not_picked":["Limit Break","Brutality","Juggernaut"],"picked":"Barricade","floor":33},{"not_picked":["Iron Wave+1","Headbutt","Body Slam+1"],"picked":"Shockwave+1","floor":35},{"not_picked":["Blood for Blood","Clothesline","Uppercut"],"picked":"Inflame","floor":37},{"not_picked":["Sword Boomerang","Wild Strike+1","Reckless Charge"],"picked":"Flame Barrier","floor":38},{"not_picked":["Dark Embrace+1","Double Tap","Anger"],"picked":"Shrug It Off+1","floor":39},{"not_picked":["Rage","Twin Strike+1","Combust+1"],"picked":"Body Slam+1","floor":40},{"not_picked":["Heavy Blade","Ghostly Armor","Headbutt+1","Combust+1"],"picked":"SKIP","floor":42},{"not_picked":["Combust","Clothesline","Shockwave+1"],"picked":"Spot Weakness+1","floor":44},{"not_picked":["Pommel Strike+1","Disarm","Clothesline"],"picked":"Reaper","floor":46},{"not_picked":["Second Wind+1","Anger","Body Slam"],"picked":"Shrug It Off+1","floor":47},{"not_picked":["Pummel","Clothesline","Shrug It Off+1"],"picked":"Sentinel+1","floor":48}],"player_experience":22756,"relics_obtained":[{"floor":3.0,"key":"Happy Flower"},{"floor":7.0,"key":"Pen Nib"},{"floor":9.0,"key":"Matryoshka"},{"floor":12.0,"key":"InkBottle"},{"floor":14.0,"key":"Vajra"},{"floor":21.0,"key":"Strawberry"},{"floor":21.0,"key":"Mummified Hand"},{"floor":25,"key":"MawBank"},{"floor":26,"key":"Potion Belt"},{"floor":26,"key":"Question Card"},{"floor":31,"key":"White Beast Statue"},{"floor":37,"key":"Peace Pipe"},{"floor":40,"key":"PreservedInsect"},{"floor":43,"key":"Darkstone Periapt"},{"floor":44,"key":"Singing Bowl"},{"floor":45,"key":"Ornamental Fan"},{"floor":47,"key":"Frozen Egg 2"}],"event_choices":[{"damage_healed":0.0,"max_hp_gain":5.0,"max_hp_loss":0.0,"gold_gain":0.0,"event_name":"Big Fish","player_choice":"Donut","floor":4.0,"gold_loss":0.0,"damage_taken":0.0},{"damage_healed":0,"gold_gain":0,"player_choice":"Rummage","damage_taken":0,"relics_obtained":["WarpedTongs"],"max_hp_gain":0,"max_hp_loss":0,"event_name":"Accursed Blacksmith","floor":27,"gold_loss":0,"cards_obtained":["Pain"]},{"damage_healed":0,"gold_gain":0,"player_choice":"Ignored","damage_taken":0,"max_hp_gain":0,"max_hp_loss":0,"event_name":"Tomb of Lord Red Mask","floor":36,"gold_loss":0},{"damage_healed":0,"gold_gain":0,"player_choice":"Fight","damage_taken":0,"max_hp_gain":0,"max_hp_loss":0,"event_name":"MindBloom","floor":37,"gold_loss":0}],"is_beta":false,"boss_relics":[{"not_picked":["SacredBark","Runic Pyramid"],"picked":"Velvet Choker"},{"not_picked":["Philosopher\u0027s Stone","Runic Dome"],"picked":"Astrolabe"}],"items_purged_floors":[2,29,41],"is_endless":false,"potions_floor_spawned":[1,13,14,19,24,33,35,37,38,39,40,42,44,46,47,48],"ascension_level":7}}