{"host":"vlqejv0notyktumz","time":1611004628,"event":{"mods":["AchievementEnabler","BaseMod","Colored Map","Colored Powertips","Downfall","Googly Eyes","Minty Spire (QoL Compilation)","StSLib"],"gold_per_floor":[109,109,121,196,196,196,229,246,298,298,17,17,35,45,45,142,142,161,16,16,27,27,27,27],"floor_reached":23,"language":"ENG","playtime":559,"items_purged":["Strike_G","Strike_G"],"score":274,"play_id":"8fd0cad4-ed4f-4ebf-9902-c8b0f1d1e973","local_time":"20210118151708","is_ascension_mode":true,"campfire_choices":[{"data":"Flying Knee","floor":6,"key":"SMITH"},{"data":"Footwork","floor":12,"key":"SMITH"},{"data":"Backstab","floor":15,"key":"SMITH"}],"circlet_count":0,"master_deck":["Strike_G","Strike_G","Strike_G","Defend_G","Defend_G","Defend_G","Defend_G","Defend_G","Survivor+1","Neutralize+1","Flying Knee+1","Choke","Dodge and Roll","Footwork+1","Deflect","Backstab+1","Phantasmal Killer","Blade Dance","Slice","Writhe","Backstab"],"relics":["Ring of the Snake","Blood Vial","Dream Catcher","Tiny Chest","Oddly Smooth Stone","Sozu","Peace Pipe","MutagenicStrength"],"acts_visited":["Exordium","TheCity"],"potions_floor_usage":[7,16,16,16],"damage_taken":[{"damage":6,"enemies":"Jaw Worm","floor":1,"turns":6},{"damage":3,"enemies":"2 Louse","floor":3,"turns":2},{"damage":10,"enemies":"Gremlin Nob","floor":7,"turns":3},{"damage":0,"enemies":"Small Slimes","floor":8,"turns":4},{"damage":0,"enemies":"3 Louse","floor":13,"turns":5},{"damage":0,"enemies":"Large Slime","floor":14,"turns":6},{"damage":26,"enemies":"The Guardian","floor":16,"turns":18},{"damage":8,"enemies":"Chosen","floor":18,"turns":6},{"damage":10,"enemies":"Spheric Guardian","floor":21,"turns":4},{"damage":42,"enemies":"Slavers","floor":23,"turns":5}],"seed_played":"4928087655066624538","potions_obtained":[{"floor":1,"key":"Block Potion"},{"floor":3,"key":"FearPotion"},{"floor":7,"key":"Energy Potion"},{"floor":13,"key":"LiquidMemories"}],"is_trial":false,"path_per_floor":["M","?","M","?","?","R","E","M","T","?","$","R","M","M","R","B",null,"M","$","?","M","?","E"],"character_chosen":"THE_SILENT","items_purchased":["Oddly Smooth Stone","Deflect","Slice"],"campfire_rested":0,"item_purchase_floors":[11,11,19],"current_hp_per_floor":[57,57,54,43,36,36,28,30,30,30,30,30,32,34,34,10,55,49,49,49,41,41,1,1],"gold":27,"neow_bonus":"UPGRADE_CARD","is_daily":false,"chose_seed":false,"campfire_upgraded":3,"win_rate":0.0,"timestamp":1611004628,"path_taken":["M","?","M","?","?","R","E","M","T","?","$","R","M","M","R","BOSS","M","$","?","M","?","E"],"items_purchased_type":["Relic","Card","Card"],"build_version":"2020-12-22","purchased_purges":2,"victory":false,"max_hp_per_floor":[70,70,70,70,70,70,70,70,70,70,70,70,70,70,70,70,70,70,70,70,70,70,70,70],"card_choices":[{"not_picked":["Skewer","Underhanded Strike"],"picked":"Flying Knee","floor":1},{"not_picked":["Crippling Poison","Flying Knee"],"picked":"Choke","floor":3},{"not_picked":["Eviscerate","Flechettes"],"picked":"Dodge and Roll","floor":7},{"not_picked":["Acrobatics","Catalyst"],"picked":"Footwork","floor":8},{"not_picked":["Bane","Underhanded Strike","Quick Slash"],"picked":"SKIP","floor":13},{"not_picked":["Slice","Underhanded Strike"],"picked":"Backstab","floor":14},{"not_picked":["Wraith Form v2","Die Die Die"],"picked":"Phantasmal Killer","floor":16},{"not_picked":["Underhanded Strike+1","Finisher"],"picked":"Blade Dance","floor":18},{"not_picked":["Dodge and Roll","Deadly Poison"],"picked":"Backstab","floor":21}],"player_experience":360145,"relics_obtained":[{"floor":7,"key":"Dream Catcher"},{"floor":9,"key":"Tiny Chest"}],"event_choices":[{"damage_healed":0,"gold_gain":75,"player_choice":"Gather Gold","damage_taken":11,"max_hp_gain":0,"max_hp_loss":0,"event_name":"World of Goop","floor":4,"gold_loss":0},{"damage_healed":0,"gold_gain":0,"player_choice":"Success","damage_taken":7,"relics_obtained":["Blood Vial"],"max_hp_gain":0,"max_hp_loss":0,"event_name":"Scrap Ooze","floor":5,"gold_loss":0},{"damage_healed":0,"gold_gain":0,"player_choice":"Grow","damage_taken":0,"max_hp_gain":0,"max_hp_loss":0,"event_name":"Living Wall","floor":10,"gold_loss":0,"cards_upgraded":["Survivor"]},{"damage_healed":0,"gold_gain":0,"player_choice":"Opened","damage_taken":0,"relics_obtained":["Peace Pipe"],"max_hp_gain":0,"max_hp_loss":0,"event_name":"The Mausoleum","floor":20,"gold_loss":0,"cards_obtained":["Writhe"]},{"damage_healed":0,"gold_gain":0,"player_choice":"Inject Mutagens","damage_taken":0,"relics_obtained":["MutagenicStrength"],"max_hp_gain":0,"max_hp_loss":0,"event_name":"Drug Dealer","floor":22,"gold_loss":0}],"is_beta":false,"boss_relics":[{"not_picked":["Fusion Hammer","Black Star"],"picked":"Sozu"}],"items_purged_floors":[11,19],"is_endless":false,"potions_floor_spawned":[1,3,7,13,14],"killed_by":"Slavers","ascension_level":9}}