{"host":"6hzrz31j95f2y1pa","time":1611005272,"event":{"mods":["BaseMod","Colored Map","Downfall","Minty Spire (QoL Compilation)","StSLib"],"gold_per_floor":[99,119,139,151,171,186,186,186,197,210,35,55,75,75,93,93,93],"floor_reached":16,"language":"ENG","playtime":867,"items_purged":[],"score":100,"play_id":"2595b4b4-4ab7-4db1-8293-dbe4375ea036","local_time":"20210118162752","is_ascension_mode":false,"campfire_choices":[{"data":"bronze:Replicate","floor":1,"key":"SMITH"},{"data":"bronze:GetLatest","floor":8,"key":"SMITH"}],"circlet_count":0,"master_deck":["bronze:Strike","bronze:Strike","bronze:Strike","bronze:Defend","bronze:Defend","bronze:Defend","bronze:Defend","bronze:Replicate+1","bronze:Goto","bronze:Backtrace","bronze:BuggyMess","bronze:BitShift","bronze:DelayedSlice","bronze:GetLatest+1","bronze:WhirlingStrike","bronze:BugBarrage","bronze:Overload+1","bronze:Turbo+1","bronze:BronzeArmor+1","bronze:ClassDefault","bronze:Branch","bronze:ChildClass+1","bronze:BronzeOrb"],"relics":["bronze:BronzeCore","Toxic Egg 2"],"acts_visited":["Exordium"],"potions_floor_usage":[15,16],"damage_taken":[{"damage":1,"enemies":"Cultist","floor":2,"turns":3},{"damage":6,"enemies":"Jaw Worm","floor":3,"turns":3},{"damage":2,"enemies":"2 Louse","floor":4,"turns":2},{"damage":0,"enemies":"Gremlin Gang","floor":5,"turns":6},{"damage":4,"enemies":"Large Slime","floor":6,"turns":6},{"damage":16,"enemies":"Gremlin Gang","floor":9,"turns":4},{"damage":5,"enemies":"Exordium Thugs","floor":10,"turns":3},{"damage":0,"enemies":"downfall:FleeingMerchant","floor":11,"turns":4},{"damage":0,"enemies":"3 Louse","floor":12,"turns":1},{"damage":11,"enemies":"Large Slime","floor":13,"turns":4},{"damage":1,"enemies":"2 Fungi Beasts","floor":15,"turns":2},{"damage":48,"enemies":"WA_ARCHETYPE_RETAIN","floor":16,"turns":7}],"seed_played":"5815540240871764931","potions_obtained":[{"floor":3,"key":"sneckomod:MuddlingPotion"},{"floor":6,"key":"ColorlessPotion"},{"floor":9,"key":"Swift Potion"},{"floor":15,"key":"DuplicationPotion"}],"is_trial":false,"path_per_floor":["R","M","M","M","M","M","T","R","M","M","$","M","M","?","M","B"],"character_chosen":"THE_AUTOMATON","items_purchased":["bronze:Turbo+1","bronze:BronzeArmor+1","bronze:ClassDefault"],"campfire_rested":0,"item_purchase_floors":[11,11,11],"current_hp_per_floor":[77,76,70,68,68,64,64,64,48,43,43,43,32,32,31,0,0],"gold":93,"neow_bonus":"TEN_PERCENT_HP_BONUS","is_daily":false,"chose_seed":false,"campfire_upgraded":2,"win_rate":0.0,"timestamp":1611005272,"path_taken":["R","M","M","M","M","M","T","R","?","M","?","M","M","?","M","BOSS"],"items_purchased_type":["Card","Card","Card"],"build_version":"2020-12-22","purchased_purges":0,"victory":false,"max_hp_per_floor":[77,77,77,77,77,77,77,77,77,77,77,77,77,77,77,77,77],"card_choices":[{"not_picked":["bronze:DelayedGuard","bronze:GetLatest"],"picked":"bronze:Backtrace","floor":2},{"not_picked":["bronze:ForLoop","bronze:CloningBeam"],"picked":"bronze:BuggyMess","floor":3},{"not_picked":["bronze:Deprecate","bronze:Philosophize"],"picked":"bronze:BitShift","floor":4},{"not_picked":["bronze:FineTuning","bronze:Deprecate"],"picked":"bronze:DelayedSlice","floor":5},{"not_picked":["bronze:Shell","bronze:Deprecate"],"picked":"bronze:GetLatest","floor":6},{"not_picked":["bronze:FineTuning+1","bronze:ClassDefault"],"picked":"bronze:WhirlingStrike","floor":9},{"not_picked":["bronze:BitShift+1","bronze:Turbo+1"],"picked":"bronze:BugBarrage","floor":10},{"not_picked":["bronze:Repulsor","bronze:Iterate"],"picked":"bronze:Overload+1","floor":11},{"not_picked":["bronze:Allocate+1","bronze:CutThrough"],"picked":"bronze:Branch","floor":12},{"not_picked":["bronze:Overload+1","bronze:RecursiveStrike","bronze:Flail"],"picked":"SKIP","floor":13},{"not_picked":["bronze:BugBarrage","bronze:Backtrace"],"picked":"bronze:BronzeOrb","floor":15}],"player_experience":1352604,"relics_obtained":[{"floor":7,"key":"Toxic Egg 2"}],"event_choices":[],"is_beta":false,"boss_relics":[],"items_purged_floors":[],"is_endless":false,"potions_floor_spawned":[3,6,9,10,15],"killed_by":"WA_ARCHETYPE_RETAIN","ascension_level":0}}