{"host":"J","time":1611001782,"event":{"mods":["AchievementEnabler","BaseMod","Block Reminder","Highlight Path","Minty Spire (QoL Compilation)","Permanent Neow","Quick Restart","Relic Stats","UnlockEverythingMod"],"gold_per_floor":[114,39,114,114,114,149,149,167,167,167,167,167],"floor_reached":11,"language":"ENG","playtime":609,"items_purged":["Clumsy"],"score":121,"play_id":"adec0a2c-20b2-4b84-a595-9e105148d45f","local_time":"20210118212942","is_ascension_mode":true,"campfire_choices":[{"data":"Pommel Strike","floor":7,"key":"SMITH"}],"circlet_count":0,"master_deck":["AscendersBane","Strike_R","Strike_R","Strike_R+1","Defend_R","Defend_R","Defend_R","Defend_R","Bash+1","Pommel Strike+1","Sword Boomerang","Iron Wave"],"relics":["Burning Blood","Charon\u0027s Ashes","Gremlin Horn","Blue Candle"],"acts_visited":["Exordium"],"potions_floor_usage":[],"damage_taken":[{"damage":1,"enemies":"Cultist","floor":1,"turns":4},{"damage":20,"enemies":"3 Sentries","floor":6,"turns":6},{"damage":4,"enemies":"Jaw Worm","floor":8,"turns":3},{"damage":25,"enemies":"Lagavulin","floor":11,"turns":5}],"seed_played":"-6672937030370520476","potions_obtained":[{"floor":1,"key":"FearPotion"},{"floor":6,"key":"EssenceOfSteel"}],"is_trial":false,"path_per_floor":["M","$","?","?","?","E","R","M","T","?","E"],"character_chosen":"IRONCLAD","items_purchased":[],"campfire_rested":0,"item_purchase_floors":[],"current_hp_per_floor":[73,73,62,62,39,25,25,27,27,27,2,2],"gold":167,"neow_bonus":"ONE_RARE_RELIC","is_daily":false,"chose_seed":false,"campfire_upgraded":1,"win_rate":0.0,"timestamp":1611001782,"path_taken":["M","$","?","?","?","E","R","M","T","?","E"],"items_purchased_type":[],"build_version":"2020-12-18","purchased_purges":1,"victory":false,"max_hp_per_floor":[75,75,75,75,75,75,75,75,75,75,75,75],"relic_stats":{"Gremlin Horn":[0,0],"counters":[4,18],"Blue Candle":[0],"Charon\u0027s Ashes":[73],"obtain_stats":[{"Gremlin Horn":6,"Blue Candle":9,"Charon\u0027s Ashes":0,"Burning Blood":0},{"Gremlin Horn":2,"Blue Candle":3,"Charon\u0027s Ashes":0,"Burning Blood":0},{"Gremlin Horn":10,"Blue Candle":13,"Charon\u0027s Ashes":0,"Burning Blood":0}],"Burning Blood":18},"card_choices":[{"not_picked":["Perfected Strike","Clash"],"picked":"Pommel Strike","floor":1},{"not_picked":["Wild Strike","Rupture","Clash"],"picked":"SKIP","floor":6},{"not_picked":["Wild Strike","Rupture","Clash"],"picked":"SKIP","floor":6},{"not_picked":["Shrug It Off","Headbutt"],"picked":"Sword Boomerang","floor":8}],"player_experience":159674,"relics_obtained":[{"floor":6,"key":"Gremlin Horn"},{"floor":9,"key":"Blue Candle"}],"event_choices":[{"damage_healed":0,"gold_gain":75,"player_choice":"Gather Gold","damage_taken":11,"max_hp_gain":0,"max_hp_loss":0,"event_name":"World of Goop","floor":3,"gold_loss":0},{"cards_removed":["Strike_R"],"damage_healed":0,"gold_gain":0,"player_choice":"Forget","damage_taken":0,"max_hp_gain":0,"max_hp_loss":0,"event_name":"Living Wall","floor":4,"gold_loss":0},{"damage_healed":0,"gold_gain":0,"player_choice":"Entered Light","damage_taken":23,"max_hp_gain":0,"max_hp_loss":0,"event_name":"Shining Light","floor":5,"gold_loss":0,"cards_upgraded":["Bash","Strike_R"]},{"damage_healed":0,"gold_gain":0,"cards_transformed":["Strike_R"],"player_choice":"Transformed","damage_taken":0,"max_hp_gain":0,"max_hp_loss":0,"event_name":"Transmorgrifier","floor":10,"gold_loss":0,"cards_obtained":["Iron Wave"]}],"is_beta":true,"boss_relics":[],"items_purged_floors":[2],"is_endless":false,"potions_floor_spawned":[1,6],"killed_by":"Lagavulin","ascension_level":15}}