{"host":"rspt8ghchagqewrq","time":1611012459,"event":{"mods":["AchievementEnabler","BaseMod","Colored Map","Colored Powertips","Minty Spire (QoL Compilation)"],"gold_per_floor":[113,36,36,52,69,69,69,69,69,87,87,98,98,113,113,113,113],"floor_reached":16,"language":"FRA","playtime":841,"items_purged":[],"score":92,"play_id":"fbac2050-4974-4730-986c-32a3c7fe69d8","local_time":"20210119002739","is_ascension_mode":false,"campfire_choices":[{"data":"WreathOfFlame","floor":7,"key":"SMITH"},{"data":"1","floor":11,"key":"LIFT"},{"data":"2","floor":13,"key":"LIFT"},{"data":"3","floor":15,"key":"LIFT"}],"circlet_count":0,"master_deck":["Strike_P","Strike_P","Strike_P","Strike_P","Defend_P","Defend_P","Defend_P","Defend_P","Eruption","Vigilance","Prostrate","WreathOfFlame+1","EmptyFist","WreathOfFlame","SashWhip","PathToVictory","Evaluate"],"relics":["PureWater","NeowsBlessing","White Beast Statue","Girya"],"acts_visited":["Exordium"],"potions_floor_usage":[14,16],"damage_taken":[{"damage":0,"enemies":"Cultist","floor":1,"turns":1},{"damage":0,"enemies":"2 Louse","floor":4,"turns":1},{"damage":0,"enemies":"Small Slimes","floor":5,"turns":1},{"damage":21,"enemies":"Exordium Thugs","floor":10,"turns":4},{"damage":0,"enemies":"Looter","floor":12,"turns":3},{"damage":18,"enemies":"Gremlin Gang","floor":14,"turns":5},{"damage":47,"enemies":"Slime Boss","floor":16,"turns":11}],"seed_played":"-142153919266371818","potions_obtained":[{"floor":5,"key":"Regen Potion"},{"floor":10,"key":"LiquidBronze"},{"floor":12,"key":"Ancient Potion"},{"floor":14,"key":"SkillPotion"}],"is_trial":false,"path_per_floor":["M","$","$","M","M","?","R","$","T","M","R","M","R","M","R","B"],"character_chosen":"WATCHER","items_purchased":["WreathOfFlame"],"campfire_rested":0,"item_purchase_floors":[2],"current_hp_per_floor":[72,72,72,72,72,65,65,65,65,44,44,44,44,40,40,0,0],"gold":113,"neow_bonus":"THREE_ENEMY_KILL","is_daily":false,"chose_seed":false,"campfire_upgraded":1,"win_rate":0.0,"timestamp":1611012459,"path_taken":["M","?","$","M","?","?","R","$","T","M","R","M","R","M","R","BOSS"],"items_purchased_type":["Card"],"build_version":"2020-12-22","purchased_purges":0,"victory":false,"max_hp_per_floor":[72,72,72,72,72,72,72,72,72,72,72,72,72,72,72,72,72],"card_choices":[{"not_picked":["BowlingBash","FollowUp"],"picked":"Prostrate","floor":1},{"not_picked":["Wallop","FearNoEvil"],"picked":"EmptyFist","floor":4},{"not_picked":["Nirvana","ThirdEye"],"picked":"WreathOfFlame","floor":5},{"not_picked":["Evaluate","Halt"],"picked":"SashWhip","floor":10},{"not_picked":["Indignation","Meditate"],"picked":"PathToVictory","floor":12},{"not_picked":["JustLucky","WheelKick"],"picked":"Evaluate","floor":14}],"player_experience":53103,"relics_obtained":[{"floor":9,"key":"Girya"}],"event_choices":[{"damage_healed":0,"gold_gain":0,"player_choice":"Success","damage_taken":7,"relics_obtained":["White Beast Statue"],"max_hp_gain":0,"max_hp_loss":0,"event_name":"Scrap Ooze","floor":6,"gold_loss":0}],"is_beta":false,"boss_relics":[],"items_purged_floors":[],"is_endless":false,"potions_floor_spawned":[5,10,12,14],"killed_by":"Slime Boss","ascension_level":0}}