{"host":"t7jgtrkwjlvtnfk1","time":1611002181,"event":{"mods":["2.2 Compatiblity","Arknights The Spire","Astrologer","BaseMod","CapriCore","Colored Map","Downfall","GungeonMod","Hermit","KOR Keyword Fix","Koishi","Lobotomy","Marisa£¨Ùöéë¡¡Øª×âÞÞ£©","Minty Spire (QoL Compilation)","Prisma Mod","Quick Restart","Rare Cards Sparkle","Replay The Spire","StSLib","Td1madao Mod","The Bug Knight","The Cursed","The Gatherer","The Immortal","The Jungle","The Runesmith","WarShipGirlsR/??á´Ò³R mod"],"gold_per_floor":[110,31,31,11,11,11,27,42,91,55,69,103,116,131,131,235,285,305,318,335,352,352,352,352,352],"floor_reached":23,"language":"KOR","playtime":6936,"items_purged":[],"score":195,"play_id":"8ea30034-ddf6-42ab-8d81-6495566027f5","local_time":"20210119053621","is_ascension_mode":false,"campfire_choices":[{"data":"MokouMod:UncontrollableSolarReaction","floor":6,"key":"SMITH"},{"floor":15,"key":"DIG"}],"circlet_count":0,"master_deck":["MokouMod:Strike","MokouMod:Strike","MokouMod:Strike","MokouMod:Strike","MokouMod:Strike","MokouMod:Defend","MokouMod:Defend","MokouMod:Defend","MokouMod:Defend","MokouMod:HeatSpark+1","MokouMod:UncontrollableSolarReaction+1","MokouMod:Fireball+1","MokouMod:IgnitionBlast","MokouMod:Sear","MokouMod:Overheat","MokouMod:Overheat","MokouMod:Scorch","MokouMod:ResonanceReactor","MokouMod:Sear","MokouMod:Afterburner+1","MokouMod:Ventilation","MokouMod:FusionFlare","MokouMod:FlareStarter","MokouMod:Cataclysm","MokouMod:AdaptivePyromancy","MokouMod:ScorchingColumn","RitualDagger"],"relics":["MokouMod:PhoenixFeather","Boot","Letter Opener","Shuriken","Tiny House","DemoMod:GlassGuonStoneRelic"],"acts_visited":["Exordium","TheCity"],"potions_floor_usage":[21],"damage_taken":[{"damage":5,"enemies":"Small Slimes","floor":1,"turns":4},{"damage":5,"enemies":"Jaw Worm","floor":7,"turns":2},{"damage":0,"enemies":"2 Louse","floor":8,"turns":1},{"damage":1,"enemies":"Lots of Slimes","floor":11,"turns":2},{"damage":16,"enemies":"3 Sentries","floor":12,"turns":6},{"damage":0,"enemies":"Red Slaver","floor":13,"turns":2},{"damage":1,"enemies":"Blue Slaver","floor":14,"turns":3},{"damage":38,"enemies":"Hexaghost","floor":16,"turns":9},{"damage":32,"enemies":"Spheric Guardian","floor":18,"turns":5},{"damage":10,"enemies":"Chosen","floor":19,"turns":4},{"damage":66,"enemies":"Sentry and Sphere","floor":20,"turns":10},{"damage":28,"enemies":"Snake Plant","floor":21,"turns":4},{"damage":11,"enemies":"Gremlin Leader","floor":23,"turns":1}],"seed_played":"-7963762064635434050","potions_obtained":[{"floor":1,"key":"Cursed Concoction"},{"floor":8,"key":"SpeedPotion"},{"floor":14,"key":"Dexterity Potion"},{"floor":17,"key":"Slimebound:ThreeZeroPotion"},{"floor":18,"key":"Fire Potion"},{"floor":20,"key":"Fire Potion"},{"floor":21,"key":"Toxic Potion"}],"is_trial":false,"path_per_floor":["M","$","?","?","$","R","M","M","T","$","M","E","M","M","R_BF","B",null,"M","M","M","M","?","E"],"character_chosen":"MKU","items_purchased":["MokouMod:Fireball","MokouMod:Overheat"],"campfire_rested":0,"item_purchase_floors":[2,10],"current_hp_per_floor":[70,70,70,70,70,70,65,65,65,65,64,48,48,47,47,9,80,48,38,20,13,7,0,0,0],"gold":352,"neow_bonus":"UPGRADE_CARD","is_daily":false,"chose_seed":false,"campfire_upgraded":1,"win_rate":0.0,"timestamp":1611002181,"path_taken":["M","$","?","?","$","R","M","?","T","?","M","E","M","M","R_BF","BOSS","M","M","M","M","?","E"],"items_purchased_type":["Card","Card"],"build_version":"2020-12-22","purchased_purges":0,"victory":false,"max_hp_per_floor":[75,75,75,75,75,75,75,75,75,75,75,75,75,75,75,75,80,80,80,80,80,80,80,80,80],"card_choices":[{"not_picked":["MokouMod:Firecracker","MokouMod:Combust"],"picked":"MokouMod:UncontrollableSolarReaction","floor":1},{"not_picked":["MokouMod:Stoke","MokouMod:SearingShot"],"picked":"MokouMod:IgnitionBlast","floor":7},{"not_picked":["MokouMod:Combust","MokouMod:Sear","MokouMod:SacredFire"],"picked":"SKIP","floor":8},{"not_picked":["MokouMod:Combust","MokouMod:SacredFire"],"picked":"MokouMod:Sear","floor":8},{"not_picked":["MokouMod:BurningDraft","MokouMod:Singe"],"picked":"MokouMod:Scorch","floor":11},{"not_picked":["MokouMod:ImperishableFlame","MokouMod:Burn"],"picked":"MokouMod:ResonanceReactor","floor":12},{"not_picked":["MokouMod:FujiyamaVolcano","MokouMod:ResoluteFlare"],"picked":"MokouMod:Sear","floor":13},{"not_picked":["MokouMod:SearingShot","MokouMod:ScorchingColumn"],"picked":"MokouMod:Afterburner","floor":14},{"not_picked":["MokouMod:Rebirth","MokouMod:ExplosiveFlame"],"picked":"MokouMod:Ventilation","floor":16},{"not_picked":["MokouMod:Singe","MokouMod:IgnitionBlast"],"picked":"MokouMod:FusionFlare","floor":17},{"not_picked":["MokouMod:BlazingComet","MokouMod:Burn"],"picked":"MokouMod:FlareStarter","floor":18},{"not_picked":["MokouMod:Rebirth","MokouMod:SearingShot+1"],"picked":"MokouMod:Cataclysm","floor":19},{"not_picked":["MokouMod:HouraiForge","MokouMod:CrimsonFlare"],"picked":"MokouMod:AdaptivePyromancy","floor":20},{"not_picked":["MokouMod:UncontrollableSolarReaction+1","MokouMod:TemporalFireSeal"],"picked":"MokouMod:ScorchingColumn","floor":21}],"player_experience":12976,"relics_obtained":[{"floor":9,"key":"Boot"},{"floor":12,"key":"Letter Opener"},{"floor":15,"key":"Shuriken"}],"event_choices":[{"damage_healed":0,"gold_gain":0,"player_choice":"Grow","damage_taken":0,"max_hp_gain":0,"max_hp_loss":0,"event_name":"Living Wall","floor":3,"gold_loss":0,"cards_upgraded":["MokouMod:Fireball"]},{"damage_healed":0,"gold_gain":0,"player_choice":"Joined the Cult","damage_taken":6,"max_hp_gain":0,"max_hp_loss":0,"event_name":"Nest","floor":22,"gold_loss":0,"cards_obtained":["RitualDagger"]}],"is_beta":false,"boss_relics":[{"not_picked":["ChewingGum","Replay:Ancient Bell"],"picked":"Tiny House"}],"items_purged_floors":[],"is_endless":false,"potions_floor_spawned":[1,8,14,18,20,21],"killed_by":"Gremlin Leader","ascension_level":0}}