{"host":"5h8f6t3uzont4xhm","time":1611004141,"event":{"mods":["BaseMod","Colored Powertips","Decade(王小明)","DeckTracker","GifTheSpireLib","KinomotoSakuraMod(木之本樱)","Koishi","LagranYue(拉格朗・月)","Marisa（F雨　魔理沙）","Minty Spire (QoL Compilation)","Prisma Mod","Reimu（博丽灵梦）","Remilia（蕾米莉亚）","RumiaBox-露米娅的神秘盒子","Shop Mod","StSLib","Td1madao Mod","The Administrix","The Alterego","The Animator","The Runesmith","The Servant 0.9.4","TheSwordswoman","Waifu the Spire","Youmu（魂魄妖梦）","Yuyuko","noobMod"],"gold_per_floor":[114,114,114,124,142,142,154,154,154,154,154,128,138,166,166,264,264,264],"floor_reached":17,"language":"ZHS","playtime":1043,"items_purged":[],"score":180,"play_id":"51b1bc74-2feb-4482-b5aa-ae81a527d106","local_time":"20210119050901","is_ascension_mode":false,"campfire_choices":[{"data":"Twin Teeth","floor":6,"key":"SMITH"},{"data":"Twin Teeth","floor":8,"key":"SMITH"},{"data":"Lunge","floor":10,"key":"SMITH"},{"data":"Transfer Energy","floor":15,"key":"SMITH"}],"circlet_count":0,"master_deck":["Strike_C","Strike_C","Strike_C","Strike_C","Defend_C","Defend_C","Defend_C","Defend_C","Knight Kick","Chip","Cooling Song+1","Twin Teeth+1","Lunge+1","Twin Teeth+1","Transfer Energy+1","Bugfix+1","Recovery Mechanism+1","Black Execution+1"],"relics":["Apod","ice","LagranYue:RandomDrawCardRelic","Ornamental Fan","Prayer Wheel","Astrolabe"],"acts_visited":["Exordium","TheCity"],"potions_floor_usage":[5],"damage_taken":[{"damage":2,"enemies":"Jaw Worm","floor":1,"turns":6},{"damage":0,"enemies":"2 Louse","floor":4,"turns":3},{"damage":0,"enemies":"Cultist","floor":5,"turns":4},{"damage":0,"enemies":"Large Slime","floor":7,"turns":6},{"damage":0,"enemies":"3 Louse","floor":13,"turns":4},{"damage":17,"enemies":"3 Sentries","floor":14,"turns":7},{"damage":42,"enemies":"The Guardian","floor":16,"turns":14}],"seed_played":"4715254679349048517","potions_obtained":[{"floor":1,"key":"FearPotion"},{"floor":5,"key":"Fruit Juice"},{"floor":7,"key":"LiquidMemories"}],"is_trial":false,"path_per_floor":["M","?","?","M","M","R","M","R","T","R","?","$","M","E","R","B",null],"character_chosen":"TD1MADAO_CLASS","items_purchased":["Here Defend Chip"],"campfire_rested":0,"item_purchase_floors":[12],"current_hp_per_floor":[75,75,75,75,80,80,80,80,80,80,85,85,85,68,68,26,87,87],"gold":264,"neow_bonus":"TEN_PERCENT_HP_BONUS","is_daily":false,"chose_seed":false,"campfire_upgraded":4,"win_rate":0.0,"timestamp":1611004141,"path_taken":["M","?","?","M","M","R","?","R","T","R","?","$","M","E","R","BOSS"],"items_purchased_type":["Card"],"build_version":"2020-12-22","purchased_purges":0,"victory":false,"max_hp_per_floor":[77,77,77,77,82,82,82,82,82,82,87,87,87,87,87,87,87,87],"card_choices":[{"not_picked":["Sub Weapons","Twin Teeth"],"picked":"Cooling Song","floor":1},{"not_picked":["Fire Blade","Floating Swing Kick"],"picked":"Twin Teeth","floor":4},{"not_picked":["Lore","White Contract"],"picked":"Lunge","floor":5},{"not_picked":["Three Hit","Weapon Shift"],"picked":"Twin Teeth","floor":7},{"not_picked":["Energy Supply","Fire Up"],"picked":"Reinforcement Parts","floor":13},{"not_picked":["Sub Weapons","Reflection Mechanism"],"picked":"Transfer Energy","floor":14},{"not_picked":["Moon Tear","Bursts"],"picked":"Memory Alloy","floor":16}],"player_experience":80416,"relics_obtained":[{"floor":9,"key":"Ornamental Fan"},{"floor":14,"key":"Prayer Wheel"}],"event_choices":[{"damage_healed":0,"gold_gain":0,"player_choice":"Ignored","damage_taken":0,"max_hp_gain":0,"max_hp_loss":0,"event_name":"Liars Game","floor":2,"gold_loss":0},{"damage_healed":0,"gold_gain":0,"player_choice":"Upgraded","damage_taken":0,"max_hp_gain":0,"max_hp_loss":0,"event_name":"Upgrade Shrine","floor":3,"gold_loss":0,"cards_upgraded":["Cooling Song"]},{"damage_healed":0,"gold_gain":0,"player_choice":"Donut","damage_taken":0,"max_hp_gain":5,"max_hp_loss":0,"event_name":"Big Fish","floor":11,"gold_loss":0}],"is_beta":false,"boss_relics":[{"not_picked":["Velvet Choker","Snecko Eye"],"picked":"Astrolabe"}],"items_purged_floors":[],"is_endless":false,"potions_floor_spawned":[1,5,7],"ascension_level":0}}