{"host":"dftyqn972q7tuon4","time":1611011040,"event":{"mods":["AchievementEnabler","BaseMod","Better Altar","Better Match","Better Note","Better Sensory Stone","Better Skull","Better Third Choice","Colored Powertips","Highlight Path","Minty Spire (QoL Compilation)","Permanent Neow","Quick Restart","StSLib"],"gold_per_floor":[109,109,120,131,141,170,170,189,213,227,227,244,244,258,258,360,360,370,395,0,0,0,0],"floor_reached":22,"language":"ENG","playtime":812,"items_purged":[],"score":291,"play_id":"97065c0b-126a-4058-8524-51a7de8a2e5f","local_time":"20210119000400","is_ascension_mode":true,"campfire_choices":[{"data":"Catalyst","floor":7.0,"key":"SMITH"},{"floor":11.0,"key":"REST"},{"data":"Catalyst","floor":13.0,"key":"SMITH"},{"floor":15,"key":"REST"}],"circlet_count":0,"master_deck":["AscendersBane","Strike_G","Strike_G","Defend_G","Defend_G","Defend_G","Defend_G","Defend_G","Survivor","Neutralize","Glass Knife+1","Deadly Poison","Tactician","Catalyst+1","Bullet Time","Deadly Poison","Well Laid Plans","Prepared","Catalyst+1","Cloak And Dagger","Storm of Steel","Flying Knee"],"relics":["Ring of the Snake","PreservedInsect","Regal Pillow","Empty Cage","Potion Belt"],"acts_visited":["Exordium","TheCity"],"potions_floor_usage":[14],"damage_taken":[{"damage":1.0,"enemies":"Cultist","floor":1.0,"turns":3.0},{"damage":1.0,"enemies":"Jaw Worm","floor":3.0,"turns":3.0},{"damage":0.0,"enemies":"Small Slimes","floor":4.0,"turns":3.0},{"damage":0.0,"enemies":"Blue Slaver","floor":5.0,"turns":3.0},{"damage":27.0,"enemies":"Lagavulin","floor":6.0,"turns":6.0},{"damage":4.0,"enemies":"Exordium Wildlife","floor":8.0,"turns":5.0},{"damage":13.0,"enemies":"Lots of Slimes","floor":10.0,"turns":5.0},{"damage":2.0,"enemies":"2 Fungi Beasts","floor":12.0,"turns":3.0},{"damage":19,"enemies":"Exordium Thugs","floor":14,"turns":4},{"damage":5,"enemies":"The Guardian","floor":16,"turns":5},{"damage":67,"enemies":"Spheric Guardian","floor":18,"turns":8},{"damage":0,"enemies":"3 Byrds","floor":22,"turns":2}],"seed_played":"5757943257464777491","potions_obtained":[{"floor":5.0,"key":"Ancient Potion"},{"floor":6.0,"key":"Energy Potion"},{"floor":10.0,"key":"Strength Potion"},{"floor":14,"key":"BlessingOfTheForge"}],"is_trial":false,"path_per_floor":["M","?","M","M","M","E","R","M","T","M","R","M","R","M","R","B",null,"M","T","?","?","M"],"character_chosen":"THE_SILENT","items_purchased":[],"campfire_rested":2,"item_purchase_floors":[],"current_hp_per_floor":[62,62,61,61,61,34,34,30,30,17,53,51,51,32,68,63,68,1,1,1,1,1,1],"gold":0,"neow_bonus":"ONE_RANDOM_RARE_CARD","is_daily":false,"chose_seed":false,"campfire_upgraded":2,"win_rate":0.0,"timestamp":1611011040,"path_taken":["M","?","M","?","M","E","R","?","T","?","R","M","R","M","R","BOSS","M","?","?","?","M"],"items_purchased_type":[],"build_version":"2020-12-22","purchased_purges":0,"victory":false,"max_hp_per_floor":[70,70,70,70,70,70,70,70,70,70,70,70,70,70,70,70,70,70,70,70,70,70,70],"card_choices":[{"not_picked":["Slice","Poisoned Stab"],"picked":"Deadly Poison","floor":1.0},{"not_picked":["PiercingWail","Sucker Punch"],"picked":"Tactician","floor":3.0},{"not_picked":["Dodge and Roll","Prepared"],"picked":"Catalyst","floor":4.0},{"not_picked":["Deadly Poison","Bane"],"picked":"Bullet Time","floor":5.0},{"not_picked":["Dagger Spray","Dagger Throw"],"picked":"Deadly Poison","floor":6.0},{"not_picked":["Crippling Poison","Dodge and Roll"],"picked":"Well Laid Plans","floor":8.0},{"not_picked":["Underhanded Strike","Dagger Throw"],"picked":"Prepared","floor":10.0},{"not_picked":["Poisoned Stab","Riddle With Holes"],"picked":"Catalyst","floor":12.0},{"not_picked":["Blade Dance","Dagger Spray"],"picked":"Cloak And Dagger","floor":14},{"not_picked":["Grand Finale","Unload"],"picked":"Storm of Steel","floor":16},{"not_picked":["Concentrate","Acrobatics"],"picked":"Flying Knee","floor":18}],"player_experience":709048,"relics_obtained":[{"floor":6.0,"key":"PreservedInsect"},{"floor":9.0,"key":"Regal Pillow"},{"floor":19,"key":"Potion Belt"}],"event_choices":[{"damage_healed":0.0,"max_hp_gain":0.0,"max_hp_loss":0.0,"gold_gain":0.0,"event_name":"Upgrade Shrine","player_choice":"Upgraded","floor":2.0,"gold_loss":0.0,"damage_taken":0.0,"cards_upgraded":["Glass Knife"]},{"damage_healed":0,"gold_gain":0,"player_choice":"Paid Fearfully","damage_taken":0,"max_hp_gain":0,"max_hp_loss":0,"event_name":"Masked Bandits","floor":20,"gold_loss":395},{"cards_removed":["Strike_G"],"damage_healed":0,"gold_gain":0,"player_choice":"Elegance","damage_taken":0,"max_hp_gain":0,"max_hp_loss":0,"event_name":"betterThird:BetterWriting","floor":21,"gold_loss":0}],"is_beta":false,"boss_relics":[{"not_picked":["Coffee Dripper","Cursed Key"],"picked":"Empty Cage"}],"items_purged_floors":[],"is_endless":false,"potions_floor_spawned":[5,6,8,10,14],"killed_by":"3 Byrds","ascension_level":11}}