{"host":"08z5bj28eube4vug","time":1611002118,"event":{"mods":["2.2 Compatiblity","Abigail Mod","Act Like it!","BaseMod","Beaked The Cultist","Bestiary","Friendly Minions","Gensokyo","GungeonMod","Hallownest","Kiyohime????","Koishi","Lobotomy","Marisa????????","Minty Spire (QoL Compilation)","Prisma Mod","Remilia??????","Replay The Spire","StSLib","Td1madao Mod","The Alterego","The Bug Knight","The Jungle","The Sage","The Senshi","The Servant 0.9.4","Waifu the Spire","WarShipGirlsR/????R mod","Yuri Mod"],"gold_per_floor":[117,117,117,127,145,145,172,188,188,188,207,139,139,158,158,158,158,173,192,192,192],"floor_reached":20,"language":"ENG","playtime":1314,"items_purged":[],"score":170,"play_id":"6dce57da-fbdb-42ed-aa51-56bc5d360538","local_time":"20210118233518","is_ascension_mode":true,"campfire_choices":[{"data":"alterego_mod:BigMeatyClaws","floor":6,"key":"SMITH"},{"floor":10,"key":"REST"},{"floor":15,"key":"DIG"}],"circlet_count":0,"master_deck":["alterego_mod:Strike","alterego_mod:Strike","alterego_mod:Strike","alterego_mod:Strike","alterego_mod:Defend","alterego_mod:Defend","alterego_mod:Defend","alterego_mod:Defend","alterego_mod:Impale","alterego_mod:BigMeatyClaws+1","alterego_mod:BrynhildrsRune","alterego_mod:Bounce+1","alterego_mod:1TonWallop","alterego_mod:Mirror","alterego_mod:PainIsPleasure","alterego_mod:ChallengeComplete","alterego_mod:Rip","beaked:WalkersFury","alterego_mod:ChallengeComplete","alterego_mod:Birthday"],"relics":["SacredBark","GremlinMask","Eternal Feather","Lantern","Nunchaku","beaked:SacredDeck"],"acts_visited":["Exordium","TheCity"],"potions_floor_usage":[16,18],"damage_taken":[{"damage":8,"enemies":"Cultist","floor":1,"turns":4},{"damage":7,"enemies":"Small Slimes","floor":4,"turns":6},{"damage":0,"enemies":"Jaw Worm","floor":5,"turns":4},{"damage":24,"enemies":"Replay:BlueRogue","floor":7,"turns":5},{"damage":25,"enemies":"Exordium Thugs","floor":8,"turns":4},{"damage":14,"enemies":"Blue Slaver","floor":11,"turns":3},{"damage":0,"enemies":"2 Fungi Beasts","floor":14,"turns":4},{"damage":31,"enemies":"Fading Forest","floor":16,"turns":11},{"damage":33,"enemies":"Spheric Guardian","floor":18,"turns":4},{"damage":10,"enemies":"Shell Parasite","floor":19,"turns":4},{"damage":19,"enemies":"Shelled Parasite and Fungi","floor":20,"turns":3}],"seed_played":"-4098335907834972050","potions_obtained":[{"floor":1,"key":"FearPotion"},{"floor":7,"key":"Milkshake"},{"floor":11,"key":"Weak Potion"}],"is_trial":false,"path_per_floor":["M","?","?","M","M","R","E","M","T","R","M","$","$","M","R","B",null,"M","M","M"],"character_chosen":"The_Alterego","items_purchased":["alterego_mod:ChallengeComplete"],"campfire_rested":1,"item_purchase_floors":[12],"current_hp_per_floor":[55,55,55,55,55,55,31,6,6,33,19,19,19,19,28,5,54,21,11,5,5],"gold":192,"neow_bonus":"BOSS_RELIC","is_daily":false,"chose_seed":false,"campfire_upgraded":1,"win_rate":0.0,"timestamp":1611002118,"path_taken":["M","?","?","M","?","R","E","M","T","R","M","?","$","M","R","BOSS","M","?","M"],"items_purchased_type":["Card"],"build_version":"2020-12-22","purchased_purges":0,"victory":false,"max_hp_per_floor":[70,70,70,70,70,70,70,70,70,70,70,70,70,70,70,70,70,70,70,70,70],"card_choices":[{"not_picked":["alterego_mod:DiscoLights","alterego_mod:Cooking"],"picked":"alterego_mod:Bounce","floor":1},{"not_picked":["alterego_mod:Skirt","alterego_mod:Collar"],"picked":"alterego_mod:1TonWallop","floor":4},{"not_picked":["alterego_mod:Valentines","alterego_mod:DiscoLights","alterego_mod:BusterCard"],"picked":"SKIP","floor":5},{"not_picked":["alterego_mod:Undulate","alterego_mod:DiscoLights"],"picked":"alterego_mod:Mirror","floor":7},{"not_picked":["alterego_mod:Skirt","alterego_mod:BusterCard","alterego_mod:Belle"],"picked":"SKIP","floor":8},{"not_picked":["alterego_mod:Skirt","alterego_mod:BusterCard","alterego_mod:Belle"],"picked":"SKIP","floor":8},{"not_picked":["alterego_mod:Pet","alterego_mod:HighServant"],"picked":"alterego_mod:PainIsPleasure","floor":11},{"not_picked":["alterego_mod:HighServant","alterego_mod:DiscoLights"],"picked":"alterego_mod:Rip","floor":14},{"not_picked":["alterego_mod:Belle","alterego_mod:Bounce"],"picked":"alterego_mod:ChallengeComplete","floor":18},{"not_picked":["alterego_mod:TrashNCrash","alterego_mod:BiFurious+1"],"picked":"alterego_mod:Birthday","floor":19}],"player_experience":812923,"relics_obtained":[{"floor":7,"key":"Eternal Feather"},{"floor":9,"key":"Lantern"},{"floor":15,"key":"Nunchaku"}],"event_choices":[{"damage_healed":0,"gold_gain":0,"player_choice":"Trade","damage_taken":0,"relics_obtained":["GremlinMask"],"max_hp_gain":0,"max_hp_loss":0,"event_name":"FaceTrader","floor":3,"gold_loss":0}],"is_beta":false,"boss_relics":[{"not_picked":["Sozu","Kintsugi"],"picked":"beaked:SacredDeck"}],"items_purged_floors":[],"is_endless":false,"potions_floor_spawned":[1,7,11],"killed_by":"Shelled Parasite and Fungi","ascension_level":7}}