{"host":"vucub2jtaeo9vgh1","time":1611005851,"event":{"mods":["BaseMod","BetterRewards","Minty Spire (QoL Compilation)","Quick Restart","Rare Cards Sparkle","Replay The Spire","StSLib"],"gold_per_floor":[28,28,28,38,38,65,97,127,151,151,167,132,132,161,161,263,263,279,308,321,261,273,273,301,318,318,318,330,365,46,80,80,175,175,189,201,221,234,252,278,278,308,308,28,38,67,117,149,149,149,149,149,29,54,54],"floor_reached":56,"language":"ENG","playtime":1997,"items_purged":["Strike_G","Pain","Defend_G"],"score":2165,"play_id":"5b590678-964d-408f-958f-1d0afd57bbd3","local_time":"20210118223731","is_ascension_mode":true,"campfire_choices":[{"floor":10,"key":"REST"},{"data":"ReplayTheSpireMod:Scrap Shanks","floor":13,"key":"SMITH"},{"data":"A Thousand Cuts","floor":15,"key":"SMITH"},{"data":"ReplayTheSpireMod:Scrap Shanks","floor":23,"key":"SMITH"},{"data":"Prepared","floor":32,"key":"SMITH"},{"floor":41,"key":"RECALL"},{"floor":49,"key":"DIG"},{"floor":52,"key":"DIG"}],"circlet_count":0,"master_deck":["Defend_G","Defend_G","Survivor","Neutralize+1","Infinite Blades","Blade Dance","Cloak And Dagger","Tactician","ReplayTheSpireMod:Scrap Shanks+1","ReplayTheSpireMod:Scrap Shanks+1","A Thousand Cuts+1","Burst","Finisher+1","Cloak And Dagger","Blade Dance","Infinite Blades+1","Infinite Blades","Prepared+1","After Image","Accuracy+1","Terror+1","After Image","Accuracy","Adrenaline"],"relics":["Ring of the Snake","TungstenRod","Sling","Calipers","Mummified Hand","Iron Hammer","WingedGreaves","Lantern","PreservedInsect","Happy Flower","Bronze Scales","Toy Ornithopter","Empty Cage","Red Mask","Oddly Smooth Stone","Meat on the Bone","WarpedTongs","Bag of Marbles","Bag of Preparation","MealTicket","Replay:Drink Me","Akabeko","Shovel","Gremlin Horn","Turnip","Whetstone","Bird Faced Urn","Replay:WaspNest","ReplayTheSpireMod:TigerMarble"],"acts_visited":["Exordium","TheCity","TheBeyond","TheEnding"],"potions_floor_usage":[7,16,16,16,16,25,33,40,40,47,55,55],"damage_taken":[{"damage":0,"enemies":"2 Louse","floor":1,"turns":3},{"damage":0,"enemies":"Jaw Worm","floor":4,"turns":3},{"damage":3,"enemies":"Lagavulin","floor":6,"turns":5},{"damage":0,"enemies":"3 Sentries","floor":7,"turns":4},{"damage":5,"enemies":"Replay:BlueRogue","floor":8,"turns":3},{"damage":0,"enemies":"Cultist","floor":11,"turns":3},{"damage":0,"enemies":"Lagavulin","floor":14,"turns":3},{"damage":18,"enemies":"The Guardian","floor":16,"turns":7},{"damage":10,"enemies":"Spheric Guardian","floor":18,"turns":3},{"damage":9,"enemies":"Masked Bandits","floor":19,"turns":4},{"damage":0,"enemies":"Shell Parasite","floor":20,"turns":2},{"damage":0,"enemies":"Shelled Parasite and Fungi","floor":22,"turns":3},{"damage":0,"enemies":"Replay:Snechameleon","floor":24,"turns":1},{"damage":5,"enemies":"Snake Plant","floor":25,"turns":3},{"damage":19,"enemies":"Snecko","floor":28,"turns":5},{"damage":0,"enemies":"Book of Stabbing","floor":29,"turns":3},{"damage":0,"enemies":"Gremlin Leader","floor":31,"turns":3},{"damage":5,"enemies":"Automaton","floor":33,"turns":5},{"damage":0,"enemies":"Orb Walker","floor":35,"turns":2},{"damage":3,"enemies":"3 Shapes","floor":36,"turns":2},{"damage":0,"enemies":"Sphere and 2 Shapes","floor":37,"turns":2},{"damage":0,"enemies":"Writhing Mass","floor":38,"turns":4},{"damage":0,"enemies":"Spire Growth","floor":39,"turns":3},{"damage":2,"enemies":"R_Hoarder","floor":40,"turns":3},{"damage":0,"enemies":"Giant Head","floor":42,"turns":3},{"damage":0,"enemies":"Sphere and 2 Shapes","floor":45,"turns":1},{"damage":0,"enemies":"R_Hoarder","floor":46,"turns":2},{"damage":0,"enemies":"Mind Bloom Boss Battle","floor":47,"turns":2},{"damage":0,"enemies":"Reptomancer","floor":48,"turns":1},{"damage":0,"enemies":"Donu and Deca","floor":50,"turns":4},{"damage":0,"enemies":"Shield and Spear","floor":54,"turns":1},{"damage":1,"enemies":"The Heart","floor":55,"turns":5}],"seed_played":"4650672883852503111","potions_obtained":[{"floor":1,"key":"EssenceOfSteel"},{"floor":4,"key":"Explosive Potion"},{"floor":8,"key":"Dexterity Potion"},{"floor":14,"key":"EntropicBrew"},{"floor":19,"key":"LifebloodPotion"},{"floor":28,"key":"SteroidPotion"},{"floor":37,"key":"Weak Potion"},{"floor":42,"key":"Poison Potion"},{"floor":45,"key":"Adrenaline Potion"},{"floor":48,"key":"BlessingOfTheForge"}],"is_trial":false,"path_per_floor":["M","?","?","M","$","E","E","E","T","R","M","?","R","E","R","B",null,"M","?","M","?","M","R","E","M","T","?","M","E","$","E","R","B",null,"M","M","M","M","M","E","R","E","T","$","M","E","?","E","R","B",null,"R","$","E","B",null],"character_chosen":"THE_SILENT","items_purchased":["Infinite Blades","Blade Dance","Sling","Mummified Hand","Iron Hammer","Cloak And Dagger","Bag of Preparation","Infinite Blades","After Image","Accuracy","Block Potion"],"campfire_rested":1,"item_purchase_floors":[0,0,0,0,0,0,30,30,44,53,53],"current_hp_per_floor":[28,28,28,28,28,25,25,20,20,41,41,58,58,58,58,52,70,60,51,51,51,51,51,51,51,51,51,44,44,44,44,44,44,53,53,50,50,50,50,51,51,51,51,53,53,53,53,53,53,53,53,53,53,53,53],"gold":54,"neow_bonus":"","is_daily":false,"chose_seed":false,"campfire_upgraded":4,"win_rate":0.0,"timestamp":1611005851,"path_taken":["M","?","?","?","$","E","E","E","T","R","M","?","R","E","R","BOSS","M","?","M","?","M","R","E","M","T","?","M","E","$","E","R","BOSS","M","M","M","M","M","E","R","E","T","$","M","E","?","E","R","BOSS","R","$","E","BOSS"],"items_purchased_type":["Card","Card","Relic","Relic","Relic","Card","Relic","Card","Card","Card","Potion"],"build_version":"2020-12-22","purchased_purges":3,"victory":true,"max_hp_per_floor":[70,70,70,70,70,70,70,70,70,70,70,70,70,70,70,70,70,70,70,70,70,70,70,70,70,70,70,70,70,70,70,70,70,53,53,53,53,53,53,53,53,53,53,53,53,53,53,53,53,53,53,53,53,53,53],"card_choices":[{"not_picked":["Slice","Catalyst","ReplayTheSpireMod:Tripwire"],"picked":"SKIP","floor":1},{"not_picked":["Deadly Poison","Hidden Blade","Skewer"],"picked":"SKIP","floor":4},{"not_picked":["Underhanded Strike","Poisoned Stab"],"picked":"Tactician","floor":6},{"not_picked":["Bouncing Flask","Dagger Spray"],"picked":"ReplayTheSpireMod:Scrap Shanks","floor":7},{"not_picked":["Toxin Wave","Deflect"],"picked":"ReplayTheSpireMod:Scrap Shanks","floor":8},{"not_picked":["Hidden Blade","Backflip"],"picked":"Dash","floor":11},{"not_picked":["Well Laid Plans","Poisoned Stab"],"picked":"A Thousand Cuts","floor":14},{"not_picked":["Corpse Explosion","Storm of Steel"],"picked":"Burst","floor":16},{"not_picked":["Concentrate","Backflip+1"],"picked":"Finisher+1","floor":18},{"not_picked":["ReplayTheSpireMod:The Works+1","PiercingWail"],"picked":"Cloak And Dagger","floor":19},{"not_picked":["Riddle With Holes","Flying Knee+1"],"picked":"Blade Dance","floor":20},{"not_picked":["Blade Dance","Flying Knee","Dagger Throw"],"picked":"SKIP","floor":22},{"not_picked":["Predator","Backflip","Outmaneuver"],"picked":"SKIP","floor":24},{"not_picked":["Bouncing Flask","Underhanded Strike"],"picked":"Infinite Blades+1","floor":25},{"not_picked":["Dagger Throw","Noxious Fumes","Hidden Blade+1"],"picked":"SKIP","floor":28},{"not_picked":["Finisher","Bouncing Flask+1","Choke"],"picked":"SKIP","floor":29},{"not_picked":["Deadly Poison","Dodge and Roll"],"picked":"Prepared","floor":31},{"not_picked":["ReplayTheSpireMod:Necrosis","Atom Bomb"],"picked":"After Image","floor":33},{"not_picked":["Hidden Blade","Dagger Spray+1","Deflect"],"picked":"SKIP","floor":35},{"not_picked":["Draining Mist","ReplayTheSpireMod:Exploit Weakness+1","ReplayTheSpireMod:Scrap Shanks"],"picked":"SKIP","floor":36},{"not_picked":["Masterful Stab+1","Quick Slash+1","Blur"],"picked":"SKIP","floor":37},{"not_picked":["Flying Knee+1","Prepared"],"picked":"Accuracy+1","floor":38},{"not_picked":["Calculated Gamble+1","Sucker Punch"],"picked":"Terror+1","floor":39},{"not_picked":["Deadly Poison+1","Dagger Throw+1","Expertise+1"],"picked":"SKIP","floor":40},{"not_picked":["Endless Agony","Sucker Punch+1","Glass Knife"],"picked":"SKIP","floor":42},{"not_picked":["Poisoned Stab+1","PiercingWail+1","ReplayTheSpireMod:Scrap Shanks+1"],"picked":"SKIP","floor":45},{"not_picked":["Toxin Wave+1","Riddle With Holes+1","Acrobatics+1"],"picked":"SKIP","floor":46},{"not_picked":["Deadly Poison","PiercingWail","Distraction"],"picked":"SKIP","floor":48},{"not_picked":["Cloak And Dagger+1","Bouncing Flask+1"],"picked":"Adrenaline","floor":54}],"player_experience":286474,"relics_obtained":[{"floor":6,"key":"Lantern"},{"floor":7,"key":"PreservedInsect"},{"floor":8,"key":"Happy Flower"},{"floor":9,"key":"Bronze Scales"},{"floor":14,"key":"Toy Ornithopter"},{"floor":19,"key":"Red Mask"},{"floor":24,"key":"Oddly Smooth Stone"},{"floor":26,"key":"Meat on the Bone"},{"floor":29,"key":"Bag of Marbles"},{"floor":31,"key":"MealTicket"},{"floor":40,"key":"Akabeko"},{"floor":42,"key":"Shovel"},{"floor":46,"key":"Gremlin Horn"},{"floor":47,"key":"Turnip"},{"floor":48,"key":"Whetstone"},{"floor":49,"key":"Bird Faced Urn"},{"floor":52,"key":"Replay:WaspNest"},{"floor":54,"key":"ReplayTheSpireMod:TigerMarble"}],"event_choices":[{"cards_removed":["Defend_G"],"damage_healed":0,"gold_gain":0,"player_choice":"Offered Basic","damage_taken":0,"max_hp_gain":0,"max_hp_loss":0,"event_name":"Bonfire Elementals","floor":3,"gold_loss":0},{"damage_healed":17,"gold_gain":0,"player_choice":"Healed","damage_taken":0,"max_hp_gain":0,"max_hp_loss":0,"event_name":"The Cleric","floor":12,"gold_loss":35},{"damage_healed":0,"gold_gain":0,"player_choice":"Fought Bandits","damage_taken":0,"max_hp_gain":0,"max_hp_loss":0,"event_name":"Masked Bandits","floor":19,"gold_loss":0},{"damage_healed":0,"gold_gain":0,"player_choice":"Rummage","damage_taken":0,"relics_obtained":["WarpedTongs"],"max_hp_gain":0,"max_hp_loss":0,"event_name":"Accursed Blacksmith","floor":27,"gold_loss":0,"cards_obtained":["Pain"]},{"damage_healed":0,"gold_gain":0,"player_choice":"Fight","damage_taken":0,"max_hp_gain":0,"max_hp_loss":0,"event_name":"MindBloom","floor":47,"gold_loss":0}],"is_beta":false,"boss_relics":[{"not_picked":["Runic Pyramid","Coffee Dripper"],"picked":"Empty Cage"},{"not_picked":["ReplayTheSpireMod:DimensionalGlitch","Calling Bell"],"picked":"Replay:Drink Me"}],"items_purged_floors":[0,30,44],"is_endless":false,"potions_floor_spawned":[1,4,8,14,19,22,24,25,28,37,42,45,46,48,54],"ascension_level":3}}