{"host":"mi24dmma43d7mlws","time":1611005141,"event":{"mods":["2.2 Compatiblity","Astrologer","Bard","BaseMod","Beaked The Cultist","Bestiary","CatGirl Mod","Colored Map","Colored Powertips","Custom Start","Downfall","Fiend Mod","Fireblade Mod","Hermit","Highlight Path","JesterMod","Jorbs\u0027s Wanderer Trilogy","Mad Scientist","Magitek Elite","Minty Spire (QoL Compilation)","Potionbrewer","QueenMod","Quick Restart","Rare Cards Sparkle","Relic Stats","Shade Mod","Somnambulant","StSLib","Td1madao Mod","The Accelerator","The Blackbeard","The Bladedancer","The Bug Knight","The Clintock","The Construct","The Cursed","The Death Knight","The Disciple","The Elementalist","The Florist","The Gatherer","The Hayseed","The Hierophant","The Judge","The Juggle","The Mystic","The Necromancer","The Problem Sleuth","The Runesmith","The Senshi","The Servant 0.9.4","The Showman","The Spell Scribe","The Trickster","The Valiant","The Vixen","The Wild Card","TheBandit","TheFirefly","TheHeartMod","TheHero","TheLocksmith","everything is the same but u backflip on backflip","slay the spire mod where everything is the same but ironclad has a cowboy hat","thorton"],"gold_per_floor":[99,114,134,134,152,152,152,178,178,195,95,113,132,160,174,277,277,177,191,205,205,222,222,222,159,185,85,104,104,35,51,67,164,164,164,184,196,57,70,90,114,114,164,178,212,212,212,68,79,79,79,104,7,7,7,7],"floor_reached":57,"language":"ENG","playtime":9030,"items_purged":[],"score":1315,"play_id":"83293adc-93d6-454e-8d25-874d0adae1f9","local_time":"20210118212541","is_ascension_mode":true,"campfire_choices":[{"floor":1,"key":"RECALL"},{"data":"champ:EnragedBash","floor":11,"key":"SMITH"},{"data":"champ:GladiatorForm","floor":18,"key":"SMITH"},{"data":"champ:UltimateStance","floor":23,"key":"SMITH"},{"data":"champ:TripleStrike","floor":27,"key":"SMITH"},{"data":"champ:LastStand","floor":35,"key":"SMITH"},{"floor":42,"key":"REST"},{"floor":46,"key":"REST"},{"data":"champ:MurderStrike","floor":54,"key":"SMITH"}],"circlet_count":0,"master_deck":["champ:Strike","champ:Strike","champ:Strike","champ:Defend","champ:Defend","champ:Defend+1","champ:Defend","champ:Execute","champ:Taunt","champ:EnragedBash+1","champ:EnGarde","champ:BerserkersShout","champ:UltimateStance+1","theWildCard:PaleRider","champ:StanceDance+1","champ:TripleStrike+1","champ:PreciseThrust","champ:PreciseThrust","champ:BladeFlurry","champ:GladiatorForm+1","champ:FanOfKnives","champ:MurderStrike+1","champ:BringItOn+1","champ:CrownThrow","champ:Endure","champ:LastStand+1","champ:BerserkerStyle+1","champ:VampiricStrike","champ:Lariat+1","champ:Endure"],"relics":["champ:ChampionCrown","Ornamental Fan","champ:FightingForDummies","downfall:HeartBlessingRed","Mango","Gem_Box","downfall:HeartBlessingGreen","beaked:ShinyBauble","downfall:HeartBlessingBlue","Golden_Hairpin","PreservedInsect","MealTicket","Vajra","champ:DefensiveTrainingManual","War Paint","Sling","Bag of Marbles"],"acts_visited":["Exordium","TheCity","TheBeyond","TheEnding"],"potions_floor_usage":[8,14,16,25,28,45,50,55,56,56],"damage_taken":[{"damage":15,"enemies":"2 Louse","floor":2,"turns":2},{"damage":21,"enemies":"Jaw Worm","floor":3,"turns":5},{"damage":11,"enemies":"Cultist","floor":5,"turns":4},{"damage":57,"enemies":"Gremlin Nob","floor":8,"turns":4},{"damage":35,"enemies":"Exordium Wildlife","floor":10,"turns":4},{"damage":21,"enemies":"3 Louse","floor":12,"turns":3},{"damage":34,"enemies":"2 Fungi Beasts","floor":13,"turns":3},{"damage":46,"enemies":"3 Sentries","floor":14,"turns":4},{"damage":10,"enemies":"Red Slaver","floor":15,"turns":3},{"damage":76,"enemies":"DF_ARCHETYPE_STREAMLINE","floor":16,"turns":8},{"damage":34,"enemies":"Spheric Guardian","floor":19,"turns":3},{"damage":38,"enemies":"Shell Parasite","floor":20,"turns":4},{"damage":55,"enemies":"Snecko","floor":22,"turns":4},{"damage":29,"enemies":"downfall:FleeingMerchant","floor":25,"turns":4},{"damage":52,"enemies":"Book of Stabbing","floor":26,"turns":5},{"damage":30,"enemies":"Snake Plant","floor":28,"turns":2},{"damage":56,"enemies":"downfall:FleeingMerchant","floor":30,"turns":4},{"damage":7,"enemies":"Shelled Parasite and Fungi","floor":31,"turns":3},{"damage":30,"enemies":"Cultist and Chosen","floor":32,"turns":4},{"damage":117,"enemies":"SI_MIRROR_ARCHETYPE","floor":33,"turns":8},{"damage":0,"enemies":"Orb Walker","floor":36,"turns":2},{"damage":46,"enemies":"3 Darklings","floor":37,"turns":5},{"damage":10,"enemies":"downfall:FleeingMerchant","floor":38,"turns":2},{"damage":72,"enemies":"Jaw Worm Horde","floor":39,"turns":4},{"damage":92,"enemies":"Spire Growth","floor":40,"turns":4},{"damage":97,"enemies":"4 Shapes","floor":44,"turns":4},{"damage":85,"enemies":"Reptomancer","floor":45,"turns":4},{"damage":153,"enemies":"Maw","floor":49,"turns":5},{"damage":241,"enemies":"WA_ARCHETYPE_DIVINITY","floor":50,"turns":14},{"damage":113,"enemies":"downfall:CharBossMerchant","floor":52,"turns":4},{"damage":255,"enemies":"downfall:NeowBoss","floor":55,"turns":13},{"damage":140,"enemies":"downfall:NeowBossFinal","floor":56,"turns":11}],"seed_played":"-2675183299864936262","potions_obtained":[{"floor":2,"key":"ColorlessPotion"},{"floor":10,"key":"BlessingOfTheForge"},{"floor":13,"key":"potionbrewer:DiscountPotion"},{"floor":14,"key":"potionbrewer:MidasPotion"},{"floor":16,"key":"ColorlessPotion"},{"floor":20,"key":"Explosive Potion"},{"floor":26,"key":"hexamod:SoulburnPotion"},{"floor":28,"key":"potionbrewer:NoxiousPotion"},{"floor":33,"key":"champ:CounterPotion"},{"floor":45,"key":"Regen Potion"}],"is_trial":false,"path_per_floor":["R","M","M","?","M","?","T","E","?","M","R","M","M","E","M","B",null,"R","M","M","?","M","R","T","$","E","R","M","?","$","M","M","B",null,"R","M","M","$","M","M","T","R","?","M","E","R","?","$","M","B",null,"E","$","R","B","B",null],"character_chosen":"THE_CHAMP","items_purchased":["AttackPotion","champ:CrownThrow","champ:VampiricStrike","PreservedInsect","MealTicket","Sling","champ:UltimateStancePotion"],"campfire_rested":2,"item_purchase_floors":[25,30,38,38,38,48,53],"current_hp_per_floor":[99,94,93,93,92,92,92,65,65,65,65,64,60,68,68,37,113,113,109,106,106,106,106,106,102,80,90,90,90,84,77,77,55,123,123,123,112,112,103,85,85,121,121,99,80,116,116,123,123,64,123,123,123,123,89,21],"gold":7,"neow_bonus":"TEN_PERCENT_HP_BONUS","is_daily":false,"chose_seed":false,"campfire_upgraded":6,"win_rate":0.0,"timestamp":1611005141,"path_taken":["R","M","M","?","M","?","T","E","?","M","R","M","M","E","M","BOSS","R","M","M","?","M","R","T","$","E","R","M","?","$","?","M","BOSS","R","M","M","$","M","M","T","R","?","M","E","R","?","?","M","BOSS","E","$","R","BOSS","BOSS"],"items_purchased_type":["Potion","Card","Card","Relic","Relic","Relic","Potion"],"build_version":"2020-12-22","purchased_purges":0,"victory":true,"max_hp_per_floor":[99,99,99,99,99,99,99,99,99,99,99,99,99,113,113,113,113,113,113,113,113,113,113,113,113,113,123,123,123,123,123,123,123,123,123,123,123,123,123,123,123,123,123,123,123,123,123,123,123,123,123,123,123,123,123,123],"relic_stats":{"counters":[32,153],"Ornamental Fan":[164],"MealTicket":7,"PreservedInsect":158,"War Paint":["champ:StanceDance","champ:Defend"],"obtain_stats":[{"beaked:ShinyBauble":26,"downfall:HeartBlessingRed":11,"Vajra":41,"champ:ChampionCrown":0,"Mango":14,"downfall:HeartBlessingGreen":18,"PreservedInsect":38,"War Paint":47,"Sling":48,"Golden_Hairpin":34,"Ornamental Fan":7,"downfall:HeartBlessingBlue":27,"champ:DefensiveTrainingManual":45,"MealTicket":38,"Bag of Marbles":52,"Gem_Box":17,"champ:FightingForDummies":8},{"beaked:ShinyBauble":15,"downfall:HeartBlessingRed":5,"Vajra":25,"champ:ChampionCrown":0,"Mango":8,"downfall:HeartBlessingGreen":10,"PreservedInsect":23,"War Paint":27,"Sling":27,"Golden_Hairpin":20,"Ornamental Fan":3,"downfall:HeartBlessingBlue":15,"champ:DefensiveTrainingManual":27,"MealTicket":23,"Bag of Marbles":30,"Gem_Box":10,"champ:FightingForDummies":4},{"beaked:ShinyBauble":60,"downfall:HeartBlessingRed":19,"Vajra":98,"champ:ChampionCrown":0,"Mango":29,"downfall:HeartBlessingGreen":40,"PreservedInsect":90,"War Paint":106,"Sling":106,"Golden_Hairpin":81,"Ornamental Fan":11,"downfall:HeartBlessingBlue":60,"champ:DefensiveTrainingManual":106,"MealTicket":90,"Bag of Marbles":129,"Gem_Box":40,"champ:FightingForDummies":15}]},"card_choices":[{"not_picked":["champ:GutPunch","champ:FlashCut"],"picked":"champ:EnragedBash","floor":2},{"not_picked":["champ:Circumvent","champ:DefensiveShout"],"picked":"champ:EnGarde","floor":3},{"not_picked":["champ:EnGarde","champ:Parry"],"picked":"champ:BerserkersShout","floor":5},{"not_picked":["champ:FocusedDefense","champ:Backstep"],"picked":"champ:UltimateStance","floor":8},{"not_picked":["champ:Backstep","champ:BerserkerStyle"],"picked":"champ:StanceDance","floor":10},{"not_picked":["champ:CalledShot","champ:BringItOn"],"picked":"champ:TripleStrike","floor":12},{"not_picked":["champ:BerserkerStyle","champ:TornadoPunch"],"picked":"champ:PreciseThrust","floor":13},{"not_picked":["champ:Shatter","champ:SwordSigil"],"picked":"champ:PreciseThrust","floor":14},{"not_picked":["champ:HeartStrike","champ:MurderStrike"],"picked":"champ:BladeFlurry","floor":15},{"not_picked":["champ:ShieldThrow","champ:DancingMaster"],"picked":"champ:GladiatorForm","floor":16},{"not_picked":["champ:PreemptiveStrike","champ:Haymaker+1"],"picked":"champ:FanOfKnives","floor":19},{"not_picked":["champ:GutPunch","champ:BladeFlurry","champ:FanOfKnives"],"picked":"SKIP","floor":20},{"not_picked":["champ:DefensiveStyle","champ:GutPunch","champ:FanOfKnives+1"],"picked":"SKIP","floor":22},{"not_picked":["champ:SteelEdge","champ:PerfectedStrike"],"picked":"champ:MurderStrike","floor":25},{"not_picked":["champ:FalseCounter","champ:RecklessLeap","champ:ShieldSigil"],"picked":"SKIP","floor":26},{"not_picked":["champ:TornadoPunch+1","champ:FocusedDefense+1"],"picked":"champ:BringItOn+1","floor":28},{"not_picked":["champ:PreemptiveStrike","champ:Improvising","champ:HeartStrike"],"picked":"SKIP","floor":30},{"not_picked":["champ:FanOfKnives","champ:RecklessLeap+1"],"picked":"champ:Endure","floor":31},{"not_picked":["champ:Encircle","champ:Shatter","champ:FanOfKnives+1"],"picked":"SKIP","floor":32},{"not_picked":["champ:ShieldThrow","champ:DancingMaster"],"picked":"champ:LastStand","floor":33},{"not_picked":["champ:HeartStrike+1","champ:FlashCut","champ:CrownThrow+1"],"picked":"SKIP","floor":36},{"not_picked":["champ:CalledShot","champ:Circumvent","champ:FanOfKnives+1"],"picked":"SKIP","floor":37},{"not_picked":["champ:Haymaker+1","champ:Devastate"],"picked":"champ:BerserkerStyle+1","floor":38},{"not_picked":["champ:FancyFootwork","champ:PerfectedStrike","champ:FaceSlap"],"picked":"SKIP","floor":39},{"not_picked":["champ:Duel","champ:CrownThrow"],"picked":"champ:Lariat+1","floor":40},{"not_picked":["champ:PreciseThrust+1","champ:EnGarde"],"picked":"champ:Endure","floor":44},{"not_picked":["champ:FalseCounter","champ:ArenaPreparation+1","champ:Endure"],"picked":"SKIP","floor":45},{"not_picked":["champ:FancyFootwork+1","champ:FanOfKnives","champ:Duel+1"],"picked":"SKIP","floor":49},{"not_picked":["champ:TornadoPunch","champ:CrookedStrike","champ:BringItOn+1"],"picked":"SKIP","floor":52}],"player_experience":1079990,"relics_obtained":[{"floor":7,"key":"Ornamental Fan"},{"floor":8,"key":"champ:FightingForDummies"},{"floor":14,"key":"Mango"},{"floor":26,"key":"beaked:ShinyBauble"},{"floor":41,"key":"Vajra"},{"floor":45,"key":"champ:DefensiveTrainingManual"},{"floor":47,"key":"War Paint"},{"floor":52,"key":"Bag of Marbles"}],"event_choices":[{"damage_healed":0,"gold_gain":0,"player_choice":"Ignored","damage_taken":0,"max_hp_gain":0,"max_hp_loss":0,"event_name":"Vampires","floor":29,"gold_loss":0}],"is_beta":false,"boss_relics":[{"not_picked":["Velvet Choker","construct:WeddingRing"],"picked":"Gem_Box"},{"not_picked":["Empty Cage","Philosopher\u0027s Stone"],"picked":"Golden_Hairpin"}],"items_purged_floors":[],"is_endless":false,"potions_floor_spawned":[2,10,13,14,16,20,26,28,32,33,36,45,49],"ascension_level":1}}