{"host":"5fpb1gzflhq9886n","time":1611000445,"event":{"mods":["AchievementEnabler","BaseMod","Colored Map","Colored Powertips","Minty Spire (QoL Compilation)","Permanent Neow"],"gold_per_floor":[109,109,109,127,127,160,160,175,222,245,130,130,150,150,150],"floor_reached":14,"language":"ENG","playtime":676,"items_purged":[],"score":108,"play_id":"84522296-778b-46f9-aca6-892d908523ef","local_time":"20210118150725","is_ascension_mode":true,"campfire_choices":[{"floor":7,"key":"REST"},{"floor":12,"key":"REST"}],"circlet_count":0,"master_deck":["Strike_G","Strike_G","Strike_G","Strike_G","Strike_G","Defend_G","Defend_G","Defend_G","Defend_G","Defend_G","Survivor","Neutralize","Phantasmal Killer","PiercingWail","Poisoned Stab","Blur","Caltrops","Poisoned Stab","Deadly Poison","Footwork","Poisoned Stab"],"relics":["Ring of the Snake","Snake Skull","Golden Idol","StrikeDummy"],"acts_visited":["Exordium"],"potions_floor_usage":[10,13],"damage_taken":[{"damage":1,"enemies":"Jaw Worm","floor":1,"turns":6},{"damage":11,"enemies":"Small Slimes","floor":4,"turns":4},{"damage":41,"enemies":"3 Sentries","floor":6,"turns":12},{"damage":1,"enemies":"2 Louse","floor":8,"turns":2},{"damage":10,"enemies":"Exordium Thugs","floor":10,"turns":5},{"damage":19,"enemies":"Lots of Slimes","floor":13,"turns":6},{"damage":13,"enemies":"Lagavulin","floor":14,"turns":2}],"seed_played":"-8734806446945813695","potions_obtained":[{"floor":6,"key":"ColorlessPotion"},{"floor":8,"key":"Block Potion"},{"floor":10,"key":"LiquidBronze"},{"floor":13,"key":"Explosive Potion"}],"is_trial":false,"path_per_floor":["M","?","?","M","?","E","R","M","T","M","$","R","M","E"],"character_chosen":"THE_SILENT","items_purchased":["Deadly Poison","Footwork"],"campfire_rested":2,"item_purchase_floors":[11,11],"current_hp_per_floor":[69,57,57,46,46,5,24,23,23,13,13,32,13,0,0],"gold":150,"neow_bonus":"ONE_RANDOM_RARE_CARD","is_daily":false,"chose_seed":false,"campfire_upgraded":0,"win_rate":0.0,"timestamp":1611000445,"path_taken":["M","?","?","M","?","E","R","M","T","?","$","R","M","E"],"items_purchased_type":["Card","Card"],"build_version":"2020-12-22","purchased_purges":0,"victory":false,"max_hp_per_floor":[70,70,70,70,65,65,65,65,65,65,65,65,65,65,65],"card_choices":[{"not_picked":["Quick Slash","Dodge and Roll"],"picked":"PiercingWail","floor":1},{"not_picked":["Dodge and Roll","Underhanded Strike"],"picked":"Poisoned Stab","floor":4},{"not_picked":["Bullet Time","Flying Knee"],"picked":"Blur","floor":6},{"not_picked":["Heel Hook","Escape Plan"],"picked":"Caltrops","floor":8},{"not_picked":["Outmaneuver","Acrobatics"],"picked":"Poisoned Stab","floor":10},{"not_picked":["PiercingWail","Acrobatics"],"picked":"Poisoned Stab","floor":13}],"player_experience":724092,"relics_obtained":[{"floor":6,"key":"StrikeDummy"}],"event_choices":[{"damage_healed":0,"gold_gain":0,"player_choice":"Success","damage_taken":12,"relics_obtained":["Snake Skull"],"max_hp_gain":0,"max_hp_loss":0,"event_name":"Scrap Ooze","floor":2,"gold_loss":0},{"damage_healed":0,"gold_gain":0,"player_choice":"Ignored","damage_taken":0,"max_hp_gain":0,"max_hp_loss":0,"event_name":"Golden Wing","floor":3,"gold_loss":0},{"damage_healed":0,"gold_gain":0,"player_choice":"Lose Max HP","damage_taken":0,"relics_obtained":["Golden Idol"],"max_hp_gain":0,"max_hp_loss":5,"event_name":"Golden Idol","floor":5,"gold_loss":0}],"is_beta":false,"boss_relics":[],"items_purged_floors":[],"is_endless":false,"potions_floor_spawned":[6,8,10,13],"killed_by":"Lagavulin","ascension_level":4}}