{"host":"46dxij13gllk3u9t","time":1611007949,"event":{"mods":["BaseMod","Better Note","BetterRewards","Colored Powertips","Custom Start","Downfall","Minty Spire (QoL Compilation)","Relic Sorter","Shop Mod","StSLib","The IronCluck","slay the spire mod where everything is the same but ironclad has a cowboy hat"],"gold_per_floor":[99,118,129,129,145,145,145,145,163,163,173,186,186,197,208,307,307,207,220,234,250,266,23,23,34,67,67,67,67],"floor_reached":27,"language":"ENG","playtime":3256,"items_purged":["Regret"],"score":231,"play_id":"ce2b8d8e-7f47-4aaf-a7dc-2eace3f73511","local_time":"20210118171229","is_ascension_mode":false,"campfire_choices":[{"floor":1,"key":"RECALL"},{"data":"champ:TornadoPunch","floor":8,"key":"SMITH"},{"data":"champ:Execute","floor":10,"key":"SMITH"},{"data":"champ:FlashCut","floor":13,"key":"SMITH"},{"data":"champ:StanceDance","floor":18,"key":"SMITH"}],"circlet_count":0,"master_deck":["champ:Strike","champ:Strike","champ:Strike","champ:Strike","champ:Defend","champ:Defend","champ:Defend","champ:Defend+1","champ:Execute+1","champ:Taunt+1","champ:StanceDance+1","champ:CrookedStrike","champ:TornadoPunch+1","champ:DefensiveStyle","champ:StanceDance+1","champ:FlashCut+1","champ:ShieldThrow","champ:CalledShot+1","champ:ViciousMockery+1","champ:BringItOn","champ:DefensiveShout","champ:ShieldWall","champ:SkillfulDodge","champ:DefensiveShout"],"relics":["champ:ChampionCrown","Lizard Tail","Philosopher\u0027s Stone","downfall:HeartBlessingRed","OrangePellets","War Paint","Smiling Mask"],"acts_visited":["Exordium","TheCity"],"potions_floor_usage":[16,16,16,20],"damage_taken":[{"damage":4,"enemies":"Small Slimes","floor":2,"turns":6},{"damage":22,"enemies":"2 Louse","floor":3,"turns":3},{"damage":10,"enemies":"Cultist","floor":5,"turns":3},{"damage":20,"enemies":"Blue Slaver","floor":9,"turns":4},{"damage":33,"enemies":"Exordium Thugs","floor":11,"turns":4},{"damage":5,"enemies":"2 Fungi Beasts","floor":12,"turns":4},{"damage":8,"enemies":"Blue Slaver","floor":14,"turns":2},{"damage":4,"enemies":"Large Slime","floor":15,"turns":5},{"damage":81,"enemies":"WA_ARCHETYPE_RETAIN","floor":16,"turns":12},{"damage":22,"enemies":"Chosen","floor":19,"turns":2},{"damage":26,"enemies":"3 Byrds","floor":20,"turns":5},{"damage":21,"enemies":"Snecko","floor":21,"turns":4},{"damage":21,"enemies":"Snake Plant","floor":22,"turns":3},{"damage":21,"enemies":"downfall:FleeingMerchant","floor":23,"turns":4},{"damage":29,"enemies":"Centurion and Healer","floor":25,"turns":6},{"damage":12,"enemies":"Slavers","floor":26,"turns":4},{"damage":12,"enemies":"Sentry and Sphere","floor":27,"turns":3}],"seed_played":"-4467627635360585180","potions_obtained":[{"floor":5,"key":"Regen Potion"},{"floor":9,"key":"sneckomod:MuddlingPotion"},{"floor":15,"key":"Swift Potion"},{"floor":16,"key":"GamblersBrew"},{"floor":19,"key":"Slimebound:ThreeZeroPotion"},{"floor":25,"key":"SteroidPotion"},{"floor":26,"key":"sneckomod:MuddlingPotion"}],"is_trial":false,"path_per_floor":["R","M","M","?","M","?","T","R","M","R","M","M","R","M","M","B",null,"R","M","M","M","M","$","T","M","E","M"],"character_chosen":"THE_CHAMP","items_purchased":["OrangePellets"],"campfire_rested":0,"item_purchase_floors":[23],"current_hp_per_floor":[81,77,65,65,65,65,65,65,55,55,42,37,37,29,25,13,81,81,69,63,52,31,30,30,15,3,0,0,0],"gold":67,"neow_bonus":"ONE_RARE_RELIC","is_daily":false,"chose_seed":false,"campfire_upgraded":4,"win_rate":0.0,"timestamp":1611007949,"path_taken":["R","M","M","?","M","?","T","R","M","R","M","M","R","M","M","BOSS","R","M","?","M","M","$","T","M","E","M"],"items_purchased_type":["Relic"],"build_version":"2020-12-22","purchased_purges":1,"victory":false,"max_hp_per_floor":[81,81,81,81,81,81,81,81,81,81,81,81,81,81,81,81,81,81,81,81,81,81,81,81,81,81,81,81,81],"card_choices":[{"not_picked":["champ:AdrenalArmor","champ:FocusedDefense"],"picked":"champ:StanceDance","floor":2},{"not_picked":["champ:FlashCut","champ:CrownThrow"],"picked":"champ:CrookedStrike","floor":3},{"not_picked":["champ:EnchantCrown","champ:FanOfKnives"],"picked":"champ:TornadoPunch","floor":5},{"not_picked":["champ:BladeFlurry","champ:Shatter"],"picked":"champ:DefensiveStyle","floor":9},{"not_picked":["champ:CalledShot","champ:ShieldSlam"],"picked":"champ:StanceDance","floor":11},{"not_picked":["champ:Duel","champ:Parry"],"picked":"champ:FlashCut","floor":12},{"not_picked":["champ:PerfectedStrike","champ:FanOfKnives"],"picked":"champ:ShieldThrow","floor":14},{"not_picked":["champ:BerserkersShout","champ:EnGarde"],"picked":"champ:CalledShot","floor":15},{"not_picked":["champ:PreciseThrust","champ:FocusedDefense"],"picked":"champ:ViciousMockery+1","floor":19},{"not_picked":["champ:EnGarde","champ:GutPunch"],"picked":"champ:BringItOn","floor":20},{"not_picked":["champ:BerserkerStyle","champ:BerserkersShout"],"picked":"champ:DefensiveShout","floor":21},{"not_picked":["champ:Haymaker","champ:Backstep","champ:BerserkersShout"],"picked":"SKIP","floor":22},{"not_picked":["champ:BringItOn","champ:ViciousMockery+1"],"picked":"champ:ShieldWall","floor":23},{"not_picked":["champ:CrownThrow","champ:StrikeOfGenius"],"picked":"champ:SkillfulDodge","floor":25},{"not_picked":["champ:PerfectedStrike","champ:BerserkersShout"],"picked":"champ:DefensiveShout","floor":26}],"player_experience":424086,"relics_obtained":[{"floor":24,"key":"War Paint"},{"floor":26,"key":"Smiling Mask"}],"event_choices":[],"is_beta":false,"boss_relics":[{"not_picked":["Busted Crown","SacredBark"],"picked":"Philosopher\u0027s Stone"}],"items_purged_floors":[23],"is_endless":false,"potions_floor_spawned":[5,9,15,16,19,25,26],"killed_by":"Sentry and Sphere","ascension_level":0}}