{"host":"e2ju6k0wppswbhbd","time":1611007778,"event":{"mods":["BaseMod","Minty Spire (QoL Compilation)","Rare Cards Sparkle","StSLib"],"gold_per_floor":[16,34,47,62,72,72,72,72,97,137,158,178,178,222,222,341,341,357,370,385,401,2,2,41,41,41,41,62,87,101,125,125,125,125],"floor_reached":33,"language":"FRA","playtime":3998,"items_purged":[],"score":283,"play_id":"78342913-1b7b-4e3f-a92e-4682e4327428","local_time":"20210118230938","is_ascension_mode":false,"campfire_choices":[{"floor":6,"key":"RECALL"},{"floor":15,"key":"REST"},{"data":"Machine Learning","floor":23,"key":"SMITH"},{"floor":27,"key":"REST"},{"data":"Defragment","floor":32,"key":"SMITH"}],"circlet_count":0,"master_deck":["Strike_B","Strike_B","Strike_B","Defend_B","Defend_B+1","Defend_B","Zap","Dualcast","Stack","Skim","Gash","Coolheaded","Ball Lightning","Cold Snap","Fusion","Injury","Hologram+1","Streamline","Coolheaded","Conserve Battery","Machine Learning+1","Self Repair","Sweeping Beam","Defragment+1","Static Discharge+1","Force Field","Darkness","Parasite","Steam","Redo","Clumsy"],"relics":["Cracked Core","Golden Idol","DataDisk","Bronze Scales","Cursed Key","Shuriken","StrikeDummy","WingedGreaves","Orichalcum"],"acts_visited":["Exordium","TheCity"],"potions_floor_usage":[5,5,12,19,24,29,30],"damage_taken":[{"damage":0,"enemies":"Jaw Worm","floor":1,"turns":3},{"damage":0,"enemies":"Small Slimes","floor":2,"turns":4},{"damage":0,"enemies":"2 Louse","floor":3,"turns":2},{"damage":2,"enemies":"Blue Slaver","floor":4,"turns":3},{"damage":3,"enemies":"Exordium Thugs","floor":5,"turns":4},{"damage":32,"enemies":"Lagavulin","floor":10,"turns":8},{"damage":11,"enemies":"Gremlin Gang","floor":11,"turns":5},{"damage":0,"enemies":"Looter","floor":12,"turns":3},{"damage":6,"enemies":"Gremlin Nob","floor":14,"turns":4},{"damage":15,"enemies":"Hexaghost","floor":16,"turns":12},{"damage":2,"enemies":"Spheric Guardian","floor":18,"turns":4},{"damage":8,"enemies":"2 Thieves","floor":19,"turns":5},{"damage":5,"enemies":"Snecko","floor":20,"turns":5},{"damage":10,"enemies":"Centurion and Healer","floor":21,"turns":8},{"damage":28,"enemies":"Gremlin Leader","floor":24,"turns":6},{"damage":4,"enemies":"3 Cultists","floor":28,"turns":5},{"damage":10,"enemies":"Snake Plant","floor":29,"turns":4},{"damage":13,"enemies":"Centurion and Healer","floor":30,"turns":6},{"damage":76,"enemies":"Collector","floor":33,"turns":9}],"seed_played":"4976501330399261848","potions_obtained":[{"floor":2,"key":"LiquidMemories"},{"floor":4,"key":"Weak Potion"},{"floor":11,"key":"SkillPotion"},{"floor":18,"key":"FearPotion"},{"floor":20,"key":"BlessingOfTheForge"},{"floor":28,"key":"Swift Potion"},{"floor":29,"key":"Fruit Juice"}],"is_trial":false,"path_per_floor":["M","M","M","M","M","R","?","?","T","E","M","M","?","E","R","B",null,"M","M","M","M","$","R","E","?","T","R","M","M","M","T","R","B"],"character_chosen":"DEFECT","items_purchased":["Shuriken","Force Field","Darkness"],"campfire_rested":2,"item_purchase_floors":[22,22,22],"current_hp_per_floor":[75,75,75,73,70,70,70,75,75,43,32,32,16,10,34,19,80,78,70,72,69,69,69,48,48,48,72,75,72,71,71,71,0,0],"gold":125,"neow_bonus":"TRANSFORM_TWO_CARDS","is_daily":false,"chose_seed":false,"campfire_upgraded":2,"win_rate":0.0,"timestamp":1611007778,"path_taken":["M","M","M","M","M","R","?","?","T","E","M","M","?","E","R","BOSS","M","M","M","M","$","R","E","?","T","R","M","M","M","?","R","BOSS"],"items_purchased_type":["Relic","Card","Card"],"build_version":"2020-12-22","purchased_purges":0,"victory":false,"max_hp_per_floor":[75,75,75,75,75,75,75,80,80,80,80,80,80,80,80,80,80,80,80,80,80,80,80,80,80,80,80,80,80,85,85,85,85,85],"card_choices":[{"not_picked":["Turbo","Barrage"],"picked":"Gash","floor":1},{"not_picked":["Turbo","Sweeping Beam"],"picked":"Coolheaded","floor":2},{"not_picked":["Steam","Streamline"],"picked":"Ball Lightning","floor":3},{"not_picked":["Turbo","Streamline"],"picked":"Cold Snap","floor":4},{"not_picked":["Chill","Streamline"],"picked":"Fusion","floor":5},{"not_picked":["Go for the Eyes","Beam Cell"],"picked":"Hologram","floor":10},{"not_picked":["Echo Form","Rebound"],"picked":"Streamline","floor":11},{"not_picked":["Beam Cell","Compile Driver"],"picked":"Coolheaded","floor":12},{"not_picked":["Chill","Hologram"],"picked":"Conserve Battery","floor":14},{"not_picked":["Buffer","Echo Form"],"picked":"Machine Learning","floor":16},{"not_picked":["Hologram","Barrage"],"picked":"Self Repair","floor":18},{"not_picked":["Reprogram","Turbo"],"picked":"Sweeping Beam","floor":19},{"not_picked":["Skim+1","Chill"],"picked":"Defragment","floor":20},{"not_picked":["Turbo+1","Sunder"],"picked":"Static Discharge+1","floor":21},{"not_picked":["Hologram","Rip and Tear","Machine Learning"],"picked":"SKIP","floor":24},{"not_picked":["Defragment","Coolheaded","Go for the Eyes"],"picked":"SKIP","floor":28},{"not_picked":["Sweeping Beam+1","Beam Cell"],"picked":"Steam","floor":29},{"not_picked":["Ball Lightning","Gash"],"picked":"Redo","floor":30}],"player_experience":2720138,"relics_obtained":[{"floor":10,"key":"DataDisk"},{"floor":14,"key":"Bronze Scales"},{"floor":24,"key":"StrikeDummy"},{"floor":26,"key":"WingedGreaves"},{"floor":31,"key":"Orichalcum"}],"event_choices":[{"damage_healed":0,"gold_gain":0,"player_choice":"Take Wound","damage_taken":0,"relics_obtained":["Golden Idol"],"max_hp_gain":0,"max_hp_loss":0,"event_name":"Golden Idol","floor":7,"gold_loss":0,"cards_obtained":["Injury"]},{"damage_healed":0,"gold_gain":0,"player_choice":"Donut","damage_taken":0,"max_hp_gain":5,"max_hp_loss":0,"event_name":"Big Fish","floor":8,"gold_loss":0},{"damage_healed":0,"gold_gain":0,"player_choice":"Entered Light","damage_taken":16,"max_hp_gain":0,"max_hp_loss":0,"event_name":"Shining Light","floor":13,"gold_loss":0,"cards_upgraded":["Hologram","Defend_B"]},{"damage_healed":0,"gold_gain":0,"player_choice":"Ignored","damage_taken":0,"max_hp_gain":0,"max_hp_loss":0,"event_name":"Ghosts","floor":25,"gold_loss":0}],"is_beta":false,"boss_relics":[{"not_picked":["Philosopher\u0027s Stone","Snecko Eye"],"picked":"Cursed Key"}],"items_purged_floors":[],"is_endless":false,"potions_floor_spawned":[2,4,11,18,20,28,29],"killed_by":"Collector","ascension_level":0}}