{"host":"c5slkkw8hp42e20v","time":1611004912,"event":{"mods":["AchievementEnabler","BaseMod","Better Note","BetterRewards","Clawfect","Colored Powertips","DeckTracker","Friendly Minions","GifTheSpireLib","Hermit","Highlight Path","Minty Spire (QoL Compilation)","Quick Restart","Rare Cards Sparkle","Replay The Spire","Spicy Shops","StSLib","The Administrix","The Animator","The Bug Knight","The Hierophant","The Necromancer","The Poker Player","The Runesmith","The Senshi","The Servant 0.9.4","????"],"gold_per_floor":[112,62,8,18,18,48,48,69,69,69,69,94,112,123,123,226,226,237,162,174,74,90,90,109,135,160,170,170,186,196,196,196],"floor_reached":31,"language":"ENG","playtime":1753,"items_purged":["Looming Evil","Normality"],"score":392,"play_id":"c4666e3a-c4fe-4efe-8a03-4a4dda5c800f","local_time":"20210118152152","is_ascension_mode":false,"campfire_choices":[{"data":"Gash","floor":7,"key":"SMITH"},{"floor":15,"key":"REST"},{"floor":23,"key":"REST"},{"floor":28,"key":"REST"}],"circlet_count":0,"master_deck":["Gash+1","Gash","Gash","Gash","Gash","Defend_B","Defend_B","FIFO Queue","Clawfect:ClawForTheEyes","Gash","Clawfect:ClawSnap","Rebound","Coolheaded","FTL","Seek","Normality","Self Repair","FIFO Queue","Coolheaded+1","Clawfect:ClawCell","Clawfect:Clawrage","Clawfect:Clawrage","ReplayTheSpireMod:System Scan","Clawfect:ClawCell+1"],"relics":["Clawfect:DRClaw","Bird Faced Urn","Pear","Odd Mushroom","Mummified Hand","ReplayTheSpireMod:Ring of Collecting","ReplayTheSpireMod:Ring of Addiction","Chameleon Ring","Potion Belt","Vajra","Kintsugi","Blue Candle","Ring of Panic","Blood Vial"],"acts_visited":["Exordium","TheCity"],"potions_floor_usage":[12,24,27,27,27],"damage_taken":[{"damage":7,"enemies":"Small Slimes","floor":1,"turns":3},{"damage":0,"enemies":"Cultist","floor":4,"turns":3},{"damage":21,"enemies":"Gremlin Nob","floor":6,"turns":4},{"damage":17,"enemies":"The Mushroom Lair","floor":8,"turns":4},{"damage":20,"enemies":"3 Sentries","floor":12,"turns":5},{"damage":5,"enemies":"2 Louse","floor":13,"turns":3},{"damage":12,"enemies":"Blue Slaver","floor":14,"turns":4},{"damage":15,"enemies":"Hexaghost","floor":16,"turns":7},{"damage":6,"enemies":"Chosen","floor":18,"turns":5},{"damage":38,"enemies":"3 Byrds","floor":20,"turns":6},{"damage":40,"enemies":"Snecko","floor":22,"turns":7},{"damage":27,"enemies":"Chosen and Byrds","floor":24,"turns":6},{"damage":32,"enemies":"Gremlin Leader","floor":25,"turns":6},{"damage":35,"enemies":"3 Cultists","floor":27,"turns":4},{"damage":21,"enemies":"Cultist and Chosen","floor":29,"turns":5},{"damage":47,"enemies":"Centurion and Healer","floor":30,"turns":5},{"damage":43,"enemies":"3 Cultists","floor":31,"turns":3}],"seed_played":"3275949728006701507","potions_obtained":[{"floor":6,"key":"Fire Potion"},{"floor":8,"key":"FairyPotion"},{"floor":10,"key":"Reflective Coating"},{"floor":10,"key":"Strength Potion"},{"floor":10,"key":"FearPotion"},{"floor":14,"key":"Reflective Coating"},{"floor":24,"key":"SkillPotion"},{"floor":27,"key":"SneckoOil"},{"floor":29,"key":"Reflective Coating"}],"is_trial":false,"path_per_floor":["M","?","$","M","?","E","R","?","T","?","?","E","M","M","R","B",null,"M","$","M","$","M","R","M","E","T","M","R","M","M","M"],"character_chosen":"DEFECT","items_purchased":["Clawfect:ClawAndTear","Clawfect:ClawForTheEyes"],"campfire_rested":3,"item_purchase_floors":[0,3],"current_hp_per_floor":[68,68,68,70,75,66,66,49,49,49,49,31,26,14,41,28,88,82,82,55,55,28,53,39,20,20,44,69,63,31,0,0],"gold":196,"neow_bonus":"","is_daily":false,"chose_seed":false,"campfire_upgraded":1,"win_rate":0.0,"timestamp":1611004912,"path_taken":["M","?","$","M","?","E","R","?","T","?","?","E","M","M","R","BOSS","M","$","M","$","M","R","M","E","T","M","R","M","M","M"],"items_purchased_type":["Card","Card"],"build_version":"2020-12-22","purchased_purges":2,"victory":false,"max_hp_per_floor":[75,75,75,75,80,90,90,90,90,90,90,90,90,90,90,88,88,88,86,86,86,84,84,84,84,84,84,84,84,84,82,82],"card_choices":[{"not_picked":["Genetic Algorithm","Redo"],"picked":"FIFO Queue","floor":1},{"not_picked":["ReplayTheSpireMod:Calculation Training","Stack"],"picked":"Gash","floor":4},{"not_picked":["Rebound","Turbo"],"picked":"Clawfect:Clawline","floor":6},{"not_picked":["BootSequence","Leap"],"picked":"Clawfect:ClawSnap","floor":8},{"not_picked":["FIFO Queue","Auto Shields"],"picked":"Rebound","floor":12},{"not_picked":["Rebound","Conserve Battery"],"picked":"Coolheaded","floor":13},{"not_picked":["Hyperbeam","ReplaySort"],"picked":"FTL","floor":14},{"not_picked":["Electrodynamics","Thunder Strike"],"picked":"Seek","floor":16},{"not_picked":["Hologram","Turbo"],"picked":"Self Repair","floor":18},{"not_picked":["Redo","Steam"],"picked":"FIFO Queue","floor":20},{"not_picked":["ReplayGash","Heatsinks"],"picked":"Coolheaded+1","floor":22},{"not_picked":["Consume","Time Bomb"],"picked":"Clawfect:ClawCell","floor":24},{"not_picked":["Storm","Conserve Battery"],"picked":"Clawfect:Clawrage","floor":25},{"not_picked":["Echo Form","Glacier"],"picked":"Clawfect:Clawrage","floor":27},{"not_picked":["BasicCrystalCard","FIFO Queue"],"picked":"ReplayTheSpireMod:System Scan","floor":29},{"not_picked":["Reinforced Body+1","Turbo"],"picked":"Clawfect:ClawCell+1","floor":30}],"player_experience":82166,"relics_obtained":[{"floor":6,"key":"Pear"},{"floor":8,"key":"Odd Mushroom"},{"floor":9,"key":"Mummified Hand"},{"floor":10,"key":"ReplayTheSpireMod:Ring of Collecting"},{"floor":10,"key":"ReplayTheSpireMod:Ring of Addiction"},{"floor":10,"key":"Chameleon Ring"},{"floor":10,"key":"Potion Belt"},{"floor":12,"key":"Vajra"},{"floor":25,"key":"Blue Candle"},{"floor":26,"key":"Ring of Panic"},{"floor":26,"key":"Blood Vial"}],"event_choices":[{"cards_removed":["Defend_B"],"damage_healed":0,"gold_gain":0,"player_choice":"Card Removal","damage_taken":0,"max_hp_gain":0,"max_hp_loss":0,"event_name":"The Cleric","floor":2,"gold_loss":50},{"damage_healed":0,"gold_gain":0,"player_choice":"Donut","damage_taken":0,"max_hp_gain":5,"max_hp_loss":0,"event_name":"Big Fish","floor":5,"gold_loss":0},{"damage_healed":0,"gold_gain":0,"player_choice":"Fought Mushrooms","damage_taken":0,"max_hp_gain":0,"max_hp_loss":0,"event_name":"Mushrooms","floor":8,"gold_loss":0},{"damage_healed":0,"gold_gain":0,"player_choice":"Bought 0 Potions","damage_taken":0,"max_hp_gain":0,"max_hp_loss":0,"event_name":"The Woman in Blue","floor":11,"gold_loss":0}],"is_beta":false,"boss_relics":[{"not_picked":["Replay:Wanted Poster","Empty Cage"],"picked":"Kintsugi"}],"items_purged_floors":[19,21],"is_endless":false,"potions_floor_spawned":[6,8,14,24,27,29],"killed_by":"3 Cultists","ascension_level":0}}