{"host":"yb1yv0i4ygq2c9jc","time":1611013609,"event":{"mods":["BaseMod","Dark Map","Downfall","Minty Spire (QoL Compilation)","Rare Cards Sparkle","Relic Stats","StSLib","Thieving Mod"],"gold_per_floor":[99,109,126,226,244,244,244,264,277,308,321,321,336,336,356,356,356],"floor_reached":16,"language":"ENG","playtime":720,"items_purged":[],"score":106,"play_id":"9d6fbca6-04a1-46b2-b6c0-bfa977ce5e00","local_time":"20210118154649","is_ascension_mode":false,"campfire_choices":[{"data":"bronze:Replicate","floor":1.0,"key":"SMITH"},{"data":"bronze:Fortify","floor":6.0,"key":"SMITH"},{"data":"bronze:Boost","floor":12.0,"key":"SMITH"}],"circlet_count":0,"master_deck":["bronze:Strike","bronze:Strike","bronze:Strike","bronze:Strike","bronze:Defend","bronze:Defend","bronze:Defend","bronze:Defend","bronze:Replicate+1","bronze:Goto","bronze:Fortify+1","bronze:DelayedSlice","bronze:ChosenStrike","bronze:Boost+1","bronze:Repulsor","bronze:FineTuning","bronze:BuggyMess"],"relics":["bronze:BronzeCore","Sundial","Boot"],"acts_visited":["Exordium"],"potions_floor_usage":[16,16],"damage_taken":[{"damage":7.0,"enemies":"Small Slimes","floor":2.0,"turns":3.0},{"damage":1.0,"enemies":"Cultist","floor":3.0,"turns":4.0},{"damage":11.0,"enemies":"Jaw Worm","floor":5.0,"turns":3.0},{"damage":2.0,"enemies":"Large Slime","floor":8.0,"turns":5.0},{"damage":12.0,"enemies":"Exordium Thugs","floor":9.0,"turns":4.0},{"damage":17.0,"enemies":"Lagavulin","floor":10.0,"turns":6.0},{"damage":1.0,"enemies":"Blue Slaver","floor":11.0,"turns":3.0},{"damage":0.0,"enemies":"Large Slime","floor":13.0,"turns":4.0},{"damage":0.0,"enemies":"3 Louse","floor":15.0,"turns":2.0},{"damage":46,"enemies":"SI_SHIV_ARCHETYPE","floor":16,"turns":10}],"seed_played":"-999389214503085359","potions_obtained":[{"floor":2.0,"key":"Explosive Potion"},{"floor":8.0,"key":"Regen Potion"},{"floor":11.0,"key":"champ:CounterPotion"},{"floor":13.0,"key":"Weak Potion"}],"is_trial":false,"path_per_floor":["R","M","M","?","M","R","T","M","M","E","M","R","M","?","M","B"],"character_chosen":"THE_AUTOMATON","items_purchased":[],"campfire_rested":0,"item_purchase_floors":[],"current_hp_per_floor":[77,70,69,69,58,58,58,56,44,27,26,26,26,26,26,0,0],"gold":356,"neow_bonus":"TEN_PERCENT_HP_BONUS","is_daily":false,"chose_seed":false,"campfire_upgraded":3,"win_rate":0.0,"timestamp":1611013609,"path_taken":["R","M","M","?","M","R","T","?","M","E","M","R","M","?","M","BOSS"],"items_purchased_type":[],"build_version":"2020-12-22","purchased_purges":0,"victory":false,"max_hp_per_floor":[77,77,77,77,77,77,77,77,77,77,77,77,77,77,77,77,77],"relic_stats":{"counters":[10,44],"Sundial":[8],"Boot":[15],"obtain_stats":[{"bronze:BronzeCore":0,"Sundial":7,"Boot":10},{"bronze:BronzeCore":0,"Sundial":3,"Boot":6},{"bronze:BronzeCore":0,"Sundial":10,"Boot":25}]},"card_choices":[{"not_picked":["bronze:Return","bronze:WildBeam"],"picked":"bronze:Fortify","floor":2.0},{"not_picked":["bronze:ForceShield","bronze:CutThrough"],"picked":"bronze:DelayedSlice","floor":3.0},{"not_picked":["bronze:CutThrough","bronze:Iterate"],"picked":"bronze:ChosenStrike","floor":5.0},{"not_picked":["bronze:OilSpill","bronze:Backtrace","bronze:Invalidate"],"picked":"SKIP","floor":8.0},{"not_picked":["bronze:Invalidate","bronze:BitShift"],"picked":"bronze:Boost","floor":9.0},{"not_picked":["bronze:Allocate","bronze:Philosophize","bronze:WildBeam"],"picked":"SKIP","floor":10.0},{"not_picked":["bronze:WildBeam","bronze:DigitalCarnage"],"picked":"bronze:Repulsor","floor":11.0},{"not_picked":["bronze:ChosenStrike","bronze:ThunderWave"],"picked":"bronze:FineTuning","floor":13.0},{"not_picked":["bronze:DelayedSlice","bronze:Invalidate"],"picked":"bronze:BuggyMess","floor":15.0}],"player_experience":320671,"relics_obtained":[{"floor":7.0,"key":"Sundial"},{"floor":10.0,"key":"Boot"}],"event_choices":[],"is_beta":false,"boss_relics":[],"items_purged_floors":[],"is_endless":false,"potions_floor_spawned":[2,8,11,13],"killed_by":"SI_SHIV_ARCHETYPE","ascension_level":0}}