{"host":"9n6i2vl93jt4o42q","time":1611011492,"event":{"mods":["BaseMod","Minty Spire (QoL Compilation)","Relic Stats"],"gold_per_floor":[112,131,149,17,36,67,67,67,67,99,99,130,130,143,143,216,216,234,234,234,250,250,283,16,16,16,26,59,59,87,106,106,178,178,188,58,70,0,15,43,43,68,91,91,111,111,125,139,139,139,139,139,139,8,35,35,35],"floor_reached":56,"language":"ENG","playtime":17335,"items_purged":["Strike_R","Strike_R"],"score":1910,"play_id":"c089195b-9418-44a6-a9b4-2403495555b8","local_time":"20210119001132","is_ascension_mode":true,"campfire_choices":[{"data":"Armaments","floor":7.0,"key":"SMITH"},{"data":"Clothesline","floor":11.0,"key":"SMITH"},{"data":"Inflame","floor":15.0,"key":"SMITH"},{"data":"Fiend Fire","floor":25.0,"key":"SMITH"},{"data":"Offering","floor":29.0,"key":"SMITH"},{"data":"Feel No Pain","floor":32.0,"key":"SMITH"},{"floor":41,"key":"RECALL"},{"data":"Exhume","floor":46,"key":"SMITH"},{"data":"Dark Embrace","floor":49,"key":"SMITH"},{"data":"Battle Trance","floor":53,"key":"SMITH"}],"circlet_count":0,"master_deck":["AscendersBane","Strike_R","Strike_R","Strike_R","Defend_R","Defend_R","Defend_R","Defend_R","Bash","Pommel Strike","Flame Barrier","Clothesline+1","Armaments+1","Battle Trance+1","Fiend Fire+1","Inflame+1","Offering+1","Power Through","Seeing Red","True Grit","Carnage+1","Feel No Pain+1","Exhume+1","Whirlwind+1","Intimidate","Dark Embrace+1","Second Wind+1"],"relics":["Burning Blood","Incense Burner","Charon\u0027s Ashes","Lizard Tail","Letter Opener","Sundial","Anchor","Runic Dome","Pocketwatch","Lantern","Eternal Feather","The Courier","Nunchaku","Cursed Key","Omamori","Toy Ornithopter","Torii","White Beast Statue"],"acts_visited":["Exordium","TheCity","TheBeyond","TheEnding"],"potions_floor_usage":[50,56],"damage_taken":[{"damage":7.0,"enemies":"Cultist","floor":1.0,"turns":4.0},{"damage":8.0,"enemies":"Jaw Worm","floor":2.0,"turns":4.0},{"damage":10.0,"enemies":"Small Slimes","floor":3.0,"turns":3.0},{"damage":2.0,"enemies":"3 Louse","floor":5.0,"turns":5.0},{"damage":23.0,"enemies":"3 Sentries","floor":6.0,"turns":12.0},{"damage":19.0,"enemies":"Gremlin Nob","floor":10.0,"turns":4.0},{"damage":8.0,"enemies":"3 Sentries","floor":12.0,"turns":5.0},{"damage":6.0,"enemies":"Large Slime","floor":14.0,"turns":5.0},{"damage":20.0,"enemies":"The Guardian","floor":16.0,"turns":10.0},{"damage":1.0,"enemies":"Chosen","floor":18.0,"turns":3.0},{"damage":6.0,"enemies":"Spheric Guardian","floor":21.0,"turns":1.0},{"damage":6.0,"enemies":"Gremlin Leader","floor":23.0,"turns":3.0},{"damage":14.0,"enemies":"Chosen and Byrds","floor":27.0,"turns":5.0},{"damage":3.0,"enemies":"Book of Stabbing","floor":28.0,"turns":3.0},{"damage":9.0,"enemies":"Slavers","floor":30.0,"turns":3.0},{"damage":0.0,"enemies":"Snecko","floor":31.0,"turns":2.0},{"damage":25.0,"enemies":"Collector","floor":33.0,"turns":10.0},{"damage":6.0,"enemies":"Orb Walker","floor":35.0,"turns":2.0},{"damage":47.0,"enemies":"3 Darklings","floor":37.0,"turns":7.0},{"damage":12.0,"enemies":"Spire Growth","floor":39.0,"turns":3.0},{"damage":23,"enemies":"Nemesis","floor":40,"turns":5},{"damage":11,"enemies":"Mind Bloom Boss Battle","floor":42,"turns":5},{"damage":9,"enemies":"Maw","floor":45,"turns":6},{"damage":30,"enemies":"Transient","floor":47,"turns":6},{"damage":7,"enemies":"Jaw Worm Horde","floor":48,"turns":2},{"damage":71,"enemies":"Awakened One","floor":50,"turns":19},{"damage":60,"enemies":"Time Eater","floor":51,"turns":11},{"damage":53,"enemies":"Shield and Spear","floor":55,"turns":6},{"damage":57,"enemies":"The Heart","floor":56,"turns":3}],"seed_played":"-4610163874339919270","potions_obtained":[{"floor":2.0,"key":"SpeedPotion"},{"floor":6.0,"key":"Strength Potion"},{"floor":12.0,"key":"DistilledChaos"},{"floor":16.0,"key":"Explosive Potion"},{"floor":18.0,"key":"SteroidPotion"},{"floor":27.0,"key":"FairyPotion"},{"floor":40,"key":"Strength Potion"},{"floor":48,"key":"FairyPotion"}],"is_trial":false,"path_per_floor":["M","M","M","$","M","E","R","T","T","E","R","E","?","M","R","B",null,"M","?","?","M","?","E","$","R","T","M","E","R","E","M","R","B",null,"M","$","M","$","M","E","R","?","T","?","M","R","M","M","R","B","B",null,"R","$","E","B"],"character_chosen":"IRONCLAD","items_purchased":["Armaments","Lantern","Omamori","Intimidate","DuplicationPotion","LiquidMemories"],"campfire_rested":0,"item_purchase_floors":[4,24,36,38,54,54],"current_hp_per_floor":[67,65,61,61,65,48,48,48,48,35,35,33,33,33,33,19,56,61,61,61,61,61,61,61,61,61,53,56,68,65,68,68,49,63,63,63,22,22,16,20,35,30,30,68,65,68,44,43,58,18,18,56,68,68,21,0,0],"gold":35,"neow_bonus":"ONE_RARE_RELIC","is_daily":false,"chose_seed":false,"campfire_upgraded":9,"win_rate":0.0,"timestamp":1611011492,"path_taken":["M","M","M","?","M","E","R","?","T","E","R","E","?","M","R","BOSS","M","?","?","M","?","E","?","R","T","M","E","R","E","M","R","BOSS","M","?","M","$","M","E","R","?","T","?","?","R","M","M","R","BOSS","BOSS","R","$","E","BOSS"],"items_purchased_type":["Card","Relic","Relic","Card","Potion","Potion"],"build_version":"2020-12-22","purchased_purges":2,"victory":false,"max_hp_per_floor":[68,68,68,68,68,68,68,68,68,68,68,68,68,68,68,68,68,68,68,68,68,68,68,68,68,68,68,68,68,68,68,68,68,68,68,68,68,68,68,68,68,68,68,68,68,68,68,68,68,68,68,68,68,68,68,68,68],"relic_stats":{"Torii":12,"counters":[29,157],"Eternal Feather":57,"Charon\u0027s Ashes":[737],"Letter Opener":[335],"Cursed Key":1,"Burning Blood":165,"Lizard Tail":34,"Nunchaku":[15],"Sundial":[26],"obtain_stats":[{"Lantern":24,"Torii":42,"Eternal Feather":26,"Charon\u0027s Ashes":6,"The Courier":28,"Incense Burner":0,"Omamori":36,"Letter Opener":9,"Cursed Key":34,"Burning Blood":0,"White Beast Statue":55,"Runic Dome":17,"Lizard Tail":8,"Anchor":12,"Nunchaku":30,"Sundial":10,"Toy Ornithopter":40,"Pocketwatch":23},{"Lantern":12,"Torii":22,"Eternal Feather":12,"Charon\u0027s Ashes":5,"The Courier":14,"Incense Burner":0,"Omamori":18,"Letter Opener":5,"Cursed Key":17,"Burning Blood":0,"White Beast Statue":28,"Runic Dome":9,"Lizard Tail":5,"Anchor":7,"Nunchaku":15,"Sundial":6,"Toy Ornithopter":21,"Pocketwatch":12},{"Lantern":59,"Torii":104,"Eternal Feather":59,"Charon\u0027s Ashes":28,"The Courier":67,"Incense Burner":0,"Omamori":84,"Letter Opener":28,"Cursed Key":82,"Burning Blood":0,"White Beast Statue":154,"Runic Dome":52,"Lizard Tail":28,"Anchor":37,"Nunchaku":70,"Sundial":32,"Toy Ornithopter":99,"Pocketwatch":59}],"Toy Ornithopter":10,"Pocketwatch":[90]},"card_choices":[{"not_picked":["Searing Blow","Pummel"],"picked":"Pommel Strike","floor":1.0},{"not_picked":["Shrug It Off","Seeing Red"],"picked":"Flame Barrier","floor":2.0},{"not_picked":["Warcry","True Grit"],"picked":"Clothesline","floor":3.0},{"not_picked":["Spot Weakness","Feel No Pain"],"picked":"Battle Trance","floor":5.0},{"not_picked":["Pummel","Twin Strike"],"picked":"Blood for Blood","floor":6.0},{"not_picked":["Searing Blow","Sword Boomerang","Heavy Blade"],"picked":"SKIP","floor":10.0},{"not_picked":["Seeing Red","Metallicize"],"picked":"Fiend Fire","floor":12.0},{"not_picked":["Metallicize","Twin Strike"],"picked":"Inflame","floor":14.0},{"not_picked":["Corruption","Berserk"],"picked":"Offering","floor":16.0},{"not_picked":["Pommel Strike","Rampage"],"picked":"Power Through","floor":18.0},{"not_picked":["Heavy Blade","Body Slam","Thunderclap"],"picked":"SKIP","floor":21.0},{"not_picked":["Headbutt","Dual Wield"],"picked":"True Grit","floor":23.0},{"not_picked":["Ghostly Armor+1","Rampage"],"picked":"Carnage+1","floor":27.0},{"not_picked":["Thunderclap","Brutality","True Grit"],"picked":"SKIP","floor":28.0},{"not_picked":["True Grit","Dropkick"],"picked":"Feel No Pain","floor":30.0},{"not_picked":["True Grit","Metallicize","Warcry"],"picked":"SKIP","floor":31.0},{"not_picked":["Barricade","Berserk"],"picked":"Exhume","floor":33.0},{"not_picked":["Combust+1","Sword Boomerang+1","Twin Strike"],"picked":"SKIP","floor":35.0},{"not_picked":["Sword Boomerang","Entrench"],"picked":"Whirlwind+1","floor":37.0},{"not_picked":["Twin Strike","Blood for Blood+1","Headbutt"],"picked":"SKIP","floor":39.0},{"not_picked":["Corruption","Battle Trance","Iron Wave"],"picked":"SKIP","floor":40},{"not_picked":["Armaments","Second Wind","Ghostly Armor"],"picked":"SKIP","floor":45},{"not_picked":["Ghostly Armor","Thunderclap","Clothesline"],"picked":"SKIP","floor":47},{"not_picked":["Anger","Rage+1"],"picked":"Dark Embrace","floor":48},{"not_picked":["Body Slam","Warcry+1"],"picked":"Second Wind+1","floor":55}],"player_experience":2121135,"relics_obtained":[{"floor":6.0,"key":"Charon\u0027s Ashes"},{"floor":8.0,"key":"Lizard Tail"},{"floor":9.0,"key":"Letter Opener"},{"floor":10.0,"key":"Sundial"},{"floor":12.0,"key":"Anchor"},{"floor":23.0,"key":"Pocketwatch"},{"floor":26.0,"key":"Eternal Feather"},{"floor":28.0,"key":"The Courier"},{"floor":30.0,"key":"Nunchaku"},{"floor":40,"key":"Toy Ornithopter"},{"floor":42,"key":"Torii"},{"floor":55,"key":"White Beast Statue"}],"event_choices":[{"damage_healed":0.0,"max_hp_gain":0.0,"max_hp_loss":0.0,"gold_gain":0.0,"event_name":"Liars Game","player_choice":"Ignored","floor":13.0,"gold_loss":0.0,"damage_taken":0.0},{"damage_healed":0.0,"max_hp_gain":0.0,"max_hp_loss":0.0,"gold_gain":0.0,"event_name":"The Mausoleum","player_choice":"Ignored","floor":19.0,"gold_loss":0.0,"damage_taken":0.0},{"damage_healed":0.0,"max_hp_gain":0.0,"max_hp_loss":0.0,"gold_gain":0.0,"event_name":"The Library","player_choice":"Read","floor":20.0,"gold_loss":0.0,"damage_taken":0.0,"cards_obtained":["Seeing Red"]},{"damage_healed":0.0,"max_hp_gain":0.0,"max_hp_loss":0.0,"gold_gain":0.0,"event_name":"Vampires","player_choice":"Ignored","floor":22.0,"gold_loss":0.0,"damage_taken":0.0},{"damage_healed":0,"gold_gain":0,"player_choice":"Fight","damage_taken":0,"max_hp_gain":0,"max_hp_loss":0,"event_name":"MindBloom","floor":42,"gold_loss":0},{"cards_removed":["Blood for Blood"],"damage_healed":38,"gold_gain":0,"player_choice":"Offered Uncommon","damage_taken":0,"max_hp_gain":0,"max_hp_loss":0,"event_name":"Bonfire Elementals","floor":44,"gold_loss":0}],"is_beta":false,"boss_relics":[{"not_picked":["Snecko Eye","Runic Pyramid"],"picked":"Runic Dome"},{"not_picked":["Tiny House","Velvet Choker"],"picked":"Cursed Key"}],"items_purged_floors":[4,24],"is_endless":false,"potions_floor_spawned":[2,6,12,16,18,27,30,37,40,45,48,55],"killed_by":"The Heart","ascension_level":20}}