{"host":"fkig9nrckec4xsh0","time":1611011897,"event":{"mods":["BaseMod","Colored Map","Minty Spire (QoL Compilation)","Quick Restart","Replay The Spire","StSLib"],"gold_per_floor":[116,116,136,7,82,107,107,135,160,195,212,212,238,188,188,188,188],"floor_reached":16,"language":"ENG","playtime":530,"items_purged":["Strike_G"],"score":255,"play_id":"d22b6a9b-b0e0-459b-970c-1fbe7386eeab","local_time":"20210118181817","is_ascension_mode":true,"campfire_choices":[{"data":"Night Terror","floor":7,"key":"SMITH"},{"floor":15,"key":"REST"}],"circlet_count":0,"master_deck":["Strike_G","Strike_G","Strike_G","Strike_G","Defend_G","Defend_G","Defend_G","Defend_G","Defend_G","Survivor","Neutralize","Slice","Blade Dance","Cloak And Dagger","Night Terror+1","Caltrops","Backstab","ReplayTheSpireMod:The Works","Outmaneuver"],"relics":["Ring of the Snake","NeowsBlessing","Anchor","Strawberry","InkBottle","Potion Belt","Nunchaku","ReplayTheSpireMod:Ring of Exchange","ReplayTheSpireMod:Ring of Challenge","Replay:Ringing Soul"],"acts_visited":["Exordium"],"potions_floor_usage":[8,13,13,16],"damage_taken":[{"damage":0,"enemies":"Small Slimes","floor":1,"turns":1},{"damage":0,"enemies":"2 Louse","floor":3,"turns":1},{"damage":0,"enemies":"3 Sentries","floor":6,"turns":1},{"damage":20,"enemies":"Gremlin Nob","floor":8,"turns":3},{"damage":25,"enemies":"3 Sentries","floor":10,"turns":10},{"damage":0,"enemies":"Jaw Worm","floor":11,"turns":2},{"damage":0,"enemies":"Lagavulin","floor":13,"turns":6},{"damage":40,"enemies":"Hexaghost","floor":16,"turns":9}],"seed_played":"-5553988740852209017","potions_obtained":[{"floor":3,"key":"Strength Potion"},{"floor":10,"key":"Weak Potion"},{"floor":11,"key":"SpeedPotion"},{"floor":13,"key":"CunningPotion"}],"is_trial":false,"path_per_floor":["M","?","M","$","?","E","R","E","T","E","M","?","E","?","R","B"],"character_chosen":"THE_SILENT","items_purchased":["Cloak And Dagger"],"campfire_rested":1,"item_purchase_floors":[4],"current_hp_per_floor":[63,60,60,60,49,56,56,36,36,11,11,11,14,14,38,0,0],"gold":188,"neow_bonus":"THREE_ENEMY_KILL","is_daily":false,"chose_seed":false,"campfire_upgraded":1,"win_rate":0.0,"timestamp":1611011897,"path_taken":["M","?","M","$","?","E","R","E","T","E","M","?","E","?","R","BOSS"],"items_purchased_type":["Card"],"build_version":"2020-12-22","purchased_purges":1,"victory":false,"max_hp_per_floor":[70,70,70,70,70,77,77,77,77,77,77,77,80,80,80,80,80],"card_choices":[{"not_picked":["Acrobatics","Masterful Stab"],"picked":"Slice","floor":1},{"not_picked":["Acrobatics","Toxin Wave"],"picked":"Blade Dance","floor":3},{"not_picked":["Masterful Stab","Leg Sweep"],"picked":"Night Terror","floor":6},{"not_picked":["Flechettes","Flying Knee"],"picked":"Caltrops","floor":8},{"not_picked":["Quick Slash","Acrobatics"],"picked":"Backstab","floor":10},{"not_picked":["Deflect","Acrobatics"],"picked":"ReplayTheSpireMod:The Works","floor":11},{"not_picked":["Dagger Spray","ReplayTheSpireMod:Tripwire"],"picked":"Outmaneuver","floor":13}],"player_experience":359734,"relics_obtained":[{"floor":6,"key":"Strawberry"},{"floor":8,"key":"InkBottle"},{"floor":9,"key":"Potion Belt"},{"floor":10,"key":"Nunchaku"},{"floor":12,"key":"ReplayTheSpireMod:Ring of Exchange"},{"floor":12,"key":"ReplayTheSpireMod:Ring of Challenge"},{"floor":13,"key":"Replay:Ringing Soul"}],"event_choices":[{"damage_healed":0,"gold_gain":0,"player_choice":"Success","damage_taken":3,"relics_obtained":["Anchor"],"max_hp_gain":0,"max_hp_loss":0,"event_name":"Scrap Ooze","floor":2,"gold_loss":0},{"damage_healed":0,"gold_gain":75,"player_choice":"Gather Gold","damage_taken":11,"max_hp_gain":0,"max_hp_loss":0,"event_name":"World of Goop","floor":5,"gold_loss":0},{"cards_removed":["Sickly"],"damage_healed":0,"gold_gain":0,"player_choice":"Card Removal","damage_taken":0,"max_hp_gain":0,"max_hp_loss":0,"event_name":"The Cleric","floor":14,"gold_loss":50}],"is_beta":false,"boss_relics":[],"items_purged_floors":[4],"is_endless":false,"potions_floor_spawned":[3,10,11,13],"killed_by":"Hexaghost","ascension_level":9}}