{"host":"ysalv62a05e493y4","time":1611005559,"event":{"mods":["AchievementEnabler","BaseMod","BetterRewards","Colored Map","Colored Powertips","Downfall","Faster Ascension Climbing","Lobotomy","Minty Spire (QoL Compilation)","Quick Restart","StSLib"],"gold_per_floor":[99,99,99,99,21,21,21,40,25,38,38,38,70,98,113,210,210,210,210,210,220,240,240,315,315,350,362,362,378,378,453,464,464,464,464],"floor_reached":33,"language":"ENG","playtime":2018,"items_purged":[],"score":336,"play_id":"42b526ea-effd-43e2-bcc9-137235ad268b","local_time":"20210118223239","is_ascension_mode":false,"campfire_choices":[{"data":"Guardian:CurlUp","floor":1,"key":"SMITH"},{"data":"Guardian:SentryBeam","floor":18,"key":"SMITH"},{"floor":23,"key":"REST"},{"data":"Guardian:StasisField","floor":25,"key":"SMITH"},{"data":"Guardian:ChargeCore","floor":28,"key":"SMITH"}],"circlet_count":0,"master_deck":["Guardian:Strike_Guardian","Guardian:Strike_Guardian","Guardian:Strike_Guardian+1","Guardian:Strike_Guardian","Guardian:Defend_Guardian","Guardian:Defend_Guardian+1","Guardian:Defend_Guardian","Guardian:Defend_Guardian","Guardian:CurlUp+1","Guardian:TwinSlam+1","Guardian:CrystalBeam","Guardian:SentryBeam+1","downfall:Malfunctioning","Guardian:EvasiveProtocol","Guardian:StasisField+1","Guardian:PrimingBeam","Regret","Guardian:ChargeCore+1","Guardian:RollAttack","Guardian:ShieldCharger","Guardian:SphericShield","Guardian:PiercingHide","Pain","Guardian:ArmoredProtocol+1","Guardian:SpikerProtocol","Guardian:SentryBeam","Guardian:Emergency","Guardian:BronzeArmor","Pride","Guardian:FloatingOrbs"],"relics":["Guardian:ModeShifter","downfall:HeartsMalice","Bottled Flame","FossilizedHelix","Ornamental Fan","Odd Mushroom","bronze:MakeshiftBattery","Dream Catcher","Mercury Hourglass","Calipers","Regal Pillow"],"acts_visited":["Exordium","TheCity"],"potions_floor_usage":[16,16,16,16,16,16,21,26,33,33],"damage_taken":[{"damage":0,"enemies":"Small Slimes","floor":2,"turns":1},{"damage":0,"enemies":"Jaw Worm","floor":4,"turns":1},{"damage":0,"enemies":"downfall:FleeingMerchant","floor":5,"turns":1},{"damage":0,"enemies":"2 Louse","floor":8,"turns":3},{"damage":0,"enemies":"downfall:FleeingMerchant","floor":9,"turns":4},{"damage":4,"enemies":"Blue Slaver","floor":10,"turns":4},{"damage":14,"enemies":"3 Sentries","floor":13,"turns":11},{"damage":14,"enemies":"The Mushroom Lair","floor":14,"turns":5},{"damage":6,"enemies":"Lots of Slimes","floor":15,"turns":4},{"damage":0,"enemies":"IC_STATUS_ARCHETYPE","floor":16,"turns":7},{"damage":0,"enemies":"Chosen","floor":19,"turns":1},{"damage":9,"enemies":"Chosen and Byrds","floor":21,"turns":9},{"damage":22,"enemies":"Centurion and Healer","floor":22,"turns":9},{"damage":11,"enemies":"Book of Stabbing","floor":26,"turns":5},{"damage":8,"enemies":"Snake Plant","floor":27,"turns":4},{"damage":1,"enemies":"Snecko","floor":29,"turns":3},{"damage":26,"enemies":"Centurion and Healer","floor":32,"turns":10},{"damage":59,"enemies":"SI_MIRROR_ARCHETYPE","floor":33,"turns":24}],"seed_played":"6471118365535662575","potions_obtained":[{"floor":8,"key":"PowerPotion"},{"floor":10,"key":"Strength Potion"},{"floor":13,"key":"Strength Potion"},{"floor":14,"key":"EntropicBrew"},{"floor":16,"key":"Guardian:AcceleratePotion"},{"floor":21,"key":"DistilledChaos"},{"floor":29,"key":"Guardian:BlockOnCardUsePotion"},{"floor":31,"key":"downfall:CursedFountainPotion"}],"is_trial":false,"path_per_floor":["R","M","?","M","$","?","T","M","$","M","?","?","E","?","M","B",null,"R","M","?","M","M","R","T","R","E","M","R","M","?","?","M","B"],"character_chosen":"GUARDIAN","items_purchased":["Guardian:SentryBeam"],"campfire_rested":1,"item_purchase_floors":[5],"current_hp_per_floor":[80,80,80,80,80,80,80,80,80,76,76,76,62,48,42,57,80,80,80,80,71,49,73,73,73,62,54,54,53,53,80,54,0,0,0],"gold":464,"neow_bonus":"THREE_ENEMY_KILL","is_daily":false,"chose_seed":false,"campfire_upgraded":4,"win_rate":0.0,"timestamp":1611005559,"path_taken":["R","M","?","M","$","?","T","M","?","?","?","?","E","?","M","BOSS","R","M","?","M","M","R","T","R","E","M","R","?","?","?","M","BOSS"],"items_purchased_type":["Card"],"build_version":"2020-12-22","purchased_purges":0,"victory":false,"max_hp_per_floor":[80,80,80,80,80,80,80,80,80,80,80,80,80,80,80,80,80,80,80,80,80,80,80,80,80,80,80,80,80,80,80,80,80,80,80],"card_choices":[{"not_picked":["Guardian:Gem_Cyan","Guardian:TemporalStrike"],"picked":"Guardian:Repulse","floor":2},{"not_picked":["Guardian:PolyBeam","Guardian:Gem_Yellow"],"picked":"Guardian:CrystalBeam","floor":4},{"not_picked":["Guardian:Reroute","Guardian:PrismaticBeam"],"picked":"Guardian:Gem_Lightblue","floor":5},{"not_picked":["Guardian:GuardianWhirl","Guardian:Recover"],"picked":"Guardian:EvasiveProtocol","floor":8},{"not_picked":["Guardian:Gem_White","Guardian:Gem_Cyan"],"picked":"Guardian:StasisField","floor":9},{"not_picked":["Guardian:Preprogram","Guardian:Clone"],"picked":"Guardian:PrimingBeam","floor":10},{"not_picked":["Guardian:Gem_Synthetic","Guardian:Planning"],"picked":"Guardian:ChargeCore","floor":13},{"not_picked":["Guardian:CrystalBeam","Guardian:ChargeCore"],"picked":"Guardian:RollAttack","floor":14},{"not_picked":["Guardian:PrismaticBarrier","Guardian:Recover"],"picked":"Guardian:ShieldCharger","floor":15},{"not_picked":["Guardian:AncientConstruct","Guardian:StasisField"],"picked":"Guardian:SphericShield","floor":16},{"not_picked":["Guardian:PrismaticBeam","Guardian:PrimingBeam"],"picked":"Guardian:PiercingHide","floor":19},{"not_picked":["Guardian:ShieldCharger","Guardian:Gem_Cyan"],"picked":"Guardian:ArmoredProtocol+1","floor":21},{"not_picked":["Guardian:VentSteam","Guardian:PrimingBeam+1"],"picked":"Guardian:SpikerProtocol","floor":22},{"not_picked":["Guardian:Gem_Cyan","Guardian:SphericShield"],"picked":"Guardian:SentryBeam","floor":23},{"not_picked":["Guardian:Gem_Cyan","Guardian:Gem_White"],"picked":"Guardian:Emergency","floor":26},{"not_picked":["Guardian:Recover","Guardian:TimeCapacitor+1"],"picked":"Guardian:Gem_Crimson","floor":27},{"not_picked":["Guardian:PiercingHide+1","Guardian:TimeCapacitor"],"picked":"Guardian:BronzeArmor","floor":29},{"not_picked":["Guardian:Recover","Guardian:TemporalStrike"],"picked":"Guardian:FloatingOrbs","floor":32}],"player_experience":26887,"relics_obtained":[{"floor":7,"key":"Bottled Flame"},{"floor":13,"key":"Ornamental Fan"},{"floor":14,"key":"Odd Mushroom"},{"floor":24,"key":"Mercury Hourglass"},{"floor":26,"key":"Calipers"}],"event_choices":[{"damage_healed":0,"gold_gain":0,"player_choice":"Box","damage_taken":0,"relics_obtained":["FossilizedHelix"],"max_hp_gain":0,"max_hp_loss":0,"event_name":"Big Fish","floor":11,"gold_loss":0,"cards_obtained":["Regret"]},{"damage_healed":0,"gold_gain":0,"player_choice":"Fought Mushrooms","damage_taken":0,"max_hp_gain":0,"max_hp_loss":0,"event_name":"Mushrooms","floor":14,"gold_loss":0},{"damage_healed":0,"gold_gain":0,"player_choice":"Stole Relic","damage_taken":0,"relics_obtained":["Regal Pillow"],"max_hp_gain":0,"max_hp_loss":0,"event_name":"Addict","floor":30,"gold_loss":0,"cards_obtained":["Pride"]}],"is_beta":false,"boss_relics":[{"not_picked":["Guardian:ModeShifterPlus","SacredBark"],"picked":"bronze:MakeshiftBattery"}],"items_purged_floors":[],"is_endless":false,"potions_floor_spawned":[8,10,13,14,15,16,21,29],"killed_by":"SI_MIRROR_ARCHETYPE","ascension_level":0}}