{"host":"6h0diz2ap0m56grs","time":1611003339,"event":{"mods":["2.2 Compatiblity","BaseMod","Colored Map","Marisa????????","Minty Spire (QoL Compilation)","Quick Restart","Replay The Spire","Shop Mod","StSLib","The Servant 0.9.4"],"gold_per_floor":[114,129,194,194,56,110,169,226,275,275,333,333,393,454,454,589,589,635,635,684,733,791,854,916,973,973,1038,1038,1096,1096,700,700,828,828,858,858],"floor_reached":35,"language":"ENG","playtime":1024,"items_purged":[],"score":965,"play_id":"99d2780d-b157-4aed-ba79-5c2dfd7474e7","local_time":"20210118145539","daily_mods":["SealedDeck","Heirloom","Time Dilation","Flight"],"is_ascension_mode":true,"campfire_choices":[{"data":"Wish","floor":10,"key":"SMITH"},{"data":"SandsOfTime","floor":12,"key":"SMITH"},{"data":"Tantrum","floor":15,"key":"SMITH"},{"data":"SandsOfTime","floor":28,"key":"SMITH"},{"data":"Meditate","floor":30,"key":"SMITH"},{"data":"Wallop","floor":32,"key":"SMITH"}],"circlet_count":0,"master_deck":["EmptyFist","EmptyBody","CrushJoints","EmptyFist","Conclude","Wallop+1","Meditate+1","Protect","SandsOfTime+1","Swivel","Tantrum+1","Wish+1","Protect","ReachHeaven","Protect","DevaForm","Sickly","FollowUp","CarveReality+1","SandsOfTime+1","WheelKick","Establishment"],"relics":["Snecko Eye","Ring of Chaos","replay:Trail_Library","Thread and Needle","ReplayTheSpireMod:Shallot","Pet Ghost","Replay:Accelerometer","Bottled Lightning","Letter Opener","Coffee Dripper","Red Mask","PreservedInsect","Blue Doll","BranchBurnRelic","MerchantsRug","Matryoshka","Replay:Rubber Ducky","Replay:Bronze Core"],"acts_visited":["Exordium","TheCity","TheBeyond"],"potions_floor_usage":[20,24],"damage_taken":[{"damage":0,"enemies":"Small Slimes","floor":1,"turns":1},{"damage":0,"enemies":"Cultist","floor":2,"turns":1},{"damage":0,"enemies":"3 Sentries","floor":6,"turns":3},{"damage":0,"enemies":"Gremlin Nob","floor":7,"turns":2},{"damage":0,"enemies":"3 Sentries","floor":8,"turns":2},{"damage":0,"enemies":"Gremlin Nob","floor":11,"turns":3},{"damage":0,"enemies":"Lagavulin","floor":13,"turns":2},{"damage":0,"enemies":"3 Sentries","floor":14,"turns":2},{"damage":0,"enemies":"The Guardian","floor":16,"turns":3},{"damage":0,"enemies":"3 Byrds","floor":18,"turns":3},{"damage":0,"enemies":"Chosen","floor":20,"turns":2},{"damage":0,"enemies":"Centurion and Healer","floor":21,"turns":2},{"damage":0,"enemies":"Masked Bandits","floor":22,"turns":3},{"damage":0,"enemies":"Gremlin Leader","floor":23,"turns":3},{"damage":0,"enemies":"Slavers","floor":24,"turns":2},{"damage":0,"enemies":"Replay:Snechameleon","floor":25,"turns":3},{"damage":0,"enemies":"Book of Stabbing","floor":27,"turns":3},{"damage":0,"enemies":"Slavers","floor":29,"turns":3},{"damage":0,"enemies":"Champ","floor":33,"turns":2},{"damage":0,"enemies":"3 Darklings","floor":35,"turns":2}],"seed_played":"-4479610785629800369","potions_obtained":[{"floor":2,"key":"BlessingOfTheForge"},{"floor":6,"key":"Adrenaline Potion"},{"floor":8,"key":"LiquidBronze"},{"floor":13,"key":"SneckoOil"},{"floor":14,"key":"BlessingOfTheForge"},{"floor":18,"key":"Block Potion"},{"floor":22,"key":"FearPotion"},{"floor":27,"key":"FearPotion"},{"floor":33,"key":"Fire Potion"}],"is_trial":true,"path_per_floor":["M","M","?","?","$","E","E","E","T","R","E","R","E","E","R","B",null,"M","?","M","M","?","E","E","E","T","E","R","E","R","$","R","B",null,"M"],"character_chosen":"WATCHER","items_purchased":["Wish","MerchantsRug","Matryoshka","Replay:Rubber Ducky"],"campfire_rested":0,"item_purchase_floors":[5,31,31,31],"current_hp_per_floor":[72,72,72,77,77,77,77,77,77,77,77,77,77,77,77,77,77,77,77,77,77,77,77,77,77,84,84,84,84,84,84,84,84,84,84,84],"gold":858,"neow_bonus":"","is_daily":false,"chose_seed":false,"campfire_upgraded":6,"win_rate":0.0,"timestamp":1611003339,"path_taken":["M","M","?","?","$","E","E","E","T","R","E","R","E","E","R","BOSS","M","?","?","?","?","E","E","E","T","E","R","E","R","$","R","BOSS","M"],"items_purchased_type":["Card","Relic","Relic","Relic"],"build_version":"2020-12-22","purchased_purges":0,"victory":false,"max_hp_per_floor":[72,72,72,77,77,77,77,77,77,77,77,77,77,77,77,77,77,77,77,77,77,77,77,77,77,84,84,84,84,84,84,84,84,84,84,84],"card_choices":[{"not_picked":["Replay:ManipulateFuture","Indignation"],"picked":"Tantrum","floor":1},{"not_picked":["DeceiveReality","CrushJoints","SignatureMove"],"picked":"SKIP","floor":2},{"not_picked":["ThirdEye","Evaluate"],"picked":"Protect","floor":6},{"not_picked":["Protect","Replay:AtTheReady"],"picked":"ReachHeaven","floor":7},{"not_picked":["Sanctity","Replay:Cycle","JustLucky"],"picked":"SKIP","floor":8},{"not_picked":["Replay:AtTheReady","Indignation","Nirvana"],"picked":"SKIP","floor":11},{"not_picked":["CrushJoints","LikeWater","Crescendo"],"picked":"SKIP","floor":13},{"not_picked":["Meditate","JustLucky","Replay:Vibes"],"picked":"SKIP","floor":14},{"not_picked":["Ragnarok","SpiritShield"],"picked":"DevaForm","floor":16},{"not_picked":["Pray","SandsOfTime+1","TalkToTheHand"],"picked":"SKIP","floor":18},{"not_picked":["Prostrate","ClearTheMind"],"picked":"FollowUp","floor":20},{"not_picked":["Sanctity+1","CutThroughFate","Collect"],"picked":"SKIP","floor":21},{"not_picked":["Prostrate","Ragnarok"],"picked":"CarveReality+1","floor":23},{"not_picked":["InnerPeace","SashWhip","Indignation"],"picked":"SKIP","floor":24},{"not_picked":["EmptyBody+1","Vengeance","EmptyMind"],"picked":"SKIP","floor":25},{"not_picked":["Protect","FollowUp","ForeignInfluence+1"],"picked":"SKIP","floor":27},{"not_picked":["CutThroughFate","PathToVictory"],"picked":"WheelKick","floor":29},{"not_picked":["Brilliance","Replay:LoomingThreat"],"picked":"Establishment","floor":33}],"player_experience":210068,"relics_obtained":[{"floor":6,"key":"ReplayTheSpireMod:Shallot"},{"floor":7,"key":"Pet Ghost"},{"floor":8,"key":"Replay:Accelerometer"},{"floor":9,"key":"Potion Belt"},{"floor":11,"key":"Bottled Lightning"},{"floor":13,"key":"Letter Opener"},{"floor":14,"key":"Regal Pillow"},{"floor":22,"key":"Red Mask"},{"floor":23,"key":"Replay:Baseball"},{"floor":24,"key":"PreservedInsect"},{"floor":25,"key":"Dead Branch"},{"floor":26,"key":"Strawberry"},{"floor":27,"key":"Blue Doll"},{"floor":29,"key":"Gremlin Food"}],"event_choices":[{"damage_healed":0,"gold_gain":65,"player_choice":"Gained Gold","damage_taken":0,"max_hp_gain":0,"max_hp_loss":0,"event_name":"Golden Wing","floor":3,"gold_loss":0},{"damage_healed":0,"gold_gain":0,"player_choice":"Donut","damage_taken":0,"max_hp_gain":5,"max_hp_loss":0,"event_name":"Big Fish","floor":4,"gold_loss":0},{"damage_healed":0,"gold_gain":0,"player_choice":"1 cards matched","damage_taken":0,"max_hp_gain":0,"max_hp_loss":0,"event_name":"Match and Keep!","floor":19,"gold_loss":0,"cards_obtained":["Sickly"]},{"damage_healed":0,"gold_gain":0,"player_choice":"Fought Bandits","damage_taken":0,"max_hp_gain":0,"max_hp_loss":0,"event_name":"Masked Bandits","floor":22,"gold_loss":0}],"is_beta":false,"boss_relics":[{"not_picked":["Honey Jar","SlaversCollar"],"picked":"Coffee Dripper"},{"not_picked":["Cursed Key","Velvet Choker"],"picked":"Replay:Bronze Core"}],"items_purged_floors":[],"is_endless":false,"potions_floor_spawned":[2,6,8,13,14,18,22,23,27,33],"killed_by":"3 Darklings","ascension_level":1}}