{"host":"qrbkigq52dd42dk0","time":1611007244,"event":{"mods":["AchievementEnabler","BaseMod","Colored Map","Colored Powertips","Minty Spire (QoL Compilation)","Quick Restart","StSLib","SuperFastMode","The IronCluck"],"gold_per_floor":[109,109,109,109,132,173,188,188,212,232,407,440,459,459,459,459,459],"floor_reached":16,"language":"ENG","playtime":301,"items_purged":[],"score":223,"play_id":"1640e98c-0de6-47b3-88f3-a467b2c95b9b","local_time":"20210118230044","is_ascension_mode":true,"campfire_choices":[{"data":"Shrug It Off","floor":8,"key":"SMITH"},{"data":"Dropkick","floor":15,"key":"SMITH"}],"circlet_count":0,"master_deck":["AscendersBane","Strike_R","Strike_R","Strike_R","Strike_R","Strike_R+1","Defend_R","Defend_R","Defend_R","Bash","Ghostly Armor+1","Shrug It Off+1","Doubt","Dropkick+1"],"relics":["Burning Blood","NeowsBlessing","Golden Idol","Centennial Puzzle","PreservedInsect","Potion Belt"],"acts_visited":["Exordium"],"potions_floor_usage":[16],"damage_taken":[{"damage":0,"enemies":"Small Slimes","floor":1,"turns":1},{"damage":0,"enemies":"2 Louse","floor":5,"turns":1},{"damage":0,"enemies":"Gremlin Nob","floor":6,"turns":1},{"damage":4,"enemies":"Jaw Worm","floor":7,"turns":3},{"damage":6,"enemies":"Blue Slaver","floor":10,"turns":6},{"damage":36,"enemies":"Lagavulin","floor":12,"turns":7},{"damage":1,"enemies":"3 Louse","floor":13,"turns":5},{"damage":21,"enemies":"Slime Boss","floor":16,"turns":5}],"seed_played":"8336999508302418557","potions_obtained":[{"floor":10,"key":"SpeedPotion"},{"floor":13,"key":"Block Potion"}],"is_trial":false,"path_per_floor":["M","?","?","?","M","E","M","R","T","M","?","E","M","T","R","B"],"character_chosen":"IRONCLAD","items_purchased":[],"campfire_rested":0,"item_purchase_floors":[],"current_hp_per_floor":[78,78,62,42,48,54,56,56,56,56,56,26,31,31,31,10,10],"gold":459,"neow_bonus":"THREE_ENEMY_KILL","is_daily":false,"chose_seed":false,"campfire_upgraded":2,"win_rate":0.0,"timestamp":1611007244,"path_taken":["M","?","?","?","M","E","?","R","T","M","?","E","M","?","R","BOSS"],"items_purchased_type":[],"build_version":"2020-12-22","purchased_purges":0,"victory":false,"max_hp_per_floor":[80,80,80,80,80,80,80,80,80,80,80,80,80,80,80,80,80],"card_choices":[{"not_picked":["Clothesline","Flex"],"picked":"Ghostly Armor","floor":1},{"not_picked":["True Grit","Sentinel"],"picked":"Shrug It Off","floor":5},{"not_picked":["Dual Wield","Clothesline","Havoc"],"picked":"SKIP","floor":6},{"not_picked":["Sentinel","Armaments","Infernal Blade"],"picked":"SKIP","floor":7},{"not_picked":["Searing Blow","Warcry","Reckless Charge"],"picked":"SKIP","floor":10},{"not_picked":["Corruption","Iron Wave"],"picked":"Dropkick","floor":12},{"not_picked":["Warcry","Sever Soul","Shrug It Off"],"picked":"SKIP","floor":13}],"player_experience":177041,"relics_obtained":[{"floor":6,"key":"Centennial Puzzle"},{"floor":9,"key":"PreservedInsect"},{"floor":12,"key":"Potion Belt"}],"event_choices":[{"cards_removed":["Defend_R"],"damage_healed":0,"gold_gain":0,"player_choice":"Forget","damage_taken":0,"max_hp_gain":0,"max_hp_loss":0,"event_name":"Living Wall","floor":2,"gold_loss":0},{"damage_healed":0,"gold_gain":0,"player_choice":"Entered Light","damage_taken":16,"max_hp_gain":0,"max_hp_loss":0,"event_name":"Shining Light","floor":3,"gold_loss":0,"cards_upgraded":["Ghostly Armor","Strike_R"]},{"damage_healed":0,"gold_gain":0,"player_choice":"Take Damage","damage_taken":20,"relics_obtained":["Golden Idol"],"max_hp_gain":0,"max_hp_loss":0,"event_name":"Golden Idol","floor":4,"gold_loss":0},{"damage_healed":0,"gold_gain":175,"player_choice":"AGREE","damage_taken":0,"max_hp_gain":0,"max_hp_loss":0,"event_name":"Liars Game","floor":11,"gold_loss":0,"cards_obtained":["Doubt"]}],"is_beta":false,"boss_relics":[],"items_purged_floors":[],"is_endless":false,"potions_floor_spawned":[10,13],"killed_by":"Slime Boss","ascension_level":13}}